1731 2713
668 131 1070 170 MOSTELLARIA
1466 128 1534 164 IV.
1554 125 1569 162 i

82 245 190 290 864-5
372 257 419 281 ex
439 242 610 293 pauxillo
670 255 687 274 *
746 242 795 280 de
816 248 963 291 parant.

211 308 306 347 mihi
328 308 366 346 in
388 317 546 359 pectore
567 307 705 346 consili
764 321 781 341 »κ
841 321 859 341 *
920 319 937 339 a<
1000 321 1017 340 >x
1077 307 1219 343 malam
1240 318 1321 343 rem

531 372 636 423 prius
658 385 777 422 quam
799 378 841 409 ut
862 384 1005 409 meum.

317 446 359 476 ut
380 439 510 477 adhuc
532 438 602 476 fuit
625 437 688 483 mi,
712 436 860 474 corium
883 449 967 474 6556
989 443 1154 485 oportet,
1561 448 1600 469 10

373 503 568 541 sincerum
590 511 708 552 atque
730 502 785 540 uti
807 510 939 539 uotem
963 501 1167 539 uerberari.

125 573 195 614 870
266 569 296 607 si
319 570 409 606 hu'1'c
430 568 646 618 imperabo,
667 567 790 617 probe
811 574 957 604 tectum
980 566 1148 611 habebo,

265 637 410 673 malum
433 648 553 684 quom
575 633 728 684 impluit
750 632 898 679 ceteris,
922 646 971 670 ne
992 632 1155 682 impluat
1178 631 1241 669 mi.

372 714 474 746 nam,
498 707 539 737 ut
560 699 660 738 serui
683 700 821 737 uolunt
843 712 928 736 6556
949 711 1069 743 erum,
1094 697 1145 735 ita
1167 699 1275 735 solet.

267 765 362 804 boni
381 773 480 811 sunt,
504 764 707 816 <bonust>;
759 763 913 814 inprobi
935 772 1035 810 sunt,
1060 765 1184 801 malus
1207 764 1258 800 fit.
1562 777 1598 808 ις

321 844 412 869 nam
434 843 539 867 nunc
559 829 668 868 domi
689 830 844 867 nostrae
866 836 922 867 tot
943 828 1114 878 pessumi
1136 829 1286 874 uiuoiit,

128 902 192 946 875
268 896 395 947 peculi
417 895 476 933 sui
497 894 659 945 prodigi,
683 894 919 944 plagigeruli.

429 959 496 998 ubi
516 960 729 997 aduorsum
751 966 793 996 ut
814 966 904 997 eant
925 957 1180 1010 uoc<it>antur
1201 972 1290 996 ero:

484 1028 492 1044 ‘
506 1037 585 1062 non
606 1037 668 1072 eo,
690 1025 868 1062 molestu'
890 1038 939 1062 ne
960 1023 1024 1061 sis.

214 1092 296 1131 scio
316 1093 425 1143 quod
445 1104 628 1142 properas
646 1106 652 1129 :
682 1090 800 1141 gestis
823 1090 956 1140 aliquo
972 1105 981 1137 3
1011 1089 1087 1127 iam
1109 1089 1240 1127 hercle
1261 1087 1314 1126 ire
1335 1087 1404 1135 uis,
1425 1089 1540 1134 mula,

397 1203 408 1211 .
1240 1155 1341 1192 foras
1363 1154 1544 1204 pastum.>

432 1223 533 1260 bene
554 1235 707 1260 merens
728 1222 805 1260 hoc
826 1221 925 1272 preti
948 1220 1040 1259 inde
1061 1220 1213 1270 apstuli.
1273 1219 1353 1257 abii
1374 1221 1485 1258 foras.
1565 1233 1605 1253 20

130 1296 198 1330 880
377 1289 482 1327 solus
504 1301 610 1326 nunc
631 1300 679 1326 eo
700 1288 913 1326 aduorsum
936 1300 1003 1325 ero
1024 1300 1069 1324 ex
1090 1284 1279 1336 plurumis
1301 1284 1433 1323 seruis,

431 1355 508 1391 hoc
528 1353 592 1391 die
613 1351 770 1391 crastini
791 1352 913 1402 quom
935 1365 1021 1390 erus
1043 1350 1251 1398 resciuerit,

378 1431 493 1456 mane
513 1416 718 1466 castigabit
738 1430 806 1455 eos
826 1416 985 1455 bubulis
1005 1415 1166 1454 exuuiis.

215 1491 416 1534 postremo
437 1482 597 1520 minoris
618 1483 751 1533 pendo
773 1490 923 1532 tergum
944 1481 1098 1519 illorum
1121 1494 1240 1530 quam
1261 1494 1393 1519 meum
1412 1495 1418 1518 :

217 1549 271 1588 illi
291 1556 404 1588 erunt
423 1548 626 1586 bucaedae
648 1548 772 1585 multo
792 1546 922 1596 potius
943 1559 1061 1596 quam
1084 1559 1156 1596 ego
1177 1545 1250 1583 sim
1270 1545 1397 1584 restio.
1566 1562 1603 1594 25

261 1656 370 1694 864-6
393 1655 550 1685 lacunam
574 1655 606 1685 in
644 1654 694 1683 ΡΑ
721 1653 771 1694 (cf.
805 1664 855 1685 vv.
884 1653 1005 1692 845-7)
1032 1653 1077 1683 sic
1106 1652 1234 1693 expleas
1257 1651 1324 1681 licet
1345 1652 1436 1690 (864,
1462 1651 1541 1691 865)

217 1710 293 1730 mwx
311 1699 440 1738 grande
456 1699 506 1729 vel
521 1699 736 1729 thensaurum
755 1698 845 1735 inde,
860 1698 955 1738 (866)
971 1696 1182 1727 consiliumst
1198 1696 1230 1725 in
1249 1701 1379 1737 tergum
1398 1695 1543 1725 alienum

216 1742 344 1773 inferre
361 1742 594 1773 velconsilium
610 1743 706 1773 sedet
723 1752 843 1772 cauere
976 1742 1049 1778 864,
1069 1741 1132 1779 865
1158 1739 1272 1778 pauxil
1288 1738 1356 1770 cod.
1375 1738 1464 1776 (-illo
1481 1738 1544 1779 ΒΞ)

218 1787 280 1826 867
305 1786 355 1827 ut]
372 1787 454 1826 fort.
474 1786 507 1816 in
640 1784 705 1815 868
731 1786 780 1815 vel
794 1786 839 1815 sic
852 1784 1017 1825 distingue
1033 1785 1103 1822 fuit,
1124 1784 1168 1813 mi
1185 1793 1233 1814 co.
1383 1783 1448 1821 869
1461 1782 1543 1821 fort.

218 1829 309 1872 (ita)
327 1830 372 1861 uti
393 1830 473 1870 (duo
491 1829 557 1859 cola
575 1828 772 1867 Reiziana):
798 1833 833 1859 ut
854 1828 919 1859 cod.
942 1829 1012 1861 tvix
1032 1829 1174 1858 trimeter
1190 1827 1303 1866 bacch,
1324 1837 1406 1856 nam
1430 1830 1544 1856 uotem

218 1875 337 1912 obstat)
429 1873 610 1904 uerberare
638 1872 703 1903 cod.
734 1874 812 1912 (pro
840 1872 901 1903 -rei
917 1873 941 1911 ἓ)
1105 1873 1170 1910 870
1193 1869 1270 1913 (id)
1298 1870 1326 1901 si
1344 1870 1410 1900 Leo
1498 1869 1549 1900 vel

219 1917 296 1948 huic
314 1917 396 1956 (duo
413 1918 482 1948 cola
499 1917 674 1953 Reizicma)
786 1917 845 1954 871
874 1920 1005 1946 ceteros
1022 1915 1080 1946 rod
1100 1916 1192 1952 (corr.
1206 1913 1270 1955 ΒΞ)
1381 1914 1444 1951 873
1467 1913 1545 1944 boni

218 1966 296 1991 sunt
321 1961 443 1991 bonust
460 1961 588 2001 Bergk:
614 1961 714 1991 bonis
737 1971 809 1991 sum
834 1960 899 1991 cod.
997 1959 1158 1999 improbis
1181 1963 1259 1989 sunt
1284 1959 1373 1996 (sum
1398 1957 1455 1997 B‘)
1478 1957 1544 1988 cod.

220 2005 256 2035 fit
275 2005 455 2036 Grutrrus:
481 2004 539 2035 fuit
563 2004 627 2035 cod.
761 2005 824 2042 876
848 2004 1038 2034 uocitantur
1060 2003 1237 2033 Hermann
1255 2013 1262 2032 2
1293 2005 1458 2032 uocantur
1479 2001 1546 2033 cod.

219 2052 325 2086 (-atu1·
341 2047 402 2088 ΒΧ)
536 2049 598 2087 877
623 2048 672 2078 vel
687 2048 846 2078 molestus
863 2048 973 2087 (troclz.
993 2047 1090 2081 dim.)
1181 2046 1231 2076 vel
1243 2046 1312 2076 sies
1330 2045 1446 2084 [τ’(ινηό,
1464 2045 1544 2076 dim.

219 2093 319 2133 acat.)
408 2092 472 2129 878
496 2091 603 2131 quod]
618 2102 685 2131 quo
698 2091 830 2121 Merula
897 2091 978 2121 esde
997 2090 1074 2120 PCD
1094 2090 1128 2131 (d
1141 2094 1203 2129 pro
1216 2089 1263 2127 cl;
1281 2089 1323 2120 vi.
1347 2090 1378 2127 Ι)
1446 2089 1548 2119 iueris

219 2134 369 2172 Skutsch,
389 2145 471 2165 nam
489 2135 537 2166 ire
553 2138 604 2165 uis
625 2136 680 2173 (ir’
701 2139 753 2165 uis
765 2135 790 2171 2)
807 2137 988 2174 suspectum
1139 2134 1204 2172 879
1226 2133 1314 2172 preti
1332 2133 1408 2163 inde
1425 2133 1547 2163 abstuli

221 2179 285 2209 abii
318 2178 540 2217 Camerarius,
573 2179 764 2217 Hermann,
797 2177 918 2208 Bothe:
959 2177 1110 2217 precium
1143 2177 1234 2207 unde
1264 2176 1445 2207 abstultabi
1480 2176 1544 2207 cod.

221 2224 285 2253 880
298 2223 379 2263 fort.
394 2221 502 2264 (ego)
518 2233 558 2252 eo
573 2246 580 2253 .
601 2246 608 2253 .
629 2245 636 2252 .
658 2225 717 2252 ero
735 2225 828 2260 (vers.
848 2221 1044 2262 Reizz'anus)
1145 2221 1207 2250 881
1234 2220 1267 2250 di
1284 2220 1350 2251 cod.
1370 2220 1463 2262 (corr.
1482 2218 1545 2259 3²)

221 2267 284 2297 882
298 2267 384 2306 fort.
408 2266 652 2304 concastigabit
677 2275 773 2295 mane
799 2275 858 2295 eos
886 2264 915 2296 b.
944 2275 973 2296 e.
1003 2265 1099 2304 (vers.
1130 2263 1326 2305 Reizianus)
1483 2264 1548 2302 883

221 2319 288 2349 pen
307 2319 424 2349 ergum
441 2310 546 2349 spatio
562 2309 764 2340 intercedente
778 2308 843 2339 cod.
862 2308 981 2349 (suppl.
997 2306 1059 2349 ΒΞ)
