1731 2713
691 93 983 133 POENVLVS
1450 96 1496 133 V.
1517 94 1565 133 iv

167 216 248 257 'uos
269 217 378 242 meae
402 203 492 242 estis
512 204 653 242 ambae
674 204 775 243 filiae
796 212 833 243 et
854 204 917 242 hic
938 212 995 243 est
1016 211 1205 255 cognatus
1225 212 1367 252 noster,

177 268 339 307 huiusce
359 269 482 306 fratris
504 269 614 316 filius,
638 271 922 319 Agorastocles.
982 271 1086 307 Ama.
1118 270 1273 317 amabo,

176 347 270 371 num
303 333 341 371 hi
377 335 473 372 falso
504 335 704 373 oblectant
736 334 880 385 gaudio
913 337 1015 373 nos?
1075 337 1149 373 AG.
1182 343 1220 373 at
1256 336 1346 373 med
1378 334 1431 372 ita
1463 334 1501 373 di

1345 407 1501 437 seruent

172 470 214 500 ut
235 462 298 501 hic
318 464 427 514 pater
447 471 505 503 est
525 472 666 503 uoster.
716 466 807 503 date
828 478 978 502 manus.
1038 466 1141 502 Arm.
1165 466 1283 511 salue,
1306 463 1501 514 insperate

1384 529 1499 568 nobis

67 596 156 631 1260
173 602 291 643 pater,
315 594 352 632 te'
373 595 583 645 complecti
604 609 676 634 nos
698 595 790 634 sine.
851 594 982 645 cupite
1002 602 1120 645 atque
1142 602 1363 645 exspectate
1517 606 1562 639 90

173 666 291 708 pater,
314 660 432 698 salue.
495 662 573 698 HA.
606 661 746 699 ambae
767 660 869 699 filiae
891 668 992 698 sunt.
1051 663 1183 698 ANTE.
1215 662 1500 710 amplectamur

1345 726 1496 764 ambae.

173 791 247 828 AG.
271 789 358 840 quis
379 790 442 829 me
457 793 716 841 amplectetur
736 793 905 842 postea?
952 793 1031 829 HA.
1055 805 1162 830 nunc
1182 804 1255 841 ego
1276 804 1363 829 sum
1385 792 1501 828 fortu-

1374 863 1499 899 natus,

174 921 385 958 multorum
406 935 600 960 annorum
622 922 795 960 miserias
817 936 921 959 nunc
943 923 1017 959 hac
1038 922 1242 971 uoluptate
1263 922 1370 959 sedo.

172 987 276 1023 ADE.
310 986 374 1024 uix
412 987 488 1025 hoc
527 987 708 1025 uidemur
737 988 905 1025 credere.
977 989 1056 1024 HA.
1090 986 1203 1036 magi'
1238 986 1305 1036 qui
1335 986 1501 1024 credatis

1357 1051 1497 1089 dicam.

64 1120 152 1166 1265
174 1128 265 1154 nam
278 1124 411 1156 uostra
423 1117 551 1156 nutrix
567 1117 738 1168 primum
753 1131 816 1156 me
832 1117 1029 1167 cognouit.
1063 1119 1168 1155 Ama.
1185 1116 1253 1155 ubi
1269 1130 1324 1163 ea,
1344 1116 1498 1163 amabo,
1522 1126 1562 1160 95

1415 1189 1472 1219 est
1485 1183 1502 1219 ?

173 1248 254 1286 HA.
285 1249 393 1299 apud
413 1249 519 1287 hunc
543 1255 612 1287 est.
671 1250 746 1287 AG.
779 1261 937 1298 quaeso,
962 1247 1029 1298 qui
1049 1247 1158 1286 lubet
1179 1254 1258 1285 tam
1279 1246 1347 1286 diu
1368 1253 1502 1284 tenere

1322 1313 1467 1351 collum
1484 1313 1501 1350 ?

170 1377 309 1417 omitte
329 1379 467 1417 saltem
489 1386 531 1417 tu
552 1379 680 1418 altera.
741 1380 834 1418 nolo
855 1392 928 1429 ego
949 1378 1077 1417 istunc
1098 1377 1242 1417 enicari

169 1442 266 1494 priu’
287 1457 406 1494 quam
427 1451 465 1483 te
486 1443 539 1482 mi
559 1444 825 1495 desponderit.
880 1447 983 1483 ΑΒΕ.
1007 1443 1131 1482 mitto.
1179 1445 1312 1481 ANTE.
1335 1450 1498 1493 sperate,

1381 1510 1499 1547 salue.

173 1575 253 1612 HA.
286 1575 506 1613 condamus
525 1576 622 1614 alter
641 1577 806 1614 alterum
827 1588 918 1625 ergo
936 1574 977 1613 in
998 1587 1161 1613 neruom
1183 1573 1456 1612 bracchialem.

64 1652 153 1688 1270
171 1638 305 1689 quibu'
326 1653 432 1678 nunc
452 1639 492 1678 in
512 1647 612 1679 terra
632 1640 774 1679 melius.
791 1642 878 1679 est?
913 1642 986 1678 AG.
1012 1639 1202 1678 eueniunt
1221 1638 1340 1689 digna
1359 1638 1498 1689 dignis.
1522 1651 1585 1675 100

172 1705 251 1742 HA.
275 1706 436 1744 tandem
457 1705 550 1743 huic
570 1704 746 1756 cupitum
767 1704 941 1755 contigit.
1000 1706 1075 1743 AG.
1099 1717 1122 1742 0
1143 1705 1295 1754 Apelle,
1317 1717 1341 1743 o
1360 1704 1500 1743 Zeuxis

1361 1777 1497 1820 p1ctor‚

216 1878 298 1915 1258
321 1877 492 1909 obiectant
519 1877 553 1908 P
638 1878 688 1909 vel
708 1889 760 1909 me
781 1878 840 1918 (ita
862 1876 969 1917 codd.)
1094 1875 1139 1906 ita
1162 1885 1214 1905 me
1235 1873 1367 1914 Geppen
1382 1874 1499 1912 (usita-

168 1922 222 1950 tus
246 1920 339 1960 ordo)
451 1923 533 1952 1260
549 1921 599 1963 te]
618 1933 636 1952 e
653 1922 687 1952 P
790 1922 868 1952 1261
895 1931 1011 1952 sumus
1028 1919 1102 1951 Ital.
1122 1918 1170 1959 (A
1188 1929 1220 1950 n.
1240 1918 1290 1956 L),
1310 1918 1331 1948 i.
1344 1927 1368 1948 e.
1387 1917 1494 1948 ANTE.

167 1973 196 1993 a.
217 1963 236 1994 f.
256 1974 384 2006 sumus,
400 1975 426 1996 a.
450 1976 478 1996 a.
617 1968 699 2005 1263
723 1967 826 1997 sedeo
852 1965 886 1995 P
1019 1965 1101 2002 1264
1125 1963 1300 1993 uideamur
1323 1960 1356 1991 P
1451 1961 1502 1992 vel

167 2016 266 2046 mage
423 2011 504 2048 1265
529 2010 636 2049 prima
659 2009 799 2049 Bentley,
833 2019 914 2039 nam
953 2008 1116 2049 spondeus
1150 2010 1237 2042 (-um
1273 2005 1341 2045 me)
1369 2005 1401 2035 z'n
1427 2005 1500 2044 fine

165 2049 358 2082 hemistichii
379 2052 521 2094 displicet
621 2054 676 2095 ea]
705 2064 723 2084 e
749 2053 782 2083 P
925 2054 1008 2083 1266
1032 2062 1121 2082 nunc
1149 2050 1182 2080 P
1288 2053 1338 2079 est
1363 2059 1428 2080 om.
1461 2048 1495 2078 A

170 2096 264 2133 1267,
294 2096 376 2125 1268
399 2096 510 2127 ordine
532 2097 656 2128 inverso
680 2097 713 2127 P
846 2098 926 2136 1267
952 2096 1036 2127 salte
1064 2097 1097 2136 (i.
1109 2106 1132 2126 e.
1158 2094 1292 2134 saltem)
1317 2096 1354 2122 ut
1376 2092 1438 2123 vid.
1466 2092 1500 2123 P

169 2138 326 2173 (salutem
356 2139 392 2177 T,
418 2141 526 2171 salute
542 2140 583 2178 Β,
607 2141 693 2171 salte
712 2140 803 2180 PCD)
896 2141 1007 2171 istunc
1031 2139 1166 2180 scripsi:
1200 2138 1286 2168 istuc
1309 2136 1348 2174 P,
1370 2136 1403 2166 A
1422 2147 1453 2166 n.
1472 2137 1493 2167 l.

167 2181 292 2212 enicari
310 2182 378 2222 (T)
395 2184 446 2214 vel
459 2184 587 2214 enicam
607 2184 712 2222 (PBG)
726 2184 775 2214 P:
803 2184 944 2223 (enicas)
962 2183 1048 2219 mse3
1061 2183 1094 2213 A
1187 2181 1264 2212 nolo
1282 2191 1347 2220 ego
1364 2180 1496 2210 istuc—

165 2223 300 2267 (Ana.)
312 2227 425 2258 enicas
441 2237 504 2258 me.
522 2226 633 2270 (Aa.)
651 2228 746 2259 Prius
764 2233 825 2259 etc.
846 2227 951 2267 Goetz,
967 2226 1096 2258 Schoell
1227 2226 1310 2256 1268
1332 2224 1449 2255 omitto
1466 2222 1499 2253 P

168 2268 241 2302 (Sed
264 2270 485 2309 despenderit
506 2271 553 2311 Β)
580 2270 607 2312 (ἲ
618 2282 649 2303 ν.
674 2272 709 2310 3)
819 2271 869 2302 vel
888 2270 975 2302 Amz.
1003 2270 1120 2302 mitto?
1151 2279 1201 2310 sp.
1228 2279 1274 2300 sa.
1414 2276 1494 2307 1271

167 2312 333 2351 contingit
349 2313 382 2343 A
