1731 2713
109 1198 150 1223 10

108 1520 146 1558 15

103 1917 148 1942 20

625 249 1051 297 PROLOGVS

393 344 562 395 Exporgi
584 344 739 383 meliust
761 345 918 382 lumbos
939 351 1057 393 atque
1078 343 1294 393 exsurgier:

393 410 571 448 Plautina
594 411 709 459 longa
730 409 860 447 fabula
883 409 921 446 in
943 422 1125 447 scaenam
1147 408 1266 446 uenit.

683 548 917 596 ACTVS
972 549 989 594 Ι

452 645 776 681 PSEVDoLvs
888 642 1217 681 CAL1Dons
1520 642 1587 680 Li

227 727 289 764 Ps.
322 725 362 764 Si
383 739 428 764 ex
449 733 487 764 te
508 733 661 763 tacente
683 724 764 763 fieri
785 737 942 775 possem
965 723 1115 770 certior,

226 804 300 838 ere,
324 804 424 841 quae
445 789 622 829 miseriae
644 798 681 828 te
702 798 781 828 tam
804 789 943 828 misere
965 796 1174 836 macerant,

225 857 394 895 duorum
416 855 538 894 labori
560 868 633 906 ego
654 855 861 893 hominum
883 854 1090 905 parsissem
1112 854 1264 901 lubens,

225 922 301 961 mei
324 921 360 961 te
382 920 543 972 rogandi
565 928 602 959 et
623 920 670 959 tis
692 919 959 971 respondendi
982 920 1076 958 mihi
1095 934 1105 967 3

225 1000 330 1026 nunc
350 986 537 1036 quoniam
559 985 598 1024 id
622 985 704 1024 fieri
725 998 805 1023 non
827 992 966 1035 potest,
991 984 1202 1023 necessitas
1520 1001 1537 1032 5

224 1065 286 1092 me
307 1051 449 1102 subigit
471 1058 511 1089 ut
533 1058 570 1089 te
591 1050 766 1101 rogitem.
827 1051 1022 1099 responde
1044 1049 1163 1087 mihi:

222 1117 316 1168 quid
337 1124 395 1156 est
415 1117 524 1167 quod
546 1124 586 1155 tu
608 1115 852 1154 exanimatus
874 1115 951 1153 iam
973 1116 1044 1153 hos
1067 1116 1211 1153 multos
1232 1114 1316 1154 dies

221 1190 348 1234 gestas
370 1183 531 1221 tabellas
553 1189 695 1228 tecum,
719 1194 784 1219 eas
805 1180 987 1218 lacrumis
1008 1179 1105 1218 lauis

220 1261 293 1287 nec
314 1247 369 1286 tui
390 1246 620 1297 participem
642 1245 782 1285 consili
804 1258 1045 1296 quemquam
1066 1244 1194 1284 facis?

218 1316 412 1364 eloquere,
436 1321 478 1351 ut
498 1313 607 1363 quod
627 1325 700 1362 ego
721 1311 856 1350 nescio
877 1311 916 1349 id
937 1318 1067 1350 tecum
1089 1310 1223 1349 sciam.
1516 1327 1556 1350 10

221 1380 335 1419 CALI.
369 1378 508 1417 misere
529 1377 645 1416 miser
665 1390 767 1425 sum,
790 1377 995 1415 Pseudole.
1056 1378 1119 1414 ΡΞ.
1151 1376 1191 1415 id
1213 1384 1251 1414 te
1273 1375 1450 1427 Iuppiter

221 1443 457 1494 prohibessit
475 1446 481 1481 1
539 1443 653 1482 CALI.
686 1442 784 1481 nihil
806 1443 881 1482 hoc
904 1441 1012 1480 Iouis
1033 1442 1083 1480 ad
1105 1441 1294 1480 iudicium
1316 1441 1478 1480 attinet:

221 1511 294 1548 sub
314 1508 479 1547 Veneris
500 1521 620 1558 regno
641 1509 797 1558 uapulo‚
821 1521 902 1546 non
924 1508 997 1546 sub
1019 1507 1138 1545 Iouis.

222 1577 283 1613 Ps.
316 1574 406 1613 licet
427 1588 490 1613 me
511 1574 551 1613 id
572 1573 669 1612 scire
690 1573 786 1624 quid
808 1573 885 1612 sit?
925 1586 1015 1611 nam
1038 1580 1079 1611 tu
1101 1586 1164 1611 me
1184 1572 1372 1612 antidhac

220 1653 447 1691 supremum
470 1639 641 1678 habuisti
663 1639 849 1678 comitem
872 1637 1044 1677 consiliis
1066 1637 1152 1676 tuis.
1521 1655 1555 1686 15

220 1707 334 1746 CALI.
368 1705 473 1745 idem
494 1705 649 1744 animus
671 1718 776 1743 nunc
797 1712 866 1743 est.
945 1706 1006 1743 Ps.
1039 1705 1124 1743 face
1146 1717 1208 1742 me
1229 1710 1379 1745 certum
1400 1702 1497 1752 quid

316 1779 319 1780 ⁷
1363 1768 1472 1808 tibist
1488 1783 1497 1815 ;

220 1837 366 1876 iuuabo
385 1844 452 1875 aut
473 1835 576 1889 re<d>
595 1844 661 1875 aut
682 1849 802 1887 opera
821 1842 888 1874 aut
909 1834 1074 1874 consilio
1094 1835 1215 1873 bono.

220 1904 335 1943 CALI.
367 1916 464 1953 cape
484 1898 554 1941 has
576 1903 749 1949 tabellas,
773 1909 855 1940 tute
876 1900 968 1939 hinc
989 1907 1143 1939 narrato
1164 1899 1235 1938 tibi

219 1981 320 2018 quae
342 1982 404 2007 me
426 1967 639 2006 miseria-et
659 1980 752 2005 cura
772 1954 1048 2005 c'ontabefacit.

220 2035 282 2072 Ps.
307 2047 392 2072 mos
405 2033 476 2071 tibi
489 2040 651 2083 geretur.
685 2033 754 2071 sed
763 2032 859 2082 quid
869 2033 956 2078 hoc,
967 2031 1144 2081 quaeso?
1164 2030 1279 2069 CALI.
1300 2029 1396 2080 quid
1408 2031 1496 2068 est?
1517 2044 1558 2066 20

207 2137 391 2178 Prologum
428 2137 550 2167 exhibet
577 2139 653 2176 post
682 2135 715 2166 A
722 2139 935 2177 ›gumentum
963 2135 995 2165 A
1011 2147 1020 2165 ;
1069 2137 1144 2165 ante
1177 2133 1431 2175 Argumentum
1466 2132 1500 2163 P

165 2181 320 2211 lacunam
338 2184 413 2211 ante
428 2181 513 2221 ειζξιι.
530 2179 665 2219 Ritsclzl,
682 2183 710 2210 et
722 2184 795 2210 ant(¹
810 2183 921 2219 etpost
932 2177 998 2208 Leo
1090 2188 1101 2208 1
1127 2187 1291 2216 exsurges
1307 2177 1339 2208 P
1354 2178 1425 2218 (vix
1434 2181 1496 2216 pro

164 2228 363 2264 exsurgere)
488 2235 507 2263 4
533 2228 706 2254 macerent
724 2223 766 2262 A,
787 2223 876 2254 codd.
900 2222 992 2253 Gellii
1005 2232 1057 2262 20,
1078 2223 1108 2261 6,
1128 2232 1149 2261 9
1168 2220 1203 2261 χί.
1223 2222 1258 2261 9)
1320 2262 1326 2268 .
1385 2222 1406 2250 6
1431 2220 1496 2250 Mis

164 2301 297 2340 Popma
364 2306 398 2332 et
417 2301 498 2343 [tui]
518 2301 561 2331 tis
579 2299 665 2331 codd.
683 2300 776 2331 Gellii
787 2299 885 2339 {unde
900 2299 1031 2330 Nonius
1047 2300 1123 2338 501]
1142 2298 1216 2339 (pro
1233 2302 1268 2328 et
1285 2268 1348 2333 iisss
1374 2297 1414 2328 iv.
1431 2297 1466 2337 2)
1488 2308 1494 2327 :

165 2345 233 2375 etui
251 2345 282 2376 A
301 2356 308 2375 t
333 2350 367 2376 et
391 2349 424 2375 te
449 2345 480 2376 Ρ
612 2354 649 2374 12
675 2344 707 2374 id
725 2354 790 2374 om.
812 2343 845 2373 A
971 2344 1009 2373 16
1032 2343 1064 2373 id
1089 2353 1155 2373 om.
1176 2342 1208 2372 A
1301 2345 1335 2371 tu
1360 2350 1436 2372 meo
1458 2340 1492 2371 A

169 2398 204 2427 17
231 2398 313 2420 com.
333 2388 427 2429 com]
446 2399 527 2418 se—
544 2387 608 2418 cod.
629 2387 718 2417 Festi
731 2397 795 2426 305
902 2396 941 2426 19
960 2390 1017 2416 aut
1039 2397 1073 2416 re
1092 2387 1159 2417 iuu.
1179 2385 1284 2415 Bothe
1369 2383 1408 2414 de
1423 2384 1492 2423 red,

165 2431 300 2462 ablativi
303 2432 421 2471 forma
439 2431 549 2471 dubia,
569 2431 605 2470 cs.
623 2431 723 2461 Arclz.
749 2429 823 2461 Lal.
843 2428 919 2461 Lex.
944 2440 993 2471 ιο,
1012 2439 1076 2471 550
1370 2472 1407 2502 1’*

210 2484 329 2508 PLAVT.
347 2484 373 2506 11
1395 2486 1402 2502 a
