1731 2713
95 464 180 509 1385

92 800 180 834 1390

88 1191 175 1228 1395

89 1645 177 1680 1400

714 90 1007 129 POENVLVS
1477 87 1523 123 V.
1546 84 1607 122 vii

254 202 321 254 qui
343 204 460 260 hasce
480 202 569 242 emi.
627 204 701 241 AG.
735 202 772 240 et
794 209 876 239 tute
898 201 980 251 ipse
1001 200 1157 251 periisti,
1183 202 1297 250 Lyce.

255 270 335 307 HA.
368 269 455 318 quis
476 268 539 306 hic
559 269 649 306 est?
705 270 779 305 AG.
804 266 995 305 utrumuis
1017 274 1085 312 est,
1106 267 1167 304 uel
1190 267 1279 304 leno
1302 266 1361 303 uel
1387 267 1524 314 Lycus.

254 333 293 371 in
315 333 501 372 seruitute
521 333 585 371 hic
607 333 704 371 filias
726 332 863 371 habuit
885 339 981 378 tuas,

255 406 292 436 ct
314 397 366 435 mi
386 397 468 435 auri
489 399 558 436 fur.
568 405 635 435 est.
698 398 777 434 HA.
804 397 951 435 bellum
974 396 1188 443 hominem,
1208 407 1325 446 quem
1348 394 1504 433 noueris
1522 397 1527 432 1

255 465 386 500 ΛΝΤΑ.
419 464 518 508 leno,
542 475 722 512 rapacem
745 470 782 500 te
804 475 888 500 esse
910 475 1064 511 semper
1084 461 1245 507 credidi,

253 541 388 566 uerum
410 527 527 565 etiam
548 529 719 565 furacem
743 525 887 579 <aiunth
909 526 976 577 qui
998 534 1141 564 norunt
1163 526 1294 576 magis.

254 593 322 630 Lv.
354 593 551 631 accedam.
611 606 679 642 per
699 605 771 641 ego
793 599 830 629 te
851 599 918 630 tua
938 600 975 630 te
995 605 1122 641 genua
1143 604 1307 641 opsecro

251 665 289 695 et
310 658 425 703 hunc,
450 665 661 707 cognatum
685 670 803 707 quern
828 665 936 695 tuom
959 670 1043 695 esse
1065 656 1249 706 intellego
1268 671 1275 694 ε

251 724 412 772 quando
434 722 527 761 boni
549 722 651 770 estis,
675 731 716 760 ut
739 723 865 761 bonos
886 723 1013 761 facere
1033 723 1200 761 addecet

252 787 390 827 †facite
411 794 473 826 ett
495 795 627 826 uostro
648 787 891 826 subueniatis
912 787 1089 837 supplici.

250 853 326 891 iam
347 854 498 903 pridem
520 852 705 907 equidem
727 852 819 891 istas
841 866 925 891 esse
947 852 1043 890 sciui
1064 852 1204 890 liberas

249 926 287 957 et
307 920 583 969 exspectabam
605 918 635 957 si
657 919 724 969 qui
745 932 810 958 eas
831 919 1027 957 adsereret
1050 932 1179 956 manu.

251 997 341 1022 nam
370 998 480 1023 meae
499 982 604 1037 (eae)
635 997 795 1034 prosum
828 998 909 1022 non
942 991 1042 1022 sunt.
1104 992 1187 1021 tum
1222 990 1353 1022 autem
1390 996 1527 1021 aurum

1417 1056 1527 1087 tuom

250 1116 412 1154 reddam
434 1116 542 1165 quod
562 1116 668 1166 apud
690 1129 753 1154 me
773 1123 832 1154 est
853 1123 890 1154 et
911 1114 1181 1153 iusiurandum
1203 1115 1308 1153 dabo

251 1193 314 1218 me
335 1180 527 1219 malitiose
547 1180 644 1218 nihil
665 1180 815 1227 fecisse,
833 1182 1119 1230 Agorastocles.

250 1247 326 1284 AG.
357 1245 453 1295 quid
474 1244 571 1283 mihi
590 1259 658 1296 par
679 1247 805 1284 facere
827 1245 874 1283 sit
896 1259 986 1283 cum
1008 1259 1071 1284 me
1093 1252 1248 1295 egomet
1269 1246 1483 1283 consulam.

250 1309 388 1349 omitte
407 1323 544 1361 genua.
605 1312 676 1349 Lv.
708 1310 832 1358 mitto,
856 1310 886 1348 si
908 1310 961 1348 ita
981 1310 1175 1349 sententia
1195 1317 1262 1348 est.

195 1439 326 1476 ANTA.
350 1439 447 1477 heus
468 1446 509 1476 tu
530 1440 620 1477 leno
638 1441 644 1476 Ξ
684 1440 754 1476 Lv.
779 1437 875 1488 quid
896 1439 1081 1477 lenonem
1104 1438 1162 1476 uis
1179 1438 1278 1476 inter
1294 1436 1526 1487 negotium?

194 1505 325 1541 ANTA.
358 1510 401 1542 ut
426 1502 575 1542 minam
600 1503 654 1541 mi
679 1503 829 1554 argenti
856 1504 997 1542 reddas
1025 1502 1122 1552 priu⁷
1144 1516 1261 1552 quam
1290 1502 1330 1540 in
1360 1515 1524 1540 neruom

1312 1569 1521 1607 abducere.

197 1636 266 1672 Lv.
297 1634 338 1673 di
359 1634 519 1673 meliora
540 1635 660 1674 faxint
679 1638 686 1673 3
743 1637 874 1673 ANTA.
909 1634 963 1673 sic
985 1642 1068 1673 esto
1089 1650 1095 1672 :
1125 1634 1216 1673 ideo
1237 1633 1396 1672 cenabis
1418 1633 1520 1672 foris.

194 1714 343 1748 aurum,
365 1707 580 1751 argentum,
604 1702 761 1748 collum,
784 1703 886 1747 leno,
909 1700 975 1738 tris
996 1713 1056 1738 res
1076 1713 1183 1738 nunc
1204 1700 1325 1745 debes
1346 1700 1481 1738 semul.

197 1767 278 1804 HA.
336 1765 432 1816 quid
480 1767 571 1805 med
618 1767 692 1805 hac
739 1780 779 1805 re
821 1768 948 1805 facere
991 1767 1128 1805 deceat
1171 1772 1327 1815 egomet
1365 1778 1521 1803 mecum

1379 1829 1518 1879 cogito.

240 1919 318 1958 1381
344 1918 432 1960 tute]
457 1924 492 1950 tu
516 1919 550 1950 P
703 1920 895 1959 1382—1419
912 1918 1042 1950 deestA
1203 1917 1328 1957 1382-4
1348 1916 1397 1957 (qs.
1418 1925 1522 1955 1333-

193 1961 228 2001 5)
410 1964 492 2002 1382
531 1968 582 1994 est
614 1964 749 1994 nouelle
775 1963 976 2002 nouellycus
1004 1962 1096 1993 cod.:
1136 1972 1212 1992 corr.
1247 1960 1384 2000 Lipsius
1421 1971 1459 1990 ex
1491 1971 1520 1990 v.

196 2015 278 2045 1333
371 2008 454 2046 1386
467 2007 700 2049 <aiunt)Br1'x
779 2009 859 2046 1387
872 2017 936 2046 ego
952 2010 1054 2037 tuate
1066 2006 1224 2046 Kaempf:
1244 2015 1308 2042 ego
1322 2009 1354 2034 te
1369 2008 1424 2033 tua
1437 2004 1520 2034 haec

192 2049 316 2081 Pradel
377 2049 634 2093 <oro)obsecro
649 2051 782 2092 Gepperl
874 2060 956 2089 1390
975 2050 1111 2080 facitote
1132 2054 1166 2080 et
1182 2049 1305 2080 Bothe:
1330 2049 1386 2078 vix
1401 2047 1520 2077 sat-iate

192 2098 226 2124 et
243 2094 296 2134 (qs.
316 2093 363 2124 ad
375 2105 402 2125 v.
421 2095 454 2133 5)
471 2105 478 2125 :
503 2094 632 2125 faciatis
648 2097 726 2129 (om.
742 2099 776 2125 et
803 2093 890 2124 Leo:
917 2093 1017 2124 facite
1035 2099 1070 2123 ut
1088 2092 1195 2135 (uos)
1210 2093 1344 2133 Hasper
1438 2100 1516 2129 1391

191 2138 274 2168 sciui
292 2148 368 2169 esse
386 2138 451 2169 cod.
469 2150 475 2169 :
501 2139 573 2169 trai.
594 2138 697 2169 Bothe
814 2147 895 2176 1392
919 2147 1055 2167 manum
1073 2137 1137 2167 cod.
1257 2146 1338 2175 1393
1363 2145 1423 2165 eae
1440 2134 1516 2165 add.

194 2180 331 2222 Geppert
454 2183 536 2221 1396
559 2182 639 2222 quid
657 2182 812 2221 Hasper:
835 2182 925 2220 quod
944 2181 1009 2211 cod.
1101 2190 1201 2220 quom
1224 2181 1375 2219 (antiqua
1383 2179 1516 2218 forma)

191 2229 329 2263 egomet
343 2225 436 2255 PBC:
453 2226 622 2265 quomodo
639 2230 774 2265 egomet
796 2224 826 2254 T
914 2234 995 2264 1397
1015 2223 1083 2254 HA.
1098 2225 1216 2254 omitte
1228 2222 1301 2252 ΡΟ)
1382 2233 1464 2261 1399
1481 2226 1518 2252 ut

191 2269 314 2299 minam
331 2270 374 2300 mi
386 2269 516 2308 argenti
530 2269 681 2309 Seyfflrt:
707 2268 832 2299 utinam
846 2268 925 2298 mihi
939 2273 1117 2307 argentum
1130 2267 1195 2298 cod.
1293 2277 1375 2306 1400
1392 2265 1517 2296 saxsint

191 2315 229 2341 ut
243 2311 306 2343 md.
322 2310 390 2344 'c0d.
482 2318 556 2344 esto
575 2313 708 2353 scripsi:
732 2317 806 2342 estu
831 2310 917 2343 cod.:
944 2317 1006 2350 est,
1027 2316 1062 2341 tu
1078 2310 1213 2351 Hosper
1300 2310 1393 2351 ideo]
1416 2309 1517 2340 hodie

190 2355 330 2396 Hasper‚
339 2356 422 2396 sort.
442 2360 518 2386 recte
630 2365 709 2394 1401
736 2366 772 2387 re
788 2354 854 2387 cod.
948 2365 1030 2394 1402
1055 2364 1108 2385 me
1126 2355 1186 2396 (ita
1203 2353 1311 2394 codd.)
1329 2352 1406 2396 (in)
1423 2352 1513 2393 Reiz,

194 2398 328 2439 Geppert

1551 214 1589 236 10

1548 534 1586 566 ¹5

1547 866 1588 889 20

1549 1257 1588 1289 25
