1783 2707
183 124 237 160 ΙΙ.
259 122 288 158 ii
660 120 705 155 T.
740 117 919 155 MACCI
951 114 1155 152 PLAVTI

317 233 416 268 PAN.
449 229 628 279 quisnam
665 227 728 265 hic
757 225 929 276 loquitur
959 231 1036 262 tam
1071 235 1193 273 prope
1223 221 1325 259 nos?
1383 221 1440 257 P1.
1474 218 1585 256 Pina-
1605 227 1673 262 330

1016 288 1131 327 cium.
1192 289 1292 325 ΡΑΝ.
1325 284 1392 323 ubi
1414 284 1444 322 is
1465 282 1587 335 <e)st?

265 363 322 399 P1.
355 359 503 410 respice
536 361 586 397 ad
622 359 683 397 me
718 365 755 396 et
789 355 965 406 relinque
1000 361 1181 404 egentem
1216 350 1440 403 parasitum,
1467 350 1588 387 Pane-

1475 413 1586 464 gyris.

266 494 365 530 ΡΑΝ.
414 490 627 529 Pinacium.
706 491 764 526 ΡΙ.
810 487 909 526 istuc
957 484 1185 524 indiderunt
1232 494 1379 522 nomen
1424 479 1589 518 maiores

1482 543 1587 582 mihi.

266 623 365 660 ΡΑΝ.
403 620 498 671 quid
541 618 651 669 agis?
709 620 766 655 ΡΙ.
799 616 895 667 quid
938 629 1051 666 agam
1090 613 1262 664 rogitas?
1320 613 1419 649 ΡΑΝ.
1452 608 1591 659 quidni

776 681 970 732 rogitem?
1027 683 1085 718 ΡΙ.
1118 679 1214 729 quid
1236 689 1392 716 mecum
1413 682 1472 714 est
1492 673 1592 713 tibi?

208 769 245 792 10
268 754 368 791 PAN.
401 750 523 789 mihin
556 748 717 795 fastidis,
745 746 1014 798 propudiose?
1057 747 1241 795 eloquere
1270 754 1445 794 propere,
1482 740 1594 778 Pina-

1473 819 1590 844 cium.

268 886 325 923 ΡΙ.
363 883 455 922 iube
490 895 552 920 me
592 879 771 920 omittere
810 878 924 928 igitur
954 878 1026 916 hos
1056 875 1123 926 qui
1154 874 1331 914 retinent.
1392 874 1492 910 ΡΑΝ.
1525 869 1592 920 qui
1613 878 1677 916 335

1109 939 1306 979 retinent?
1363 939 1420 975 ΡΙ,
1453 936 1594 986 rogas?

268 1013 401 1054 omnia
421 1013 599 1052 membra
618 1009 809 1049 lassitudo
826 1008 922 1047 mihi
943 1008 1209 1046 tenet—PAN.
1238 1004 1412 1053 linguam
1432 1001 1592 1052 quidem

268 1088 327 1120 sat
347 1079 429 1119 scio
450 1078 520 1118 tibi
541 1091 621 1116 non
643 1083 785 1114 tenere.
847 1076 904 1112 P1.
938 1073 991 1111 ita
1011 1071 1126 1111 celeri
1148 1069 1341 1109 curriculo
1362 1067 1417 1106 fui

270 1159 435 1197 propere
461 1158 484 1183 a
508 1150 622 1194 portu
644 1140 699 1180 tui
721 1139 881 1179 honoris
903 1151 1050 1177 caussa.
1112 1139 1212 1175 PAN.
1246 1133 1389 1184 ecquid
1411 1133 1596 1183 adportas

1472 1197 1597 1236 boni?

215 1289 250 1320 ¹5
274 1280 332 1316 P1.
364 1276 487 1315 nimio
511 1272 709 1324 linparti³r
737 1273 860 1310 multo
890 1278 998 1308 tanta
1025 1270 1111 1319 plus
1142 1280 1261 1318 quam
1291 1278 1432 1315 speras.
1493 1265 1594 1301 PAN.

1368 1331 1478 1368 salua
1497 1341 1594 1367 sum.

276 1409 333 1445 ΡΙ.
367 1414 407 1445 at
427 1419 501 1456 ego
522 1405 628 1456 perii,
652 1403 745 1455 quoi
767 1403 959 1441 medullas
981 1398 1174 1438 lassitudo
1197 1396 1380 1447 perbibit.
1619 1401 1687 1436 340

275 1475 353 1512 GE.
379 1472 475 1522 quid
497 1485 580 1522 ego,
604 1468 698 1521 quoi
719 1467 861 1507 misero
878 1466 1070 1504 medullas
1091 1463 1237 1502 uentris
1258 1459 1431 1511 percepit
1453 1459 1602 1497 fames?

272 1533 373 1570 PAN.
397 1543 563 1581 ecquem
585 1527 837 1567 conuenisti?
876 1529 935 1566 ΡΙ.
959 1527 1114 1565 multos.
1158 1525 1259 1563 PAN.
1283 1532 1322 1563 at
1342 1523 1500 1562 uirum?
1539 1525 1597 1560 ΡΙ.

1166 1590 1350 1641 equidem
1372 1590 1576 1639 plurumos
1592 1603 1599 1626 ι

273 1675 408 1702 uerum
429 1675 476 1701 ex
497 1660 628 1700 multis
650 1659 880 1711 nequiorem
898 1659 1050 1697 nullum
1068 1657 1185 1708 quam
1207 1655 1272 1694 hic
1293 1663 1360 1694 est.
1413 1656 1489 1694 GE.
1519 1667 1600 1704 quo

1451 1719 1600 1758 modo?

217 1809 256 1831 20
273 1795 351 1834 iarn
372 1795 524 1834 dudum
551 1792 555 1845 Ι
581 1806 654 1843 ego
676 1793 792 1830 istum
814 1790 947 1842 patior
961 1789 1091 1830 dicere
1111 1788 1254 1827 iniuste
1275 1786 1382 1826 mihi.

273 1861 500 1910 praeterhac
521 1858 552 1897 si
573 1872 636 1896 me
656 1856 960 1896 inritassis—PL
993 1855 1134 1905 edepol
1156 1852 1321 1892 essuries
1342 1852 1454 1890 male.
1619 1858 1684 1896 345

274 1927 348 1965 GE.
380 1924 557 1963 animum
596 1922 783 1961 inducam
822 1929 864 1959 ut
903 1920 1003 1959 istuc
1037 1932 1174 1958 uerum
1209 1926 1247 1957 te
1281 1918 1481 1956 elocutum
1516 1928 1601 1955 esse

1427 1980 1599 2020 arbitrer.

318 2105 378 2135 331
404 2095 446 2126 ad
471 2105 536 2126 om.
560 2093 592 2124 P
687 2103 749 2131 334
774 2092 855 2122 mihi
874 2091 906 2121 in
926 2091 977 2121 P:
1004 2089 1091 2120 mein
1109 2087 1245 2129 Lipsius
1264 2085 1459 2128 (secundum
1477 2096 1602 2117 morem

275 2139 489 2178 Plautinum)
580 2147 653 2176 337,
673 2138 738 2175 338
762 2136 888 2166 inverso
904 2133 1014 2165 ordine
1028 2133 1061 2163 A
1151 2133 1216 2173 338
1239 2141 1345 2171 prope
1362 2130 1395 2160 A
1465 2129 1553 2160 domi
1567 2129 1600 2159 A

275 2193 339 2224 339
363 2183 467 2214 nimio
490 2180 630 2221 inparti]
652 2180 788 2217 nimiam
812 2178 875 2218 (vel
889 2179 947 2217 pa)
973 2187 1023 2217 res
1041 2176 1087 2216 A,
1108 2176 1193 2206 unde
1208 2174 1311 2206 nimio
1331 2174 1363 2205 id
1381 2179 1474 2204 certe
1495 2172 1602 2211 Goetz,

275 2232 402 2264 Sclzoell
468 2236 561 2263 tanto
578 2230 664 2260 Pius
681 2229 752 2263 (sed
765 2229 800 2269 cſs
821 2227 868 2259 ad
881 2220 967 2258 Men.
983 2228 1063 2262 680)
1153 2235 1217 2264 340
1242 2222 1416 2255 medullam
1434 2222 1466 2253 P
1539 2230 1599 2261 341

274 2277 399 2308 misero
417 2276 469 2306 cui
487 2274 665 2306 medullam
677 2273 716 2313 P,
734 2272 955 2303 allitteratzkmc
971 2281 1036 2301 non
1046 2270 1181 2309 favente
1269 2265 1412 2307 percipit
1428 2265 1460 2295 A
1467 2288 1474 2305 ‚
1490 2267 1602 2296 contra

276 2324 419 2351 metrum
509 2319 617 2348 uirum
638 2326 780 2356 ecquem
810 2315 859 2346 ΡΙ.
896 2315 1055 2354 plurimos
1081 2313 1113 2343 P
1263 2321 1326 2350 343
1350 2310 1399 2341 vel
1423 2319 1523 2349 quarn
1548 2309 1601 2339 hic

275 2363 431 2403 (adverb.)
545 2372 608 2401 344
628 2360 708 2400 sort.
729 2359 967 2390 iamdudumne
990 2355 1194 2397 indtgnantis
1280 2354 1390 2394 patior
1414 2363 1477 2392 ego
1500 2352 1600 2382 istum

274 2407 377 2438 Bothe
468 2405 550 2445 fort.
570 2402 773 2447 (iniustum)
792 2402 912 2434 iniuste
1055 2409 1118 2439 345
1143 2403 1273 2439 praeter
1289 2398 1372 2428 haec
1389 2395 1422 2426 A

974 2516 996 2527 l
