1783 2707
195 131 225 168 Ι.
248 130 292 167 iii
670 131 715 168 T.
749 131 929 170 MACCI
963 132 1163 168 PLAVTI

184 257 225 288 40
245 249 363 291 atque
384 242 424 280 in
446 241 627 280 manibus
649 250 735 281 exta
757 249 912 281 teneam
934 250 976 281 ut
997 242 1196 293 poriciam‚
1219 242 1367 282 interea
1386 243 1461 282 loci

245 307 277 345 si
298 306 393 345 lucri
414 306 510 356 quid
531 308 654 354 detur,
678 306 808 357 potius
830 321 911 346 rem
933 307 1110 346 diuinam
1131 309 1319 347 deseram.

247 385 326 410 non
347 379 475 421 potest
497 371 631 421 pietati
652 371 788 422 opsisti
809 373 911 419 huic,
935 379 1022 410 utut
1042 385 1101 411 res
1122 380 1285 412 ceterae.

249 439 311 474 ΡΞ.
344 437 439 475 deos
469 435 629 486 quidem
662 451 761 486 quos
792 451 973 476 maxume
1003 450 1173 487 aequom
1204 445 1261 476 est
1292 445 1474 485 metuere,
1508 452 1575 477 eos

1299 503 1450 541 minimi
1471 503 1572 542 facit.

250 569 320 605 BA.
353 568 612 617 compellabo.
673 569 780 605 salue
801 568 979 613 multum,
1004 581 1114 605 serue
1135 567 1302 606 Athenis
1323 581 1516 617 pessume.
1595 585 1663 619 270

186 647 227 678 45
250 634 310 670 ΡΞ.
344 632 384 670 di
405 640 442 670 te
464 634 641 682 deaeque
661 640 794 670 ament
814 634 877 670 uel
899 631 1029 670 huiius
1049 632 1236 670 arbitratu
1258 635 1320 671 uel
1342 647 1442 677 meo,

248 697 320 742 uel,
345 696 375 734 si
396 696 548 746 dignu's
568 696 645 735 alio
666 704 793 746 pacto,
815 710 945 747 neque
965 704 1098 735 ament
1119 711 1192 736 nec
1213 697 1356 736 faciant
1380 698 1492 737 bene.

182 800 183 803 ,
249 763 319 799 ΒΛ.
360 761 455 811 quid
495 761 633 811 agitur,
673 761 886 800 Calidore?
945 762 1059 801 CALI.
1100 769 1252 800 amatur
1285 770 1403 813 atque
1443 770 1576 813 egetur

173 837 184 856 β
218 817 226 831 ³
1425 828 1572 867 acriter.

248 894 319 930 BA.
352 892 545 937 misereat,
565 892 597 930 si
618 891 804 930 familiam
825 894 927 931 alere
949 892 1096 943 possim
1119 892 1396 932 misericordia.

247 959 308 995 Ps.
342 956 453 995 heia!
484 958 629 995 scimus
650 970 722 995 nos
743 956 905 1007 quidem
926 965 964 996 te
984 957 1109 1007 qualis
1130 957 1206 1006 sis3
1236 973 1285 997 ne
1307 959 1518 1009 praedices.

186 1036 225 1067 50
246 1023 315 1061 sed
336 1021 419 1060 scin
441 1021 536 1071 quid
557 1036 629 1061 nos
651 1024 864 1061 uolumus?
913 1025 982 1061 BA.
1017 1025 1082 1074 pol
1104 1037 1176 1074 ego
1197 1025 1486 1074 propemodum
1506 1041 1512 1063 :
1534 1032 1575 1063 ut

1276 1091 1377 1128 male
1397 1089 1445 1128 sit
1466 1089 1575 1128 mihi.

249 1155 312 1190 Ps.
344 1161 381 1191 et
409 1152 448 1191 id
470 1160 508 1191 et
536 1154 611 1191 hoc
631 1154 739 1203 quod
768 1161 805 1192 te
827 1166 1069 1192 reuocamus.
1129 1167 1277 1204 quaeso
1305 1154 1482 1193 animum
1511 1155 1576 1193 ad-

1159 1227 1280 1259 uorte.
1340 1221 1411 1258 ΒΑ.
1444 1220 1573 1259 audio.

163 1328 166 1331 Α
203 1302 211 1319 ι
245 1291 364 1333 atque
385 1283 424 1321 in
446 1297 581 1334 pauca,
606 1292 647 1322 ut
668 1291 884 1334 occupatus
905 1298 1011 1323 nunc
1033 1297 1131 1332 sum,
1154 1286 1289 1324 confer
1308 1285 1404 1335 quid
1424 1285 1534 1324 uelis.

247 1351 308 1387 Ps.
342 1350 448 1388 hunc
468 1350 603 1399 pudet,
626 1350 736 1399 quod
756 1349 828 1388 tibi
848 1350 1027 1400 promisit
1048 1363 1205 1400 quaque
1226 1350 1266 1389 id
1286 1350 1464 1401 promisit
1484 1351 1563 1399 die,

245 1415 336 1465 quia
357 1414 427 1453 tibi
450 1415 574 1453 minas
596 1414 732 1465 uiginti
754 1415 824 1466 prc')
845 1415 972 1454 amica
991 1415 1109 1454 etiam
1130 1429 1211 1455 non
1232 1416 1351 1455 dedit.
1593 1421 1662 1454 280

183 1496 221 1528 55
246 1482 316 1519 ΒΑ.
350 1480 473 1519 nimio
503 1479 542 1519 id
573 1482 682 1530 quod
713 1481 835 1530 pudet
863 1480 1013 1519 facilius
1043 1482 1162 1519 fertur
1191 1494 1308 1531 quam
1340 1480 1436 1520 illud
1466 1482 1574 1531 quod

1456 1546 1571 1597 piget.

245 1625 326 1651 non
347 1611 504 1651 dedisse
526 1612 654 1651 istunc
675 1613 821 1663 pudet:
853 1626 916 1651 me
938 1612 1029 1663 quia
1050 1626 1131 1651 non
1151 1611 1287 1663 accepi
1307 1612 1424 1663 piget.

245 1679 308 1716 Ps.
341 1684 379 1716 at
400 1677 520 1725 dabit,
545 1677 696 1728 parabit
714 1693 720 1715 ε
749 1677 900 1728 aliquot
920 1679 993 1716 hos
1015 1677 1098 1717 dies
1120 1685 1254 1716 manta
1274 1679 1406 1717 modo.

218 1767 222 1770 >
246 1743 336 1781 nam
359 1743 398 1782 id
419 1742 482 1781 hic
505 1742 642 1781 metuit
663 1756 713 1781 ne
733 1742 839 1781 illam
860 1744 1010 1782 uendas
1031 1743 1084 1781 ob
1105 1743 1342 1781 simultatem
1365 1756 1486 1782 suam.

248 1810 318 1846 ΒΑ.
352 1807 423 1846 fuit
443 1807 611 1855 occasio,
635 1807 666 1845 si
687 1809 816 1855 uellet,
839 1807 917 1847 iam
938 1808 1090 1858 pridem
1110 1815 1314 1859 argentum
1335 1816 1377 1846 ut
1398 1809 1516 1847 daret.
1593 1812 1658 1856 285

183 1880 227 1911 60
248 1875 362 1914 Cim.
413 1873 510 1923 quid
549 1873 579 1911 si
623 1887 702 1912 non
746 1873 896 1912 habui?
971 1876 1043 1912 ΒΑ.
1092 1873 1123 1911 si
1165 1873 1336 1920 amabas,
1379 1873 1575 1912 inuenires

1595 975 1659 1011 273

1382 1946 1572 1985 mutuom,

290 2045 351 2083 267
378 2044 526 2075 dcstram
549 2044 582 2075 P
609 2044 651 2085 &T
662 2048 723 2085 pro
749 2044 789 2084 E).
924 2045 988 2076 268
1012 2049 1111 2085 potes
1130 2044 1164 2075 P
1249 2050 1284 2075 ut
1308 2055 1362 2076 res
1390 2050 1469 2076 sunt
1497 2044 1530 2075 P
1551 2049 1579 2076 ct

245 2087 341 2119 schol.
358 2087 443 2119 Aen.
464 2098 491 2126 1,
510 2088 574 2127 378
708 2090 772 2128 269
795 2098 880 2128 quos
894 2088 990 2120 schol.
1015 2088 1117 2129 mag:
1143 2089 1231 2128 quod
1249 2088 1287 2127 P,
1304 2088 1337 2118 A
1354 2100 1384 2120 n.
1403 2089 1422 2119 l.
1513 2099 1572 2128 271

246 2136 380 2163 amente
395 2131 428 2161 P
439 2132 533 2171 (corr.
546 2130 615 2173 3²)
699 2132 828 2173 huiius]
846 2132 972 2171 tmolus
987 2133 1019 2172 (i.
1034 2143 1057 2164 e.
1075 2132 1187 2168 hoius)
1203 2132 1237 2163 A
1325 2143 1388 2172 274
1407 2132 1574 2172 po(ss)em

246 2175 278 2205 A
414 2177 477 2215 276
502 2185 609 2215 prope
627 2176 725 2206 modo
742 2176 856 2215 (modu
872 2176 934 2213 ΒΞ)
949 2176 982 2206 Ρ
1110 2186 1172 2215 277
1198 2176 1411 2217 reuocamus]
1431 2176 1576 2220 roglss{³1‚¹.i

246 2225 279 2255 A
371 2225 539 2256 aduortite
556 2224 589 2255 A
724 2235 788 2264 279
813 2224 918 2267 hunc]
946 2225 1015 2255 hun
1043 2224 1145 2265 (huz)
1170 2224 1203 2255 P
1288 2225 1437 2267 quaque]
1460 2218 1576 2266 q'uam—

247 2278 346 2308 quam
366 2269 441 2310 (pro
460 2270 572 2308 quziq„
591 2268 611 2299 τ’.
624 2279 647 2300 e.
665 2278 798 2308 quaque
809 2269 836 2307 2)
851 2268 885 2299 P
969 2269 1033 2299 282
1058 2269 1237 2299 dedissetis
1258 2273 1326 2299 tum
1345 2279 1376 2308 p.
1394 2268 1428 2298 P
1512 2269 1575 2307 283

246 2311 378 2352 aliquos
394 2311 533 2343 Mueller
549 2311 594 2351 (A
616 2312 736 2352 insert.)
756 2324 763 2343 z
786 2311 912 2351 aliquid
928 2311 1049 2343 Dousa
1123 2313 1186 2351 284
1211 2312 1263 2342 hic
1280 2312 1305 2343 it
1325 2312 1388 2353 (id)
1406 2313 1440 2343 P
1512 2312 1575 2351 285

247 2356 360 2396 pridet
379 2355 426 2396 (di
444 2355 556 2396 pridet
572 2355 618 2392 Β)
637 2355 670 2386 Ρ
692 2355 787 2394 (corr.
815 2354 885 2396 DQ)
1019 2356 1083 2386 286
1107 2355 1224 2388 habuit
1247 2355 1280 2385 A
1372 2357 1399 2387 si
1422 2355 1574 2397 amabas]

248 2401 312 2431 iam
330 2401 411 2431 abas
428 2399 461 2430 P
547 2405 638 2430 tuum
656 2399 689 2430 P
