1783 2707
163 131 232 168 IV.
254 129 300 169 iii
670 129 716 166 T.
750 127 929 166 MACCI
962 126 1166 164 PLAVTI

253 254 334 279 non
369 238 473 278 enim
505 245 546 277 tu
576 237 639 276 hic
669 236 830 288 quidem
861 233 1076 286 occupabis
1106 232 1235 273 omnis
1264 240 1450 286 quaestus
1481 245 1582 285 quos

1447 301 1582 339 uoles:

255 379 292 410 et
314 370 479 409 uitorem
501 377 538 409 et
559 369 793 420 piscatorem
815 374 853 406 te
873 380 969 414 esse,
993 365 1142 416 inpure,
1165 366 1351 415 postulas.
1600 371 1671 408 990

254 438 318 474 uel
339 444 376 474 te
398 435 493 473 mihi
515 442 730 473 monstrare
752 440 906 483 oportet
926 430 1044 481 piscis
1065 430 1131 481 qui
1153 429 1201 468 sit
1221 429 1390 476 nidulus,

194 506 236 537 60
256 503 318 540 uel
340 503 448 552 quod
479 500 518 539 in
543 499 638 539 mari
666 513 746 538 non
773 506 910 537 natum
940 505 998 536 est
1022 509 1151 546 neque
1178 495 1297 534 habet
1324 507 1507 545 squamas
1534 508 1584 533 ne

1474 560 1586 597 feras.

257 634 332 672 GR.
357 631 463 682 quid,
482 639 522 669 tu
539 643 757 681 numquam
771 627 915 667 audisti
932 640 1017 666 esse
1033 627 1201 665 antehac
1217 624 1399 663 uidulum
1413 623 1587 674 piscem?

1337 690 1413 726 TR.
1447 689 1584 735 scelus,

255 765 384 802 nullus
406 770 474 802 est.
535 763 611 801 GR.
644 760 767 799 immo
794 766 852 799 est
878 759 1056 810 profecto
1071 771 1081 805 3
1111 769 1184 806 ego
1214 754 1281 805 qui
1309 768 1396 793 sum
1416 753 1587 804 piscator

1480 818 1586 867 scio;

257 908 393 934 uerum
415 908 496 933 rare
518 892 677 944 capitur,
702 893 832 930 nullus
853 889 974 928 minu'
995 901 1112 938 saepe
1133 888 1183 926 ad
1205 894 1344 925 terram
1366 884 1485 924 uenit.
1606 890 1671 927 995

257 962 333 998 TR.
366 959 419 998 nil
440 958 532 1009 agis,
556 959 648 996 dare
670 957 790 995 uerba
811 968 942 1005 speras
964 953 1060 992 mihi
1081 960 1119 991 te
1141 965 1267 1003 posse,
1292 950 1457 989 furcifer.

196 1029 235 1071 65
259 1028 335 1065 GR.
369 1038 449 1075 quo
470 1026 600 1063 colore
622 1031 690 1070 est,
713 1024 789 1061 hoc
810 1022 942 1060 colore
963 1018 1170 1070 capiuntur
1190 1015 1392 1068 pauxilluli
1407 1030 1417 1064 3

258 1099 349 1130 sunt
369 1090 432 1129 alii
454 1089 624 1141 puniceo
645 1087 762 1135 corio,
786 1085 916 1136 magni
937 1085 1031 1124 item
1047 1099 1057 1133 3
1085 1091 1204 1133 atque
1225 1081 1306 1121 atri.
1365 1083 1441 1119 TR.
1474 1079 1567 1119 scio.

258 1164 299 1195 tu
321 1157 461 1203 hercle,
484 1154 616 1205 opino,
640 1153 679 1191 in
700 1152 880 1191 nidulum
902 1158 940 1189 te
961 1149 1020 1189 bis
1042 1154 1262 1194 conuortes,
1286 1145 1360 1185 nisi
1380 1159 1521 1185 caues:

258 1223 324 1260 fiet
345 1220 415 1260 tibi
436 1219 648 1270 puniceum
671 1217 831 1264 corium,
855 1222 993 1266 postea
1013 1222 1139 1253 atrum
1162 1214 1309 1252 denuo.
1611 1222 1701 1249 1000

259 1289 335 1327 GR.
368 1287 477 1338 quod
508 1287 634 1324 scelus
665 1283 785 1322 hodie
818 1283 896 1321 hoc
929 1279 1088 1320 inueni!
1154 1281 1229 1317 TR.
1262 1276 1383 1317 uerba
1412 1275 1589 1324 facimus,

1444 1342 1473 1381 it
1493 1342 1588 1382 dies.

201 1434 239 1466 70
258 1420 350 1459 uide
371 1419 422 1458 sis
443 1417 599 1469 quoiius
619 1415 806 1455 arbitratu
827 1427 900 1453 nos
921 1412 980 1452 uis
1001 1413 1139 1452 facere.
1200 1412 1276 1449 GR.
1309 1408 1434 1448 uiduli

258 1484 455 1524 arbitratu.
505 1483 599 1535 <TR.
622 1481 757 1520 itane?
802 1478 898 1532 GR.)
918 1478 972 1518 ita
993 1477 1099 1517 enim
1121 1490 1226 1516 uero.
1273 1478 1348 1514 TR.
1373 1476 1515 1513 stultus
1536 1487 1588 1513 es.

1180 1543 1257 1580 GR.
1290 1541 1408 1587 salue,
1431 1540 1588 1578 Thales.

259 1617 335 1653 TR.
368 1622 409 1653 tu
442 1614 569 1652 istunc
601 1610 721 1650 hodie
755 1624 836 1650 non
870 1610 980 1656 feres,
1018 1607 1091 1646 nisi
1130 1608 1201 1647 das
1240 1612 1485 1656 sequestrum
1524 1611 1592 1642 aut

1401 1668 1591 1708 arbitrum

261 1744 416 1796 quoiius
438 1745 535 1782 haec
556 1755 615 1781 res
636 1740 822 1780 arbitratu
844 1741 921 1778 fiat.
983 1740 1059 1778 GR.
1092 1750 1251 1788 quaeso,
1275 1749 1401 1775 sanun
1422 1737 1493 1774 es?
1590 1749 1592 1752 ¹
1615 1743 1699 1781 1005

260 1813 337 1850 TR.
370 1809 612 1849 elleborosus
651 1820 748 1846 sum.
821 1807 897 1845 GR.
931 1802 1002 1857 [at]
1043 1817 1116 1854 ego
1155 1801 1329 1849 cerritus,
1367 1802 1473 1839 hunc
1511 1813 1593 1839 non

1247 1874 1426 1905 amlttam
1447 1873 1590 1904 tamen.

206 1948 243 1983 75
263 1942 339 1979 TR.
371 1939 538 1979 uerbum
569 1937 688 1977 etiam
719 1936 823 1976 adde
857 1948 993 1982 unum,
1025 1933 1102 1972 iam
1135 1933 1175 1970 in
1209 1932 1370 1970 cerebro
1404 1931 1593 1981 colaphos

1251 1996 1479 2047 apstrudam
1500 2002 1569 2034 tuo
1584 2009 1595 2043 3

305 2119 369 2150 993
394 2108 449 2149 qui
466 2113 502 2140 tu
519 2106 583 2139 cod.
603 2107 675 2149 (pro
690 2106 763 2145 quit
780 2104 831 2143 tu’)
942 2111 1006 2144 995
1031 2111 1148 2133 uerum
1167 2111 1241 2131 rare
1257 2100 1427 2131 Charisius
1442 2109 1503 2138 217
1523 2098 1598 2139 (qui

263 2157 401 2185 testatur
414 2152 527 2190 rare);
552 2162 635 2182 uero
660 2160 737 2181 raro
761 2148 827 2180 cod.
974 2157 1038 2186 997
1063 2156 1129 2185 quo
1154 2155 1180 2176 c.
1208 2145 1282 2174 est?
1313 2142 1519 2174 Trachalz'oni
1537 2141 1597 2172 dat

263 2197 330 2228 cod.
483 2206 548 2235 999
572 2195 695 2235 opinor
711 2192 775 2223 cod.
887 2190 943 2222 vix
958 2190 1083 2220 uidlum
1195 2188 1244 2218 bis
1261 2188 1326 2218 Leo
1341 2198 1348 2217 z
1372 2187 1498 2226 piscem
1521 2184 1587 2215 cod.

268 2251 351 2272 1002
376 2240 489 2271 facere
506 2240 558 2270 uis
574 2238 638 2269 cod.
658 2249 664 2268 :
691 2237 764 2266 irai.
787 2234 944 2266 Gruterus
1033 2233 1145 2264 facere
1162 2242 1225 2262 nos
1242 2231 1293 2261 uis
1309 2230 1394 2260 Brt'x
1508 2238 1591 2267 1003

263 2285 327 2316 TR.
358 2285 473 2314 itane?
498 2283 563 2313 GR.
590 2280 665 2312 add.
689 2279 825 2320 quffert
970 2286 1052 2316 1005
1077 2275 1191 2307 accedit
1215 2275 1274 2313 A;
1306 2283 1407 2313 usque
1437 2271 1483 2303 ad
1511 2281 1592 2302 1010

261 2328 462 2369 paucissima
476 2327 642 2367 leguntur,
660 2333 809 2354 1011—20
820 2321 924 2362 paulo
935 2321 1037 2362 plura
1118 2328 1199 2358 1005
1216 2329 1279 2348 —e
1297 2328 1332 2356 es
1349 2317 1383 2357 (i.
1399 2328 1422 2347 e.
1443 2325 1591 2346 sanusne

264 2372 338 2411 e52)
356 2371 389 2401 A
405 2384 413 2401 ι
436 2380 540 2401 sanus
562 2379 599 2399 es
618 2368 652 2398 P
784 2366 868 2396 1006
890 2370 924 2397 at
939 2364 999 2396 del.
1019 2363 1155 2394 Guietus
1171 2361 1220 2401 (A
1238 2373 1270 2393 n.
1289 2361 1327 2400 l.)
1444 2359 1499 2390 vix
1514 2358 1593 2389 elle-

264 2413 421 2445 borosu's
439 2415 550 2455 (-sus>.
601 2411 668 2443 GR.
695 2421 734 2442 ac
752 2410 896 2441 cerritus
984 2407 1131 2447 emittam
1148 2406 1180 2436 A
1281 2414 1362 2443 1007
1387 2403 1474 2434 adde
1491 2401 1592 2434 etiam

264 2458 350 2499 Fen,
368 2457 401 2488 A
419 2468 451 2489 n.
471 2457 490 2489 l.

977 2519 999 2529 A
