1731 2713
739 82 977 119 STIFHVS
1482 86 1507 121 Ι.
1531 86 1575 122 iii

104 203 168 237 170
294 203 383 228 nam
406 190 480 228 iam
503 190 716 240 compluris
736 203 862 228 annos
885 198 993 230 utero
1016 193 1145 231 haeret
1169 207 1266 231 meo.

190 246 193 249 i
292 268 398 293 nunc
419 256 449 293 si
471 255 678 295 ridiculum
705 255 710 308 Ι
738 256 940 295 hominem
962 266 1121 307 quaerat
1143 258 1346 309 quispiam.

291 320 439 358 uenalis
461 333 534 370 ego
555 334 642 359 sum
663 334 754 360 cum
776 322 1015 360 ornamentis
1036 323 1244 370 omnibus3

291 384 542 424 inanimentis
564 388 856 437 explementum
878 388 1065 437 quaerito.
1530 408 1571 430 20

292 450 493 490 Gelasimo
514 464 661 490 nomen
684 452 734 490 mi
759 452 900 491 indidit
924 465 1046 502 paruo
1067 461 1185 503 pater,

101 526 161 563 175
292 516 466 566 (propter
486 516 712 567 pauperiem
735 518 810 555 hoc
831 519 933 556 adeo
954 531 1100 557 nomen
1122 518 1290 569 repperi)

291 581 382 632 quia
403 581 482 620 ind'
503 581 580 620 iam
602 595 624 620 a
644 581 787 632 pusillo
808 595 930 632 puero
951 582 1137 622 ridiculus
1160 584 1224 631 fui,

289 660 337 685 eo
358 648 449 697 quia
470 656 677 698 paupertas
699 647 789 687 fecit
811 647 998 687 ridiculus
1020 650 1141 688 forem
1159 664 1168 697 3

291 726 381 751 nam
403 712 467 750 illa
487 712 578 751 artis
599 712 727 751 omnis
748 714 946 763 perdocet,
970 713 1036 751 ubi
1058 726 1175 763 quem
1196 714 1332 763 attigit.
1528 731 1566 764 25

290 791 358 828 per
377 778 576 816 annonam
599 791 727 816 caram
749 778 846 817 dixit
868 792 930 817 me
950 786 1085 817 natum
1107 786 1237 829 pater:

99 845 164 879 180
291 851 508 893 propterea,
531 843 661 890 credo,
685 856 791 882 nunc
812 843 961 882 essurio
988 843 992 894 l
1017 843 1154 882 acrius.

289 909 358 946 sed
378 907 510 958 generi
531 916 665 946 nostro
686 909 783 947 haec
804 908 993 947 redditast
1015 908 1256 958 benignitas:

290 973 385 1012 nulli
407 986 548 1024 negare
568 975 686 1020 soleo,
711 973 823 1024 siqui'
845 987 908 1012 me
928 986 1058 1012 essum
1080 982 1206 1013 uocat.

288 1039 411 1078 oratio
432 1052 510 1078 una
530 1038 674 1078 interiit
694 1039 900 1078 hominum
922 1052 1115 1090 pessume,
1527 1060 1567 1090 30

287 1112 406 1154 atque
427 1112 590 1155 optuma
611 1106 742 1144 hercle
763 1118 853 1143 meo
873 1104 1007 1143 animo
1027 1113 1065 1144 et
1086 1104 1315 1152 scitissuma‚

96 1173 157 1217 185
288 1183 366 1219 qua
385 1178 476 1209 ante
497 1170 707 1209 utebantur
727 1185 732 1208 :
767 1169 878 1208 ‘ueni
900 1170 966 1208 illo
986 1171 1037 1209 ad
1057 1183 1208 1218 cenam,
1232 1171 1286 1209 sic
1308 1172 1405 1219 face,

286 1235 470 1285 promitte
491 1248 596 1282 uero,
619 1249 668 1274 ne
688 1248 857 1286 grauare.
917 1243 976 1274 est
996 1237 1284 1276 commodum?

285 1302 377 1340 uolo
398 1300 558 1351 inquam
580 1301 672 1348 fieri,
696 1314 776 1339 non
797 1301 974 1340 amittam
996 1301 1091 1351 quin
1112 1304 1202 1341 eas.'

285 1380 390 1404 nunc
411 1374 664 1417 reppererunt
685 1366 761 1404 iam
783 1367 818 1405 ei
839 1367 962 1405 uerbo
984 1367 1172 1406 uicarium
1526 1383 1564 1414 35

285 1431 413 1483 (nihili
434 1431 596 1482 quidem
616 1434 746 1471 hercle
767 1432 970 1471 uerbumst
990 1446 1035 1471 ac
1056 1432 1321 1484 uilissumum)
1338 1449 1345 1472 :

93 1507 159 1543 190
287 1500 451 1536 ‘uocem
473 1505 511 1536 te
530 1499 581 1537 ad
602 1511 741 1536 cenam
763 1497 836 1536 nisi
857 1506 1013 1548 egomet
1032 1511 1170 1537 cenem
1191 1499 1308 1538 foris.'

284 1562 319 1601 ei
341 1564 470 1602 hercle
491 1576 564 1614 ego
585 1563 708 1602 uerbo
729 1563 886 1602 lumbos
908 1563 1106 1602 diffractos
1127 1563 1257 1612 uelim,

283 1627 322 1666 ni
344 1641 435 1667 uere
455 1628 623 1679 perierit,
643 1629 675 1667 si
696 1628 865 1667 cenassit
885 1628 1005 1667 domi.

282 1695 379 1732 haec
400 1694 521 1732 uerba
541 1693 728 1744 subigunt
748 1695 840 1732 med
862 1701 903 1732 ut
924 1707 1052 1732 mores
1073 1694 1258 1749 barbaro—s
1520 1711 1563 1744 40

282 1758 431 1797 discam
452 1766 571 1809 atque
591 1766 634 1797 ut
653 1758 794 1797 faciam
815 1759 1020 1810 praeconis
1040 1760 1322 1810 compendium

91 1833 153 1870 195
282 1823 414 1874 itaque
433 1823 658 1863 auctionem
680 1823 904 1874 praedicem
925 1824 1009 1875 ipse
1030 1833 1071 1863 ut
1092 1825 1305 1866 uenditem.

221 1938 278 1968 171
305 1928 474 1976 h.-queret
490 1927 543 1959 P:
568 1932 707 1968 quaeret
724 1928 894 1960 hominem
915 1929 1048 1970 Benllqv
1148 1940 1207 1969 173
1232 1930 1498 1971 exiplementum

177 2005 239 2046 (B)
266 2005 317 2036 vel
339 1980 593 2046 gxsgi’ementum
621 2005 694 2045 (exi
724 2017 797 2046 sup.
827 2005 919 2047 PCD)
943 2007 975 2038 P
1096 2009 1200 2047 175ήὸ
1234 2009 1360 2039 inverso
1389 2010 1500 2041 ordine

173 2048 347 2080 Acidalius
452 2059 512 2090 175
536 2051 749 2081 retractatoris
758 2060 823 2081 esse
833 2054 946 2091 potest,
958 2061 1059 2090 neque
1070 2051 1104 2081 in
1115 2062 1142 2084 v.
1162 2053 1308 2092 sequenti
1322 2052 1406 2084 illud
1420 2054 1500 2085 inde

175 2093 239 2124 iarn
253 2104 272 2124 a
285 2093 447 2124 Plautum
461 2092 578 2124 redolet
636 2098 834 2134 paupertem
846 2093 879 2124 P
943 2094 1094 2135 repperit
1104 2095 1137 2125 A
1255 2098 1315 2136 176
1332 2098 1427 2136 pansi
1444 2097 1500 2129 illo

173 2136 296 2177 P(pro
309 2137 467 2178 pausillo)
485 2137 537 2179 (cf.
551 2136 599 2168 ad
611 2137 700 2169 Truc.
713 2140 795 2179 940)
888 2140 948 2177 178
964 2138 1075 2169 omnis
1085 2143 1177 2170 artes
1190 2140 1224 2170 Ρ
1292 2141 1354 2172 180
1370 2143 1501 2173 essurio

173 2178 258 2223 (eo)
275 2179 413 2212 Mueller
516 2182 576 2211 182
601 2182 700 2212 nullis
717 2182 750 2211 A
820 2192 931 2212 essum
950 2192 1003 2213 me
1020 2182 1072 2213 P:
1096 2183 1285 2223 essumfflel.
1306 2185 1375 2227 me)
1397 2185 1500 2216 Bothe

174 2229 266 2259 (cum
278 2225 305 2255 si
318 2225 403 2264 qui),
419 2235 499 2255 uam
510 2225 608 2264 siqui⁷
621 2225 763 2266 displicet
852 2227 913 2256 186
936 2226 1094 2266 promitto
1105 2225 1138 2256 Ρ
1229 2228 1289 2258 188
1314 2228 1377 2259 iam
1390 2239 1454 2261 om.
1473 2229 1502 2260 Ρ

176 2270 237 2308 189
261 2268 340 2298 nihil
359 2268 392 2298 P
454 2269 630 2300 uerbumet
647 2269 680 2299 A
698 2280 704 2300 :
728 2268 867 2299 uerbum
884 2269 918 2299 P
982 2269 1209 2300 aculissimum
1228 2270 1261 2300 P
1350 2283 1406 2311 191
1433 2283 1498 2313 ego

172 2322 238 2342 om.
258 2311 291 2340 A
365 2312 446 2344 desr.
460 2311 548 2345 codd.
644 2323 702 2352 192
726 2313 759 2343 ni
777 2323 820 2343 cm
838 2323 880 2343 ne
897 2313 1001 2344 inem.
1022 2312 1055 2342 A
1124 2314 1223 2344 domo
1241 2313 1274 2343 P
1362 2326 1420 2355 193
1445 2327 1497 2347 me

174 2355 234 2395 (ila
246 2354 350 2396 codd.)
363 2356 408 2386 uti
421 2355 524 2387 Bothe
590 2366 649 2396 194
664 2366 846 2396 praecones
857 2356 887 2386 P
951 2367 1010 2396 195
1024 2357 1212 2398 uenditem]
1227 2368 1279 2389 me
1291 2360 1366 2390 ueni
1381 2360 1501 2391 itemP

217 2408 336 2429 PLAvr.
353 2409 379 2429 11
1367 2404 1409 2433 26
