<?xml version="1.0" encoding="UTF-8"?>
<!DOCTYPE html PUBLIC "-//W3C//DTD XHTML 1.0 Transitional//EN"
    "http://www.w3.org/TR/xhtml1/DTD/xhtml1-transitional.dtd">
<html xmlns="http://www.w3.org/1999/xhtml" xml:lang="en" lang="en">
 <head>
  <title>
</title>
<meta http-equiv="Content-Type" content="text/html;charset=utf-8" />
  <meta name='ocr-system' content='tesseract 3.04.00' />
  <meta name='ocr-capabilities' content='ocr_page ocr_carea ocr_par ocr_line ocrx_word'/>
</head>
<body>
  <div class='ocr_page' id='page_1' title='image "./tmacciplauticomo02plauuoft_0472.png"; bbox 0 0 1783 2707; ppageno 0'>
   <div class='ocr_carea' id='block_1_1' title="bbox 177 162 231 201">
    <p class='ocr_par' dir='ltr' id='par_1_1' title="bbox 177 162 231 201">
     <span class='ocr_line' id='line_1_1' title="bbox 177 162 231 201; baseline -0.037 0"><span class='ocrx_word' id='word_1_1' title='bbox 177 162 231 201; x_wconf 94' lang='lat' dir='ltr'>II.</span> 
     </span>
    </p>
   </div>
   <div class='ocr_carea' id='block_1_2' title="bbox 173 287 234 309">
    <p class='ocr_par' dir='ltr' id='par_1_2' title="bbox 173 287 234 309">
     <span class='ocr_line' id='line_1_2' title="bbox 173 287 234 309; baseline 0 -1"><span class='ocrx_word' id='word_1_2' title='bbox 173 287 234 309; x_wconf 80' lang='lat'>110</span> 
     </span>
    </p>
   </div>
   <div class='ocr_carea' id='block_1_3' title="bbox 171 615 228 646">
    <p class='ocr_par' dir='ltr' id='par_1_3' title="bbox 171 615 228 646">
     <span class='ocr_line' id='line_1_3' title="bbox 171 615 228 646; baseline 0 -9"><span class='ocrx_word' id='word_1_3' title='bbox 171 615 228 646; x_wconf 85' lang='lat'>115</span> 
     </span>
    </p>
   </div>
   <div class='ocr_carea' id='block_1_4' title="bbox 175 1010 236 1032">
    <p class='ocr_par' dir='ltr' id='par_1_4' title="bbox 175 1010 236 1032">
     <span class='ocr_line' id='line_1_4' title="bbox 175 1010 236 1032; baseline 0 0"><span class='ocrx_word' id='word_1_4' title='bbox 175 1010 236 1032; x_wconf 88' lang='lat'>120</span> 
     </span>
    </p>
   </div>
   <div class='ocr_carea' id='block_1_5' title="bbox 177 1334 236 1366">
    <p class='ocr_par' dir='ltr' id='par_1_5' title="bbox 177 1334 236 1366">
     <span class='ocr_line' id='line_1_5' title="bbox 177 1334 236 1366; baseline -0.017 -9"><span class='ocrx_word' id='word_1_5' title='bbox 177 1334 236 1366; x_wconf 84' lang='lat'>¹25</span> 
     </span>
    </p>
   </div>
   <div class='ocr_carea' id='block_1_6' title="bbox 179 1660 239 1691">
    <p class='ocr_par' dir='ltr' id='par_1_6' title="bbox 179 1660 239 1691">
     <span class='ocr_line' id='line_1_6' title="bbox 179 1660 239 1691; baseline -0.033 -7"><span class='ocrx_word' id='word_1_6' title='bbox 179 1660 239 1691; x_wconf 82' lang='lat'>130</span> 
     </span>
    </p>
   </div>
   <div class='ocr_carea' id='block_1_7' title="bbox 184 1988 244 2022">
    <p class='ocr_par' dir='ltr' id='par_1_7' title="bbox 184 1988 244 2022">
     <span class='ocr_line' id='line_1_7' title="bbox 184 1988 244 2022; baseline -0.033 0"><span class='ocrx_word' id='word_1_7' title='bbox 184 1988 244 2022; x_wconf 81' lang='lat'>135</span> 
     </span>
    </p>
   </div>
   <div class='ocr_carea' id='block_1_8' title="bbox 252 157 1170 198">
    <p class='ocr_par' dir='ltr' id='par_1_8' title="bbox 252 157 1170 198">
     <span class='ocr_line' id='line_1_8' title="bbox 252 157 1170 198; baseline -0.003 0"><span class='ocrx_word' id='word_1_8' title='bbox 252 161 298 198; x_wconf 90' lang='lat' dir='ltr'>iv</span> <span class='ocrx_word' id='word_1_9' title='bbox 675 160 721 196; x_wconf 87' lang='lat' dir='ltr'>T.</span> <span class='ocrx_word' id='word_1_10' title='bbox 756 160 798 196; x_wconf 87' lang='lat' dir='ltr'>M</span> <span class='ocrx_word' id='word_1_11' title='bbox 805 158 913 197; x_wconf 77' lang='lat' dir='ltr'>ACC</span> <span class='ocrx_word' id='word_1_12' title='bbox 919 158 935 195; x_wconf 93' lang='lat'>1</span> <span class='ocrx_word' id='word_1_13' title='bbox 968 157 1170 195; x_wconf 83' lang='lat' dir='ltr'><strong>PLAVTI</strong></span> 
     </span>
    </p>
   </div>
   <div class='ocr_carea' id='block_1_9' title="bbox 304 268 1677 2019">
    <p class='ocr_par' dir='ltr' id='par_1_9' title="bbox 307 268 1668 322">
     <span class='ocr_line' id='line_1_9' title="bbox 307 268 1668 322; baseline -0.007 -11"><span class='ocrx_word' id='word_1_14' title='bbox 307 274 412 311; x_wconf 87' lang='lat' dir='ltr'>solus</span> <span class='ocrx_word' id='word_1_15' title='bbox 433 272 593 322; x_wconf 88' lang='lat' dir='ltr'>superfit</span> <span class='ocrx_word' id='word_1_16' title='bbox 615 276 766 320; x_wconf 84' lang='lat' dir='ltr'>praeter</span> <span class='ocrx_word' id='word_1_17' title='bbox 786 268 907 307; x_wconf 87' lang='lat' dir='ltr'>uitam</span> <span class='ocrx_word' id='word_1_18' title='bbox 930 268 1106 306; x_wconf 87' lang='lat' dir='ltr'>relicuos.</span> <span class='ocrx_word' id='word_1_19' title='bbox 1600 283 1668 319; x_wconf 75' lang='lat'>510</span> 
     </span>
    </p>

    <p class='ocr_par' dir='ltr' id='par_1_10' title="bbox 308 331 1458 387">
     <span class='ocr_line' id='line_1_10' title="bbox 308 331 1458 387; baseline -0.005 -13"><span class='ocrx_word' id='word_1_20' title='bbox 308 339 381 374; x_wconf 82' lang='lat' dir='ltr'>PH.</span> <span class='ocrx_word' id='word_1_21' title='bbox 414 337 590 387; x_wconf 88' lang='lat' dir='ltr'>profecto</span> <span class='ocrx_word' id='word_1_22' title='bbox 611 335 746 374; x_wconf 89' lang='lat' dir='ltr'>dotem</span> <span class='ocrx_word' id='word_1_23' title='bbox 768 333 822 371; x_wconf 89' lang='lat' dir='ltr'>nil</span> <span class='ocrx_word' id='word_1_24' title='bbox 844 346 985 372; x_wconf 89' lang='lat' dir='ltr'>moror.</span> <span class='ocrx_word' id='word_1_25' title='bbox 1044 333 1114 370; x_wconf 72' lang='lat' dir='ltr'>LE.</span> <span class='ocrx_word' id='word_1_26' title='bbox 1148 337 1334 369; x_wconf 83' lang='lat' dir='ltr'><strong>certumst</strong></span> <span class='ocrx_word' id='word_1_27' title='bbox 1356 331 1458 369; x_wconf 82' lang='lat' dir='ltr'>dare.</span> 
     </span>
    </p>

    <p class='ocr_par' dir='ltr' id='par_1_11' title="bbox 307 397 1404 447">
     <span class='ocr_line' id='line_1_11' title="bbox 307 397 1404 447; baseline -0.005 -8"><span class='ocrx_word' id='word_1_28' title='bbox 307 404 368 440; x_wconf 85' lang='lat' dir='ltr'>ST.</span> <span class='ocrx_word' id='word_1_29' title='bbox 401 408 638 446; x_wconf 81' lang='lat' dir='ltr'>nostramne‚</span> <span class='ocrx_word' id='word_1_30' title='bbox 661 413 738 447; x_wconf 86' lang='lat' dir='ltr'>ere,</span> <span class='ocrx_word' id='word_1_31' title='bbox 754 398 813 437; x_wconf 91' lang='lat' dir='ltr'>uis</span> <span class='ocrx_word' id='word_1_32' title='bbox 835 397 1026 436; x_wconf 89' lang='lat' dir='ltr'>nutricem</span> <span class='ocrx_word' id='word_1_33' title='bbox 1049 409 1149 447; x_wconf 84' lang='lat' dir='ltr'>quae</span> <span class='ocrx_word' id='word_1_34' title='bbox 1170 409 1242 434; x_wconf 90' lang='lat' dir='ltr'>nos</span> <span class='ocrx_word' id='word_1_35' title='bbox 1263 397 1404 435; x_wconf 82' lang='lat' dir='ltr'>educat</span> 
     </span>
    </p>

    <p class='ocr_par' dir='ltr' id='par_1_12' title="bbox 304 461 1099 504">
     <span class='ocr_line' id='line_1_12' title="bbox 304 461 1099 504; baseline -0.006 0"><span class='ocrx_word' id='word_1_36' title='bbox 304 465 526 504; x_wconf 81' lang='lat' dir='ltr'>abalienare</span> <span class='ocrx_word' id='word_1_37' title='bbox 546 478 569 502; x_wconf 83' lang='lat' dir='ltr'><strong>a</strong></span> <span class='ocrx_word' id='word_1_38' title='bbox 588 463 734 502; x_wconf 90' lang='lat' dir='ltr'>nobis?</span> <span class='ocrx_word' id='word_1_39' title='bbox 762 476 859 501; x_wconf 81' lang='lat' dir='ltr'>caue</span> <span class='ocrx_word' id='word_1_40' title='bbox 880 461 931 500; x_wconf 83' lang='lat' dir='ltr'>sis</span> <span class='ocrx_word' id='word_1_41' title='bbox 952 461 1099 500; x_wconf 86' lang='lat' dir='ltr'>feceris.</span> 
     </span>
    </p>

    <p class='ocr_par' dir='ltr' id='par_1_13' title="bbox 305 526 1447 582">
     <span class='ocr_line' id='line_1_13' title="bbox 305 526 1447 582; baseline -0.005 -12"><span class='ocrx_word' id='word_1_42' title='bbox 305 531 401 582; x_wconf 84' lang='lat' dir='ltr'>quid</span> <span class='ocrx_word' id='word_1_43' title='bbox 422 532 585 570; x_wconf 80' lang='lat' dir='ltr'>edemus</span> <span class='ocrx_word' id='word_1_44' title='bbox 606 537 761 568; x_wconf 78' lang='lat' dir='ltr'>nosmet</span> <span class='ocrx_word' id='word_1_45' title='bbox 783 529 949 579; x_wconf 83' lang='lat' dir='ltr'>postea?</span> <span class='ocrx_word' id='word_1_46' title='bbox 1007 529 1076 565; x_wconf 84' lang='lat' dir='ltr'>LE.</span> <span class='ocrx_word' id='word_1_47' title='bbox 1109 526 1226 565; x_wconf 83' lang='lat' dir='ltr'>etiam</span> <span class='ocrx_word' id='word_1_48' title='bbox 1249 534 1290 565; x_wconf 84' lang='lat' dir='ltr'>tu</span> <span class='ocrx_word' id='word_1_49' title='bbox 1311 527 1447 564; x_wconf 81' lang='lat' dir='ltr'>taces?</span> 
     </span>
    </p>

    <p class='ocr_par' dir='ltr' id='par_1_14' title="bbox 304 590 1666 646">
     <span class='ocr_line' id='line_1_14' title="bbox 304 590 1666 646; baseline -0.004 -11"><span class='ocrx_word' id='word_1_50' title='bbox 304 596 403 635; x_wconf 85' lang='lat' dir='ltr'>tibin</span> <span class='ocrx_word' id='word_1_51' title='bbox 425 596 498 646; x_wconf 74' lang='lat' dir='ltr'>ego</span> <span class='ocrx_word' id='word_1_52' title='bbox 519 594 710 633; x_wconf 82' lang='lat' dir='ltr'>rationem</span> <span class='ocrx_word' id='word_1_53' title='bbox 732 594 925 632; x_wconf 81' lang='lat' dir='ltr'>reddam?</span> <span class='ocrx_word' id='word_1_54' title='bbox 983 593 1046 630; x_wconf 85' lang='lat' dir='ltr'>ST.</span> <span class='ocrx_word' id='word_1_55' title='bbox 1077 593 1194 642; x_wconf 83' lang='lat' dir='ltr'>plane</span> <span class='ocrx_word' id='word_1_56' title='bbox 1215 590 1400 641; x_wconf 85' lang='lat' dir='ltr'>periimus</span> <span class='ocrx_word' id='word_1_57' title='bbox 1602 603 1666 640; x_wconf 87' lang='lat'>515</span> 
     </span>
    </p>

    <p class='ocr_par' dir='ltr' id='par_1_15' title="bbox 305 657 1286 711">
     <span class='ocr_line' id='line_1_15' title="bbox 305 657 1286 711; baseline -0.006 -11"><span class='ocrx_word' id='word_1_58' title='bbox 305 661 379 700; x_wconf 88' lang='lat' dir='ltr'>nisi</span> <span class='ocrx_word' id='word_1_59' title='bbox 400 660 495 711; x_wconf 86' lang='lat' dir='ltr'>quid</span> <span class='ocrx_word' id='word_1_60' title='bbox 516 674 589 710; x_wconf 85' lang='lat' dir='ltr'>ego</span> <span class='ocrx_word' id='word_1_61' title='bbox 609 658 896 698; x_wconf 90' lang='lat' dir='ltr'>comminiscor.</span> <span class='ocrx_word' id='word_1_62' title='bbox 959 657 1101 704; x_wconf 88' lang='lat' dir='ltr'>Philto,</span> <span class='ocrx_word' id='word_1_63' title='bbox 1125 664 1163 695; x_wconf 90' lang='lat' dir='ltr'>te</span> <span class='ocrx_word' id='word_1_64' title='bbox 1183 658 1286 695; x_wconf 89' lang='lat' dir='ltr'>uolo.</span> 
     </span>
    </p>

    <p class='ocr_par' dir='ltr' id='par_1_16' title="bbox 307 720 1580 824">
     <span class='ocr_line' id='line_1_16' title="bbox 307 720 1580 776; baseline -0.005 -11"><span class='ocrx_word' id='word_1_65' title='bbox 307 729 381 765; x_wconf 83' lang='lat' dir='ltr'>PH.</span> <span class='ocrx_word' id='word_1_66' title='bbox 415 726 445 764; x_wconf 91' lang='lat' dir='ltr'>si</span> <span class='ocrx_word' id='word_1_67' title='bbox 467 725 562 776; x_wconf 88' lang='lat' dir='ltr'>quid</span> <span class='ocrx_word' id='word_1_68' title='bbox 584 725 655 772; x_wconf 86' lang='lat' dir='ltr'>uis,</span> <span class='ocrx_word' id='word_1_69' title='bbox 679 723 856 763; x_wconf 81' lang='lat' dir='ltr'>Stasime.</span> <span class='ocrx_word' id='word_1_70' title='bbox 918 724 979 761; x_wconf 84' lang='lat' dir='ltr'>ST.</span> <span class='ocrx_word' id='word_1_71' title='bbox 1013 724 1090 761; x_wconf 90' lang='lat' dir='ltr'>huc</span> <span class='ocrx_word' id='word_1_72' title='bbox 1121 723 1298 761; x_wconf 88' lang='lat' dir='ltr'>concede</span> <span class='ocrx_word' id='word_1_73' title='bbox 1322 720 1580 771; x_wconf 79' lang='lat' dir='ltr'>aliquantum.</span> 
     </span>
     <span class='ocr_line' id='line_1_17' title="bbox 1374 785 1579 824; baseline -0.005 0"><span class='ocrx_word' id='word_1_74' title='bbox 1374 789 1447 824; x_wconf 79' lang='lat' dir='ltr'>PH.</span> <span class='ocrx_word' id='word_1_75' title='bbox 1479 785 1579 824; x_wconf 86' lang='lat' dir='ltr'>licet.</span> 
     </span>
    </p>

    <p class='ocr_par' dir='ltr' id='par_1_17' title="bbox 309 853 1349 908">
     <span class='ocr_line' id='line_1_18' title="bbox 309 853 1349 908; baseline -0.008 -9"><span class='ocrx_word' id='word_1_76' title='bbox 309 862 370 899; x_wconf 85' lang='lat' dir='ltr'>ST.</span> <span class='ocrx_word' id='word_1_77' title='bbox 402 872 546 899; x_wconf 84' lang='lat' dir='ltr'>arcano</span> <span class='ocrx_word' id='word_1_78' title='bbox 567 858 637 897; x_wconf 88' lang='lat' dir='ltr'>tibi</span> <span class='ocrx_word' id='word_1_79' title='bbox 658 871 731 908; x_wconf 83' lang='lat' dir='ltr'>ego</span> <span class='ocrx_word' id='word_1_80' title='bbox 753 858 828 895; x_wconf 89' lang='lat' dir='ltr'>hoc</span> <span class='ocrx_word' id='word_1_81' title='bbox 849 856 950 903; x_wconf 87' lang='lat' dir='ltr'>dico,</span> <span class='ocrx_word' id='word_1_82' title='bbox 974 869 1023 894; x_wconf 92' lang='lat' dir='ltr'>ne</span> <span class='ocrx_word' id='word_1_83' title='bbox 1044 855 1108 893; x_wconf 88' lang='lat' dir='ltr'>ille</span> <span class='ocrx_word' id='word_1_84' title='bbox 1129 868 1175 893; x_wconf 81' lang='lat' dir='ltr'>ex</span> <span class='ocrx_word' id='word_1_85' title='bbox 1196 862 1233 893; x_wconf 85' lang='lat' dir='ltr'>te</span> <span class='ocrx_word' id='word_1_86' title='bbox 1254 853 1349 892; x_wconf 78' lang='lat' dir='ltr'>sciat</span> 
     </span>
    </p>

    <p class='ocr_par' dir='ltr' id='par_1_18' title="bbox 308 919 1496 975">
     <span class='ocr_line' id='line_1_19' title="bbox 308 919 1496 975; baseline -0.008 -10"><span class='ocrx_word' id='word_1_87' title='bbox 308 940 410 965; x_wconf 92' lang='lat' dir='ltr'>neue</span> <span class='ocrx_word' id='word_1_88' title='bbox 430 925 527 964; x_wconf 79' lang='lat' dir='ltr'>alius</span> <span class='ocrx_word' id='word_1_89' title='bbox 549 924 770 975; x_wconf 82' lang='lat' dir='ltr'>quisquam.</span> <span class='ocrx_word' id='word_1_90' title='bbox 830 924 903 960; x_wconf 82' lang='lat' dir='ltr'>PH.</span> <span class='ocrx_word' id='word_1_91' title='bbox 937 922 1052 960; x_wconf 87' lang='lat' dir='ltr'>crede</span> <span class='ocrx_word' id='word_1_92' title='bbox 1072 921 1258 959; x_wconf 82' lang='lat' dir='ltr'>audacter</span> <span class='ocrx_word' id='word_1_93' title='bbox 1278 919 1496 970; x_wconf 89' lang='lat' dir='ltr'>quidlubet.</span> 
     </span>
    </p>

    <p class='ocr_par' dir='ltr' id='par_1_19' title="bbox 310 985 1673 1042">
     <span class='ocr_line' id='line_1_20' title="bbox 310 985 1673 1042; baseline -0.005 -12"><span class='ocrx_word' id='word_1_94' title='bbox 310 994 372 1030; x_wconf 86' lang='lat' dir='ltr'>ST.</span> <span class='ocrx_word' id='word_1_95' title='bbox 405 1005 472 1042; x_wconf 90' lang='lat' dir='ltr'>per</span> <span class='ocrx_word' id='word_1_96' title='bbox 493 991 589 1029; x_wconf 88' lang='lat' dir='ltr'>deos</span> <span class='ocrx_word' id='word_1_97' title='bbox 609 997 728 1039; x_wconf 82' lang='lat' dir='ltr'>atque</span> <span class='ocrx_word' id='word_1_98' title='bbox 750 987 931 1027; x_wconf 88' lang='lat' dir='ltr'>homines</span> <span class='ocrx_word' id='word_1_99' title='bbox 952 987 1054 1032; x_wconf 87' lang='lat' dir='ltr'>dico,</span> <span class='ocrx_word' id='word_1_100' title='bbox 1078 1000 1127 1024; x_wconf 85' lang='lat' dir='ltr'>ne</span> <span class='ocrx_word' id='word_1_101' title='bbox 1148 993 1188 1024; x_wconf 88' lang='lat' dir='ltr'>tu</span> <span class='ocrx_word' id='word_1_102' title='bbox 1210 985 1330 1023; x_wconf 88' lang='lat' dir='ltr'>illunc</span> <span class='ocrx_word' id='word_1_103' title='bbox 1350 998 1484 1034; x_wconf 82' lang='lat' dir='ltr'>agrum</span> <span class='ocrx_word' id='word_1_104' title='bbox 1605 997 1673 1033; x_wconf 86' lang='lat'>520</span> 
     </span>
    </p>

    <p class='ocr_par' dir='ltr' id='par_1_20' title="bbox 310 1050 1207 1105">
     <span class='ocr_line' id='line_1_21' title="bbox 310 1050 1207 1105; baseline -0.008 -10"><span class='ocrx_word' id='word_1_105' title='bbox 310 1065 419 1096; x_wconf 91' lang='lat' dir='ltr'>tuom</span> <span class='ocrx_word' id='word_1_106' title='bbox 442 1055 526 1094; x_wconf 85' lang='lat' dir='ltr'>siris</span> <span class='ocrx_word' id='word_1_107' title='bbox 548 1067 738 1105; x_wconf 79' lang='lat' dir='ltr'>umquam</span> <span class='ocrx_word' id='word_1_108' title='bbox 761 1052 841 1091; x_wconf 85' lang='lat' dir='ltr'>fieri</span> <span class='ocrx_word' id='word_1_109' title='bbox 864 1066 993 1102; x_wconf 85' lang='lat' dir='ltr'>neque</span> <span class='ocrx_word' id='word_1_110' title='bbox 1014 1051 1119 1102; x_wconf 80' lang='lat' dir='ltr'>gnati</span> <span class='ocrx_word' id='word_1_111' title='bbox 1142 1050 1207 1089; x_wconf 88' lang='lat' dir='ltr'>tui.</span> 
     </span>
    </p>

    <p class='ocr_par' dir='ltr' id='par_1_21' title="bbox 310 1115 1438 1171">
     <span class='ocr_line' id='line_1_22' title="bbox 310 1115 1438 1171; baseline -0.006 -11"><span class='ocrx_word' id='word_1_112' title='bbox 310 1122 343 1161; x_wconf 91' lang='lat' dir='ltr'>ei</span> <span class='ocrx_word' id='word_1_113' title='bbox 366 1121 419 1160; x_wconf 89' lang='lat' dir='ltr'>rei</span> <span class='ocrx_word' id='word_1_114' title='bbox 440 1127 670 1171; x_wconf 80' lang='lat' dir='ltr'>argumenta</span> <span class='ocrx_word' id='word_1_115' title='bbox 691 1118 831 1158; x_wconf 81' lang='lat' dir='ltr'>dicam.</span> <span class='ocrx_word' id='word_1_116' title='bbox 895 1119 967 1155; x_wconf 84' lang='lat' dir='ltr'>PH.</span> <span class='ocrx_word' id='word_1_117' title='bbox 1000 1116 1135 1155; x_wconf 84' lang='lat' dir='ltr'>audire</span> <span class='ocrx_word' id='word_1_118' title='bbox 1156 1117 1298 1166; x_wconf 88' lang='lat' dir='ltr'>edepol</span> <span class='ocrx_word' id='word_1_119' title='bbox 1319 1115 1438 1154; x_wconf 89' lang='lat' dir='ltr'>lubet.</span> 
     </span>
    </p>

    <p class='ocr_par' dir='ltr' id='par_1_22' title="bbox 311 1180 1448 1237">
     <span class='ocr_line' id='line_1_23' title="bbox 311 1180 1448 1237; baseline -0.007 -11"><span class='ocrx_word' id='word_1_120' title='bbox 311 1190 373 1227; x_wconf 85' lang='lat' dir='ltr'>ST.</span> <span class='ocrx_word' id='word_1_121' title='bbox 406 1186 575 1237; x_wconf 87' lang='lat' dir='ltr'>primum</span> <span class='ocrx_word' id='word_1_122' title='bbox 597 1184 774 1224; x_wconf 90' lang='lat' dir='ltr'>omnium</span> <span class='ocrx_word' id='word_1_123' title='bbox 797 1183 890 1221; x_wconf 88' lang='lat' dir='ltr'>olim</span> <span class='ocrx_word' id='word_1_124' title='bbox 912 1190 1009 1221; x_wconf 79' lang='lat' dir='ltr'>terra</span> <span class='ocrx_word' id='word_1_125' title='bbox 1032 1195 1152 1232; x_wconf 87' lang='lat' dir='ltr'>quom</span> <span class='ocrx_word' id='word_1_126' title='bbox 1175 1180 1448 1231; x_wconf 84' lang='lat' dir='ltr'>proscinditur,</span> 
     </span>
    </p>

    <p class='ocr_par' dir='ltr' id='par_1_23' title="bbox 312 1248 1241 1303">
     <span class='ocr_line' id='line_1_24' title="bbox 312 1248 1241 1303; baseline -0.006 -12"><span class='ocrx_word' id='word_1_127' title='bbox 312 1253 350 1291; x_wconf 90' lang='lat' dir='ltr'>in</span> <span class='ocrx_word' id='word_1_128' title='bbox 372 1252 535 1303; x_wconf 87' lang='lat' dir='ltr'>quincto</span> <span class='ocrx_word' id='word_1_129' title='bbox 556 1264 716 1302; x_wconf 85' lang='lat' dir='ltr'>quoque</span> <span class='ocrx_word' id='word_1_130' title='bbox 737 1251 847 1288; x_wconf 83' lang='lat' dir='ltr'>sulco</span> <span class='ocrx_word' id='word_1_131' title='bbox 868 1248 1087 1288; x_wconf 84' lang='lat' dir='ltr'>moriuntur</span> <span class='ocrx_word' id='word_1_132' title='bbox 1109 1248 1241 1286; x_wconf 90' lang='lat' dir='ltr'>boues.</span> 
     </span>
    </p>

    <p class='ocr_par' dir='ltr' id='par_1_24' title="bbox 312 1313 1671 1368">
     <span class='ocr_line' id='line_1_25' title="bbox 312 1313 1671 1368; baseline -0.004 -11"><span class='ocrx_word' id='word_1_133' title='bbox 312 1321 385 1357; x_wconf 85' lang='lat' dir='ltr'>PH.</span> <span class='ocrx_word' id='word_1_134' title='bbox 418 1320 564 1368; x_wconf 82' lang='lat' dir='ltr'>apage!</span> <span class='ocrx_word' id='word_1_135' title='bbox 622 1318 684 1356; x_wconf 72' lang='grc' dir='ltr'>ΞΤ.</span> <span class='ocrx_word' id='word_1_136' title='bbox 718 1313 978 1354; x_wconf 85' lang='lat' dir='ltr'>Accheruntis</span> <span class='ocrx_word' id='word_1_137' title='bbox 999 1313 1143 1352; x_wconf 86' lang='lat' dir='ltr'>ostium</span> <span class='ocrx_word' id='word_1_138' title='bbox 1165 1313 1203 1351; x_wconf 88' lang='lat' dir='ltr'>in</span> <span class='ocrx_word' id='word_1_139' title='bbox 1226 1320 1397 1351; x_wconf 91' lang='lat' dir='ltr'>nostrost</span> <span class='ocrx_word' id='word_1_140' title='bbox 1416 1326 1518 1364; x_wconf 80' lang='lat' dir='ltr'>agro.</span> <span class='ocrx_word' id='word_1_141' title='bbox 1607 1324 1671 1361; x_wconf 81' lang='lat'>525</span> 
     </span>
    </p>

    <p class='ocr_par' dir='ltr' id='par_1_25' title="bbox 311 1378 1410 1433">
     <span class='ocr_line' id='line_1_26' title="bbox 311 1378 1410 1433; baseline -0.005 -11"><span class='ocrx_word' id='word_1_142' title='bbox 311 1393 394 1422; x_wconf 89' lang='lat' dir='ltr'>tum</span> <span class='ocrx_word' id='word_1_143' title='bbox 415 1383 552 1422; x_wconf 90' lang='lat' dir='ltr'>uinum</span> <span class='ocrx_word' id='word_1_144' title='bbox 574 1382 672 1433; x_wconf 84' lang='lat' dir='ltr'>priu&#39;</span> <span class='ocrx_word' id='word_1_145' title='bbox 692 1395 811 1431; x_wconf 83' lang='lat' dir='ltr'>quam</span> <span class='ocrx_word' id='word_1_146' title='bbox 833 1387 1029 1419; x_wconf 82' lang='lat' dir='ltr'>coctumst</span> <span class='ocrx_word' id='word_1_147' title='bbox 1050 1380 1196 1430; x_wconf 87' lang='lat' dir='ltr'>pendet</span> <span class='ocrx_word' id='word_1_148' title='bbox 1217 1378 1410 1429; x_wconf 88' lang='lat' dir='ltr'>putidum.</span> 
     </span>
    </p>

    <p class='ocr_par' dir='ltr' id='par_1_26' title="bbox 312 1444 1398 1494">
     <span class='ocr_line' id='line_1_27' title="bbox 312 1444 1398 1494; baseline -0.006 -6"><span class='ocrx_word' id='word_1_149' title='bbox 312 1451 381 1487; x_wconf 82' lang='lat' dir='ltr'>LE.</span> <span class='ocrx_word' id='word_1_150' title='bbox 414 1449 632 1488; x_wconf 82' lang='lat' dir='ltr'>consuadet</span> <span class='ocrx_word' id='word_1_151' title='bbox 653 1446 814 1494; x_wconf 84' lang='lat' dir='ltr'>homini,</span> <span class='ocrx_word' id='word_1_152' title='bbox 839 1447 969 1485; x_wconf 82' lang='lat' dir='ltr'>credo.</span> <span class='ocrx_word' id='word_1_153' title='bbox 1029 1444 1100 1484; x_wconf 87' lang='lat' dir='ltr'>etsi</span> <span class='ocrx_word' id='word_1_154' title='bbox 1121 1446 1308 1484; x_wconf 81' lang='lat' dir='ltr'>scelestus</span> <span class='ocrx_word' id='word_1_155' title='bbox 1330 1452 1398 1492; x_wconf 86' lang='lat' dir='ltr'>est,</span> 
     </span>
    </p>

    <p class='ocr_par' dir='ltr' id='par_1_27' title="bbox 311 1511 1214 1554">
     <span class='ocr_line' id='line_1_28' title="bbox 311 1511 1214 1554; baseline -0.004 -1"><span class='ocrx_word' id='word_1_156' title='bbox 311 1523 351 1554; x_wconf 80' lang='lat' dir='ltr'>at</span> <span class='ocrx_word' id='word_1_157' title='bbox 372 1514 424 1553; x_wconf 92' lang='lat' dir='ltr'>mi</span> <span class='ocrx_word' id='word_1_158' title='bbox 446 1513 615 1553; x_wconf 86' lang='lat' dir='ltr'>infidelis</span> <span class='ocrx_word' id='word_1_159' title='bbox 636 1527 716 1552; x_wconf 92' lang='lat' dir='ltr'>non</span> <span class='ocrx_word' id='word_1_160' title='bbox 738 1520 805 1551; x_wconf 89' lang='lat' dir='ltr'>est.</span> <span class='ocrx_word' id='word_1_161' title='bbox 868 1514 929 1550; x_wconf 84' lang='lat' dir='ltr'>ST.</span> <span class='ocrx_word' id='word_1_162' title='bbox 963 1511 1054 1550; x_wconf 80' lang='lat' dir='ltr'>audi</span> <span class='ocrx_word' id='word_1_163' title='bbox 1077 1518 1214 1550; x_wconf 82' lang='lat' dir='ltr'>cetera.</span> 
     </span>
    </p>

    <p class='ocr_par' dir='ltr' id='par_1_28' title="bbox 312 1576 1330 1631">
     <span class='ocr_line' id='line_1_29' title="bbox 312 1576 1330 1631; baseline -0.006 -12"><span class='ocrx_word' id='word_1_164' title='bbox 312 1579 454 1631; x_wconf 87' lang='lat' dir='ltr'>postid‚</span> <span class='ocrx_word' id='word_1_165' title='bbox 477 1578 661 1618; x_wconf 88' lang='lat' dir='ltr'>frumenti</span> <span class='ocrx_word' id='word_1_166' title='bbox 683 1591 802 1628; x_wconf 89' lang='lat' dir='ltr'>quom</span> <span class='ocrx_word' id='word_1_167' title='bbox 825 1576 918 1615; x_wconf 82' lang='lat' dir='ltr'>alibi</span> <span class='ocrx_word' id='word_1_168' title='bbox 941 1576 1077 1615; x_wconf 85' lang='lat' dir='ltr'>messis</span> <span class='ocrx_word' id='word_1_169' title='bbox 1100 1584 1330 1623; x_wconf 80' lang='lat' dir='ltr'>maxumast,</span> 
     </span>
    </p>

    <p class='ocr_par' dir='ltr' id='par_1_29' title="bbox 313 1640 1677 1695">
     <span class='ocr_line' id='line_1_30' title="bbox 313 1640 1677 1695; baseline -0.007 -11"><span class='ocrx_word' id='word_1_170' title='bbox 313 1645 426 1684; x_wconf 85' lang='lat' dir='ltr'>tribu’</span> <span class='ocrx_word' id='word_1_171' title='bbox 448 1644 564 1683; x_wconf 85' lang='lat' dir='ltr'>tantis</span> <span class='ocrx_word' id='word_1_172' title='bbox 585 1643 640 1682; x_wconf 92' lang='lat' dir='ltr'>illi</span> <span class='ocrx_word' id='word_1_173' title='bbox 661 1643 782 1681; x_wconf 80' lang='lat' dir='ltr'>minu’</span> <span class='ocrx_word' id='word_1_174' title='bbox 803 1640 967 1695; x_wconf 86' lang='lat' dir='ltr'>re[d]dit</span> <span class='ocrx_word' id='word_1_175' title='bbox 989 1656 1106 1692; x_wconf 79' lang='lat' dir='ltr'>quam</span> <span class='ocrx_word' id='word_1_176' title='bbox 1129 1641 1338 1692; x_wconf 84' lang='lat' dir='ltr'>opseueris.</span> <span class='ocrx_word' id='word_1_177' title='bbox 1609 1649 1677 1686; x_wconf 86' lang='lat'>530</span> 
     </span>
    </p>

    <p class='ocr_par' dir='ltr' id='par_1_30' title="bbox 315 1708 1221 1760">
     <span class='ocr_line' id='line_1_31' title="bbox 315 1708 1221 1760; baseline -0.004 -11"><span class='ocrx_word' id='word_1_178' title='bbox 315 1713 389 1749; x_wconf 84' lang='lat' dir='ltr'>PH.</span> <span class='ocrx_word' id='word_1_179' title='bbox 421 1723 485 1749; x_wconf 92' lang='lat' dir='ltr'>em</span> <span class='ocrx_word' id='word_1_180' title='bbox 505 1709 591 1748; x_wconf 87' lang='lat' dir='ltr'>istic</span> <span class='ocrx_word' id='word_1_181' title='bbox 612 1716 766 1760; x_wconf 88' lang='lat' dir='ltr'>oportet</span> <span class='ocrx_word' id='word_1_182' title='bbox 787 1708 915 1758; x_wconf 84' lang='lat' dir='ltr'>opseri</span> <span class='ocrx_word' id='word_1_183' title='bbox 938 1721 1064 1746; x_wconf 87' lang='lat' dir='ltr'>mores</span> <span class='ocrx_word' id='word_1_184' title='bbox 1088 1709 1221 1755; x_wconf 80' lang='lat' dir='ltr'>malos,</span> 
     </span>
    </p>

    <p class='ocr_par' dir='ltr' id='par_1_31' title="bbox 316 1773 1037 1826">
     <span class='ocr_line' id='line_1_32' title="bbox 316 1773 1037 1826; baseline -0.003 -12"><span class='ocrx_word' id='word_1_185' title='bbox 316 1775 346 1814; x_wconf 86' lang='lat' dir='ltr'>si</span> <span class='ocrx_word' id='word_1_186' title='bbox 368 1775 407 1814; x_wconf 91' lang='lat' dir='ltr'>in</span> <span class='ocrx_word' id='word_1_187' title='bbox 428 1776 650 1826; x_wconf 88' lang='lat' dir='ltr'>opserendo</span> <span class='ocrx_word' id='word_1_188' title='bbox 671 1774 822 1825; x_wconf 82' lang='lat' dir='ltr'>possint</span> <span class='ocrx_word' id='word_1_189' title='bbox 844 1773 1037 1812; x_wconf 87' lang='lat' dir='ltr'>interfieri.</span> 
     </span>
    </p>

    <p class='ocr_par' dir='ltr' id='par_1_32' title="bbox 317 1838 1482 1891">
     <span class='ocr_line' id='line_1_33' title="bbox 317 1838 1482 1891; baseline -0.002 -11"><span class='ocrx_word' id='word_1_190' title='bbox 317 1844 379 1880; x_wconf 88' lang='lat' dir='ltr'>ST.</span> <span class='ocrx_word' id='word_1_191' title='bbox 412 1854 541 1891; x_wconf 87' lang='lat' dir='ltr'>neque</span> <span class='ocrx_word' id='word_1_192' title='bbox 562 1853 750 1890; x_wconf 81' lang='lat' dir='ltr'>umquam</span> <span class='ocrx_word' id='word_1_193' title='bbox 773 1839 1021 1890; x_wconf 83' lang='lat' dir='ltr'>quisquamst</span> <span class='ocrx_word' id='word_1_194' title='bbox 1041 1839 1183 1890; x_wconf 87' lang='lat' dir='ltr'>quoius</span> <span class='ocrx_word' id='word_1_195' title='bbox 1203 1839 1281 1878; x_wconf 81' lang='lat' dir='ltr'>illic</span> <span class='ocrx_word' id='word_1_196' title='bbox 1302 1853 1391 1890; x_wconf 81' lang='lat' dir='ltr'>ager</span> <span class='ocrx_word' id='word_1_197' title='bbox 1412 1838 1482 1878; x_wconf 88' lang='lat' dir='ltr'>fuit</span> 
     </span>
    </p>

    <p class='ocr_par' dir='ltr' id='par_1_33' title="bbox 318 1905 1256 1957">
     <span class='ocr_line' id='line_1_34' title="bbox 318 1905 1256 1957; baseline -0.003 -11"><span class='ocrx_word' id='word_1_198' title='bbox 318 1906 412 1957; x_wconf 87' lang='lat' dir='ltr'>quin</span> <span class='ocrx_word' id='word_1_199' title='bbox 433 1919 616 1957; x_wconf 84' lang='lat' dir='ltr'>pessume</span> <span class='ocrx_word' id='word_1_200' title='bbox 637 1905 671 1944; x_wconf 92' lang='lat' dir='ltr'>ei</span> <span class='ocrx_word' id='word_1_201' title='bbox 693 1919 751 1944; x_wconf 85' lang='lat' dir='ltr'>res</span> <span class='ocrx_word' id='word_1_202' title='bbox 773 1905 933 1944; x_wconf 88' lang='lat' dir='ltr'>uorterit</span> <span class='ocrx_word' id='word_1_203' title='bbox 953 1920 959 1943; x_wconf 94' lang='lat'>:</span> <span class='ocrx_word' id='word_1_204' title='bbox 990 1905 1152 1956; x_wconf 89' lang='lat' dir='ltr'>quoium</span> <span class='ocrx_word' id='word_1_205' title='bbox 1174 1905 1256 1952; x_wconf 87' lang='lat' dir='ltr'>fuit,</span> 
     </span>
    </p>

    <p class='ocr_par' dir='ltr' id='par_1_34' title="bbox 317 1970 1674 2019">
     <span class='ocr_line' id='line_1_35' title="bbox 317 1970 1674 2019; baseline -0.001 -9"><span class='ocrx_word' id='word_1_206' title='bbox 317 1972 381 2011; x_wconf 78' lang='lat' dir='ltr'>alii</span> <span class='ocrx_word' id='word_1_207' title='bbox 402 1973 619 2010; x_wconf 80' lang='lat' dir='ltr'>exsulatum</span> <span class='ocrx_word' id='word_1_208' title='bbox 640 1971 832 2018; x_wconf 83' lang='lat' dir='ltr'>abierunt,</span> <span class='ocrx_word' id='word_1_209' title='bbox 855 1970 918 2009; x_wconf 83' lang='lat' dir='ltr'>alii</span> <span class='ocrx_word' id='word_1_210' title='bbox 939 1970 1117 2018; x_wconf 90' lang='lat' dir='ltr'>emortui,</span> <span class='ocrx_word' id='word_1_211' title='bbox 1611 1982 1674 2019; x_wconf 83' lang='lat'>535</span> 
     </span>
    </p>
   </div>
   <div class='ocr_carea' id='block_1_10' title="bbox 266 2076 1594 2425">
    <p class='ocr_par' dir='ltr' id='par_1_35' title="bbox 266 2076 1594 2425">
     <span class='ocr_line' id='line_1_36' title="bbox 309 2076 1592 2120; baseline -0.001 -11"><span class='ocrx_word' id='word_1_212' title='bbox 309 2087 372 2117; x_wconf 86' lang='lat'>510</span> <span class='ocrx_word' id='word_1_213' title='bbox 392 2082 467 2120; x_wconf 78' lang='lat' dir='ltr'>post</span> <span class='ocrx_word' id='word_1_214' title='bbox 484 2088 512 2108; x_wconf 82' lang='lat' dir='ltr'>v.</span> <span class='ocrx_word' id='word_1_215' title='bbox 539 2079 603 2117; x_wconf 85' lang='lat'>506</span> <span class='ocrx_word' id='word_1_216' title='bbox 625 2077 658 2108; x_wconf 87' lang='grc' dir='ltr'><em>Ρ</em></span> <span class='ocrx_word' id='word_1_217' title='bbox 798 2087 860 2117; x_wconf 93' lang='grc'>512</span> <span class='ocrx_word' id='word_1_218' title='bbox 886 2088 942 2108; x_wconf 86' lang='lat' dir='ltr'>ere</span> <span class='ocrx_word' id='word_1_219' title='bbox 960 2078 1011 2109; x_wconf 85' lang='lat' dir='ltr'>uis</span> <span class='ocrx_word' id='word_1_220' title='bbox 1031 2077 1194 2108; x_wconf 87' lang='lat' dir='ltr'>nutricem</span> <span class='ocrx_word' id='word_1_221' title='bbox 1216 2076 1450 2108; x_wconf 77' lang='lat' dir='ltr'>Lindemann:</span> <span class='ocrx_word' id='word_1_222' title='bbox 1485 2076 1592 2108; x_wconf 84' lang='lat' dir='ltr'>eleuis</span> 
     </span>
     <span class='ocr_line' id='line_1_37' title="bbox 266 2121 1590 2162; baseline -0.002 -8"><span class='ocrx_word' id='word_1_223' title='bbox 266 2123 395 2154; x_wconf 84' lang='lat' dir='ltr'>nutrice</span> <span class='ocrx_word' id='word_1_224' title='bbox 427 2131 483 2153; x_wconf 85' lang='lat' dir='ltr'>ere</span> <span class='ocrx_word' id='word_1_225' title='bbox 516 2121 548 2151; x_wconf 92' lang='lat' dir='ltr'><em>P</em></span> <span class='ocrx_word' id='word_1_226' title='bbox 577 2122 623 2162; x_wconf 46' lang='lat' dir='ltr'>gii.</span> <span class='ocrx_word' id='word_1_227' title='bbox 639 2122 694 2161; x_wconf 58' lang='lat' dir='ltr'>4)ss</span> <span class='ocrx_word' id='word_1_228' title='bbox 721 2131 778 2152; x_wconf 81' lang='lat' dir='ltr'>cre</span> <span class='ocrx_word' id='word_1_229' title='bbox 804 2122 854 2152; x_wconf 86' lang='lat' dir='ltr'>uis</span> <span class='ocrx_word' id='word_1_230' title='bbox 879 2122 999 2160; x_wconf 67' lang='lat' dir='ltr'>educat</span> <span class='ocrx_word' id='word_1_231' title='bbox 1022 2122 1186 2152; x_wconf 85' lang='lat' dir='ltr'>nutricem</span> <span class='ocrx_word' id='word_1_232' title='bbox 1205 2121 1237 2152; x_wconf 87' lang='lat' dir='ltr'><em>A</em></span> <span class='ocrx_word' id='word_1_233' title='bbox 1267 2123 1341 2162; x_wconf 72' lang='lat' dir='ltr'>(pro</span> <span class='ocrx_word' id='word_1_234' title='bbox 1365 2121 1590 2153; x_wconf 80' lang='lat' dir='ltr'>educatricem</span> 
     </span>
     <span class='ocr_line' id='line_1_38' title="bbox 266 2164 1594 2205; baseline -0.002 -8"><span class='ocrx_word' id='word_1_235' title='bbox 266 2177 344 2198; x_wconf 71' lang='lat' dir='ltr'>corr.</span> <span class='ocrx_word' id='word_1_236' title='bbox 366 2165 529 2197; x_wconf 84' lang='lat' dir='ltr'>nutricem</span> <span class='ocrx_word' id='word_1_237' title='bbox 542 2166 566 2205; x_wconf 65' lang='lat'>2)</span> <span class='ocrx_word' id='word_1_238' title='bbox 681 2176 781 2205; x_wconf 85' lang='lat' dir='ltr'>quem</span> <span class='ocrx_word' id='word_1_239' title='bbox 799 2165 831 2195; x_wconf 82' lang='lat' dir='ltr'><em>A</em></span> <span class='ocrx_word' id='word_1_240' title='bbox 975 2175 1037 2205; x_wconf 87' lang='lat'>515</span> <span class='ocrx_word' id='word_1_241' title='bbox 1062 2165 1122 2196; x_wconf 88' lang='lat' dir='ltr'>tibi</span> <span class='ocrx_word' id='word_1_242' title='bbox 1139 2164 1172 2195; x_wconf 83' lang='lat' dir='ltr'><em>P</em></span> <span class='ocrx_word' id='word_1_243' title='bbox 1280 2175 1365 2204; x_wconf 88' lang='lat' dir='ltr'>egon</span> <span class='ocrx_word' id='word_1_244' title='bbox 1384 2164 1430 2202; x_wconf 83' lang='lat' dir='ltr'>A,</span> <span class='ocrx_word' id='word_1_245' title='bbox 1448 2165 1503 2196; x_wconf 79' lang='lat' dir='ltr'>vix</span> <span class='ocrx_word' id='word_1_246' title='bbox 1519 2168 1594 2196; x_wconf 68' lang='lat' dir='ltr'>recle</span> 
     </span>
     <span class='ocr_line' id='line_1_39' title="bbox 268 2208 1591 2249; baseline -0.001 -9"><span class='ocrx_word' id='word_1_247' title='bbox 268 2211 332 2249; x_wconf 88' lang='lat'>516</span> <span class='ocrx_word' id='word_1_248' title='bbox 354 2209 459 2249; x_wconf 92' lang='lat' dir='ltr'>philio</span> <span class='ocrx_word' id='word_1_249' title='bbox 489 2209 522 2239; x_wconf 88' lang='lat' dir='ltr'><em>P</em></span> <span class='ocrx_word' id='word_1_250' title='bbox 661 2220 724 2249; x_wconf 84' lang='lat'>519</span> <span class='ocrx_word' id='word_1_251' title='bbox 747 2209 1001 2249; x_wconf 82' lang='lat' dir='ltr'>quisquisquam</span> <span class='ocrx_word' id='word_1_252' title='bbox 1025 2208 1058 2239; x_wconf 81' lang='lat' dir='ltr'><em>A</em></span> <span class='ocrx_word' id='word_1_253' title='bbox 1206 2219 1265 2247; x_wconf 84' lang='lat'>521</span> <span class='ocrx_word' id='word_1_254' title='bbox 1294 2219 1347 2239; x_wconf 90' lang='lat' dir='ltr'>um</span> <span class='ocrx_word' id='word_1_255' title='bbox 1374 2208 1447 2240; x_wconf 86' lang='lat' dir='ltr'>fieri</span> <span class='ocrx_word' id='word_1_256' title='bbox 1480 2218 1591 2248; x_wconf 83' lang='lat' dir='ltr'>neque</span> 
     </span>
     <span class='ocr_line' id='line_1_40' title="bbox 268 2250 1588 2294; baseline -0.002 -10"><span class='ocrx_word' id='word_1_257' title='bbox 268 2254 359 2293; x_wconf 84' lang='lat' dir='ltr'>gnati</span> <span class='ocrx_word' id='word_1_258' title='bbox 386 2253 431 2284; x_wconf 84' lang='lat' dir='ltr'>tui</span> <span class='ocrx_word' id='word_1_259' title='bbox 457 2264 554 2293; x_wconf 83' lang='lat' dir='ltr'>quam</span> <span class='ocrx_word' id='word_1_260' title='bbox 582 2253 614 2283; x_wconf 88' lang='lat' dir='ltr'><em>A</em></span> <span class='ocrx_word' id='word_1_261' title='bbox 648 2253 696 2294; x_wconf 68' lang='lat' dir='ltr'>(ii.</span> <span class='ocrx_word' id='word_1_262' title='bbox 718 2254 752 2293; x_wconf 64' lang='lat'>4)</span> <span class='ocrx_word' id='word_1_263' title='bbox 908 2262 970 2291; x_wconf 84' lang='lat'>522</span> <span class='ocrx_word' id='word_1_264' title='bbox 996 2256 1231 2292; x_wconf 82' lang='lat' dir='ltr'>argumentum</span> <span class='ocrx_word' id='word_1_265' title='bbox 1257 2252 1306 2283; x_wconf 87' lang='lat' dir='ltr'>P:</span> <span class='ocrx_word' id='word_1_266' title='bbox 1332 2252 1521 2291; x_wconf 84' lang='lat' dir='ltr'>argumenti</span> <span class='ocrx_word' id='word_1_267' title='bbox 1541 2250 1588 2282; x_wconf 80' lang='lat' dir='ltr'>A¹</span> 
     </span>
     <span class='ocr_line' id='line_1_41' title="bbox 268 2295 1594 2338; baseline -0.002 -10"><span class='ocrx_word' id='word_1_268' title='bbox 268 2306 331 2336; x_wconf 85' lang='lat'>523</span> <span class='ocrx_word' id='word_1_269' title='bbox 354 2307 456 2338; x_wconf 88' lang='lat' dir='ltr'>quom</span> <span class='ocrx_word' id='word_1_270' title='bbox 473 2308 538 2328; x_wconf 79' lang='lat' dir='ltr'>om.</span> <span class='ocrx_word' id='word_1_271' title='bbox 559 2296 590 2327; x_wconf 75' lang='lat' dir='ltr'><em>A</em></span> <span class='ocrx_word' id='word_1_272' title='bbox 690 2299 755 2336; x_wconf 84' lang='lat'>526</span> <span class='ocrx_word' id='word_1_273' title='bbox 778 2301 929 2327; x_wconf 82' lang='lat' dir='ltr'>coactust</span> <span class='ocrx_word' id='word_1_274' title='bbox 943 2296 1072 2336; x_wconf 71' lang='lat' dir='ltr'>(-mst2)</span> <span class='ocrx_word' id='word_1_275' title='bbox 1090 2296 1123 2327; x_wconf 85' lang='lat' dir='ltr'><em>P</em></span> <span class='ocrx_word' id='word_1_276' title='bbox 1229 2305 1293 2336; x_wconf 86' lang='grc'>529</span> <span class='ocrx_word' id='word_1_277' title='bbox 1317 2306 1382 2335; x_wconf 89' lang='lat' dir='ltr'>quo</span> <span class='ocrx_word' id='word_1_278' title='bbox 1398 2295 1431 2325; x_wconf 90' lang='lat' dir='ltr'><em>P</em></span> <span class='ocrx_word' id='word_1_279' title='bbox 1529 2305 1594 2335; x_wconf 84' lang='lat'>530</span> 
     </span>
     <span class='ocr_line' id='line_1_42' title="bbox 269 2338 1591 2381; baseline -0.001 -11"><span class='ocrx_word' id='word_1_280' title='bbox 269 2340 334 2372; x_wconf 83' lang='lat' dir='ltr'>illis</span> <span class='ocrx_word' id='word_1_281' title='bbox 350 2341 382 2371; x_wconf 81' lang='lat' dir='ltr'><em>A</em></span> <span class='ocrx_word' id='word_1_282' title='bbox 404 2343 475 2381; x_wconf 79' lang='lat' dir='ltr'>(pro</span> <span class='ocrx_word' id='word_1_283' title='bbox 493 2341 558 2372; x_wconf 76' lang='lat' dir='ltr'>illic</span> <span class='ocrx_word' id='word_1_284' title='bbox 573 2341 597 2379; x_wconf 69' lang='lat'>2)</span> <span class='ocrx_word' id='word_1_285' title='bbox 689 2340 774 2372; x_wconf 85' lang='lat' dir='ltr'>redit</span> <span class='ocrx_word' id='word_1_286' title='bbox 785 2338 975 2371; x_wconf 78' lang='lat' dir='ltr'>Lambinus</span> <span class='ocrx_word' id='word_1_287' title='bbox 1109 2349 1172 2379; x_wconf 84' lang='lat'>533</span> <span class='ocrx_word' id='word_1_288' title='bbox 1195 2340 1369 2379; x_wconf 84' lang='lat' dir='ltr'>quisquam</span> <span class='ocrx_word' id='word_1_289' title='bbox 1384 2340 1466 2381; x_wconf 83' lang='lat' dir='ltr'>(om.</span> <span class='ocrx_word' id='word_1_290' title='bbox 1486 2341 1546 2380; x_wconf 84' lang='lat' dir='ltr'>—st)</span> <span class='ocrx_word' id='word_1_291' title='bbox 1559 2338 1591 2369; x_wconf 83' lang='lat' dir='ltr'><em>A</em></span> 
     </span>
     <span class='ocr_line' id='line_1_43' title="bbox 267 2383 1288 2425; baseline 0 -11"><span class='ocrx_word' id='word_1_292' title='bbox 267 2384 323 2415; x_wconf 86' lang='lat' dir='ltr'>ille</span> <span class='ocrx_word' id='word_1_293' title='bbox 350 2384 452 2423; x_wconf 61' lang='lat' dir='ltr'>codd„</span> <span class='ocrx_word' id='word_1_294' title='bbox 480 2383 539 2415; x_wconf 81' lang='lat' dir='ltr'>scd</span> <span class='ocrx_word' id='word_1_295' title='bbox 560 2387 642 2424; x_wconf 70' lang='lat' dir='ltr'>ager</span> <span class='ocrx_word' id='word_1_296' title='bbox 667 2384 728 2416; x_wconf 73' lang='lat' dir='ltr'>fuit</span> <span class='ocrx_word' id='word_1_297' title='bbox 751 2383 890 2425; x_wconf 75' lang='lat' dir='ltr'>clt&#39;splt&#39;cct</span> <span class='ocrx_word' id='word_1_298' title='bbox 1039 2393 1103 2423; x_wconf 84' lang='lat'>535</span> <span class='ocrx_word' id='word_1_299' title='bbox 1126 2384 1240 2414; x_wconf 85' lang='lat' dir='ltr'>abiere</span> <span class='ocrx_word' id='word_1_300' title='bbox 1255 2383 1288 2413; x_wconf 80' lang='lat' dir='ltr'><em>A</em></span> 
     </span>
    </p>
   </div>
  </div>
 </body>
</html>
