<?xml version="1.0" encoding="UTF-8"?>
<!DOCTYPE html PUBLIC "-//W3C//DTD XHTML 1.0 Transitional//EN"
    "http://www.w3.org/TR/xhtml1/DTD/xhtml1-transitional.dtd">
<html xmlns="http://www.w3.org/1999/xhtml" xml:lang="en" lang="en">
 <head>
  <title>
</title>
<meta http-equiv="Content-Type" content="text/html;charset=utf-8" />
  <meta name='ocr-system' content='tesseract 3.04.00' />
  <meta name='ocr-capabilities' content='ocr_page ocr_carea ocr_par ocr_line ocrx_word'/>
</head>
<body>
  <div class='ocr_page' id='page_1' title='image "./tmacciplauticomo02plauuoft_0316.png"; bbox 0 0 1783 2707; ppageno 0'>
   <div class='ocr_carea' id='block_1_1' title="bbox 137 145 213 181">
    <p class='ocr_par' dir='ltr' id='par_1_1' title="bbox 137 145 213 181">
     <span class='ocr_line' id='line_1_1' title="bbox 137 145 213 181; baseline 0 0"><span class='ocrx_word' id='word_1_1' title='bbox 137 145 213 181; x_wconf 88' lang='grc' dir='ltr'><strong>ΙΙΙ.</strong></span> 
     </span>
    </p>
   </div>
   <div class='ocr_carea' id='block_1_2' title="bbox 173 856 212 890">
    <p class='ocr_par' dir='ltr' id='par_1_2' title="bbox 173 856 212 890">
     <span class='ocr_line' id='line_1_2' title="bbox 173 856 212 890; baseline 0 -11"><span class='ocrx_word' id='word_1_2' title='bbox 173 856 212 890; x_wconf 76' lang='grc'>70</span> 
     </span>
    </p>
   </div>
   <div class='ocr_carea' id='block_1_3' title="bbox 146 1184 211 1216">
    <p class='ocr_par' dir='ltr' id='par_1_3' title="bbox 146 1184 211 1216">
     <span class='ocr_line' id='line_1_3' title="bbox 146 1184 211 1216; baseline -0.015 0"><span class='ocrx_word' id='word_1_3' title='bbox 146 1184 211 1216; x_wconf 78' lang='grc'>·75</span> 
     </span>
    </p>
   </div>
   <div class='ocr_carea' id='block_1_4' title="bbox 171 1638 212 1667">
    <p class='ocr_par' dir='ltr' id='par_1_4' title="bbox 171 1628 298 1671">
     <span class='ocr_line' id='line_1_4' title="bbox 171 1638 212 1667; baseline 0 0"><span class='ocrx_word' id='word_1_4' title='bbox 171 1638 212 1667; x_wconf 87' lang='grc'>80</span> 
     </span>
    </p>
   </div>
   <div class='ocr_carea' id='block_1_5' title="bbox 237 143 1156 184">
    <p class='ocr_par' dir='ltr' id='par_1_5' title="bbox 237 143 1156 184">
     <span class='ocr_line' id='line_1_5' title="bbox 237 143 1156 184; baseline -0.001 -3"><span class='ocrx_word' id='word_1_5' title='bbox 237 144 265 181; x_wconf 90' lang='lat' dir='ltr'>ii</span> <span class='ocrx_word' id='word_1_6' title='bbox 662 146 706 183; x_wconf 91' lang='lat' dir='ltr'>T.</span> <span class='ocrx_word' id='word_1_7' title='bbox 741 144 921 184; x_wconf 85' lang='lat' dir='ltr'><strong>MACCI</strong></span> <span class='ocrx_word' id='word_1_8' title='bbox 953 143 1156 181; x_wconf 90' lang='lat' dir='ltr'>PLAVTI</span> 
     </span>
    </p>
   </div>
   <div class='ocr_carea' id='block_1_6' title="bbox 343 252 1648 305">
    <p class='ocr_par' dir='ltr' id='par_1_6' title="bbox 343 252 1648 305">
     <span class='ocr_line' id='line_1_6' title="bbox 343 252 1648 305; baseline -0.002 -13"><span class='ocrx_word' id='word_1_9' title='bbox 343 269 429 293; x_wconf 83' lang='lat' dir='ltr'>mea</span> <span class='ocrx_word' id='word_1_10' title='bbox 450 269 528 305; x_wconf 85' lang='lat' dir='ltr'>quo</span> <span class='ocrx_word' id='word_1_11' title='bbox 550 257 770 294; x_wconf 84' lang='lat' dir='ltr'>conductus</span> <span class='ocrx_word' id='word_1_12' title='bbox 790 255 919 293; x_wconf 82' lang='lat' dir='ltr'>uenio.</span> <span class='ocrx_word' id='word_1_13' title='bbox 980 257 1051 292; x_wconf 84' lang='grc' dir='ltr'>ΒΑ.</span> <span class='ocrx_word' id='word_1_14' title='bbox 1082 255 1133 292; x_wconf 87' lang='lat' dir='ltr'>ad</span> <span class='ocrx_word' id='word_1_15' title='bbox 1155 254 1362 291; x_wconf 86' lang='lat' dir='ltr'>furandum</span> <span class='ocrx_word' id='word_1_16' title='bbox 1386 252 1557 302; x_wconf 84' lang='lat' dir='ltr'>quidem.</span> <span class='ocrx_word' id='word_1_17' title='bbox 1580 262 1648 305; x_wconf 86' lang='lat'>850</span> 
     </span>
    </p>
   </div>
   <div class='ocr_carea' id='block_1_7' title="bbox 305 320 1563 1984">
    <p class='ocr_par' dir='ltr' id='par_1_7' title="bbox 342 320 1404 370">
     <span class='ocr_line' id='line_1_7' title="bbox 342 320 1404 370; baseline -0.004 -11"><span class='ocrx_word' id='word_1_18' title='bbox 342 322 413 360; x_wconf 88' lang='lat' dir='ltr'>CO.</span> <span class='ocrx_word' id='word_1_19' title='bbox 446 335 496 359; x_wconf 87' lang='lat' dir='ltr'>an</span> <span class='ocrx_word' id='word_1_20' title='bbox 517 329 557 358; x_wconf 89' lang='lat' dir='ltr'>tu</span> <span class='ocrx_word' id='word_1_21' title='bbox 579 320 754 359; x_wconf 87' lang='lat' dir='ltr'>inuenire</span> <span class='ocrx_word' id='word_1_22' title='bbox 774 322 948 370; x_wconf 78' lang='lat' dir='ltr'>postulas</span> <span class='ocrx_word' id='word_1_23' title='bbox 970 332 1210 369; x_wconf 84' lang='lat' dir='ltr'>quemquam</span> <span class='ocrx_word' id='word_1_24' title='bbox 1233 332 1404 368; x_wconf 82' lang='lat' dir='ltr'>coquom</span> 
     </span>
    </p>

    <p class='ocr_par' dir='ltr' id='par_1_8' title="bbox 342 384 1105 434">
     <span class='ocr_line' id='line_1_8' title="bbox 342 384 1105 434; baseline -0.001 -12"><span class='ocrx_word' id='word_1_25' title='bbox 342 385 415 423; x_wconf 88' lang='lat' dir='ltr'>nisi</span> <span class='ocrx_word' id='word_1_26' title='bbox 438 385 608 423; x_wconf 80' lang='lat' dir='ltr'>miluinis</span> <span class='ocrx_word' id='word_1_27' title='bbox 629 393 695 423; x_wconf 83' lang='lat' dir='ltr'>aut</span> <span class='ocrx_word' id='word_1_28' title='bbox 715 384 898 434; x_wconf 79' lang='lat' dir='ltr'>aquilinis</span> <span class='ocrx_word' id='word_1_29' title='bbox 920 384 1074 434; x_wconf 79' lang='lat' dir='ltr'>ungulis</span> <span class='ocrx_word' id='word_1_30' title='bbox 1088 386 1105 421; x_wconf 90' lang='lat'>?</span> 
     </span>
    </p>

    <p class='ocr_par' dir='ltr' id='par_1_9' title="bbox 346 450 1387 500">
     <span class='ocr_line' id='line_1_9' title="bbox 346 450 1387 500; baseline -0.001 -13"><span class='ocrx_word' id='word_1_31' title='bbox 346 452 414 488; x_wconf 82' lang='grc' dir='ltr'>ΒΑ.</span> <span class='ocrx_word' id='word_1_32' title='bbox 447 464 497 489; x_wconf 86' lang='lat' dir='ltr'>an</span> <span class='ocrx_word' id='word_1_33' title='bbox 518 459 558 488; x_wconf 88' lang='lat' dir='ltr'>tu</span> <span class='ocrx_word' id='word_1_34' title='bbox 580 450 835 500; x_wconf 83' lang='lat' dir='ltr'>coquinatum</span> <span class='ocrx_word' id='word_1_35' title='bbox 856 457 894 487; x_wconf 90' lang='lat' dir='ltr'>te</span> <span class='ocrx_word' id='word_1_36' title='bbox 916 450 969 487; x_wconf 90' lang='lat' dir='ltr'>ire</span> <span class='ocrx_word' id='word_1_37' title='bbox 990 463 1191 499; x_wconf 81' lang='lat' dir='ltr'>quoquam</span> <span class='ocrx_word' id='word_1_38' title='bbox 1214 450 1387 498; x_wconf 75' lang='lat' dir='ltr'>postulas</span> 
     </span>
    </p>

    <p class='ocr_par' dir='ltr' id='par_1_10' title="bbox 345 515 1288 566">
     <span class='ocr_line' id='line_1_10' title="bbox 345 515 1288 566; baseline -0.002 -13"><span class='ocrx_word' id='word_1_39' title='bbox 345 515 439 566; x_wconf 83' lang='lat' dir='ltr'>quin</span> <span class='ocrx_word' id='word_1_40' title='bbox 461 515 513 554; x_wconf 86' lang='lat' dir='ltr'>ibi</span> <span class='ocrx_word' id='word_1_41' title='bbox 535 515 754 554; x_wconf 74' lang='lat' dir='ltr'>constrictis</span> <span class='ocrx_word' id='word_1_42' title='bbox 775 515 929 564; x_wconf 79' lang='lat' dir='ltr'>ungulis</span> <span class='ocrx_word' id='word_1_43' title='bbox 951 528 1090 552; x_wconf 84' lang='lat' dir='ltr'>cenam</span> <span class='ocrx_word' id='word_1_44' title='bbox 1112 515 1288 563; x_wconf 80' lang='lat' dir='ltr'>coquas?</span> 
     </span>
    </p>

    <p class='ocr_par' dir='ltr' id='par_1_11' title="bbox 344 579 1265 629">
     <span class='ocr_line' id='line_1_11' title="bbox 344 579 1265 629; baseline -0.003 -10"><span class='ocrx_word' id='word_1_45' title='bbox 344 595 448 619; x_wconf 84' lang='lat' dir='ltr'>nunc</span> <span class='ocrx_word' id='word_1_46' title='bbox 469 582 570 619; x_wconf 83' lang='lat' dir='ltr'>adeo</span> <span class='ocrx_word' id='word_1_47' title='bbox 591 589 642 628; x_wconf 88' lang='lat' dir='ltr'>tu,</span> <span class='ocrx_word' id='word_1_48' title='bbox 666 580 733 629; x_wconf 86' lang='lat' dir='ltr'>qui</span> <span class='ocrx_word' id='word_1_49' title='bbox 754 594 864 618; x_wconf 87' lang='lat' dir='ltr'>meus</span> <span class='ocrx_word' id='word_1_50' title='bbox 885 593 937 627; x_wconf 80' lang='lat' dir='ltr'>eS‚</span> <span class='ocrx_word' id='word_1_51' title='bbox 960 579 1037 617; x_wconf 86' lang='lat' dir='ltr'>iam</span> <span class='ocrx_word' id='word_1_52' title='bbox 1059 579 1173 617; x_wconf 86' lang='lat' dir='ltr'>edico</span> <span class='ocrx_word' id='word_1_53' title='bbox 1194 579 1265 616; x_wconf 85' lang='lat' dir='ltr'>tibi</span> 
     </span>
    </p>

    <p class='ocr_par' dir='ltr' id='par_1_12' title="bbox 341 644 1116 696">
     <span class='ocr_line' id='line_1_12' title="bbox 341 644 1116 696; baseline -0.004 -12"><span class='ocrx_word' id='word_1_54' title='bbox 341 654 382 684; x_wconf 89' lang='lat' dir='ltr'>ut</span> <span class='ocrx_word' id='word_1_55' title='bbox 404 654 534 684; x_wconf 83' lang='lat' dir='ltr'>nostra</span> <span class='ocrx_word' id='word_1_56' title='bbox 554 659 738 696; x_wconf 89' lang='lat' dir='ltr'>properes</span> <span class='ocrx_word' id='word_1_57' title='bbox 759 644 911 683; x_wconf 85' lang='lat' dir='ltr'>amoliri</span> <span class='ocrx_word' id='word_1_58' title='bbox 933 659 950 678; x_wconf 63' lang='lat' dir='ltr'>&gt;k</span> <span class='ocrx_word' id='word_1_59' title='bbox 974 644 1116 691; x_wconf 81' lang='lat' dir='ltr'>omnia,</span> 
     </span>
    </p>

    <p class='ocr_par' dir='ltr' id='par_1_13' title="bbox 341 709 1272 749">
     <span class='ocr_line' id='line_1_13' title="bbox 341 709 1272 749; baseline -0.002 -1"><span class='ocrx_word' id='word_1_60' title='bbox 341 719 424 748; x_wconf 88' lang='lat' dir='ltr'>tum</span> <span class='ocrx_word' id='word_1_61' title='bbox 446 720 487 749; x_wconf 90' lang='lat' dir='ltr'>ut</span> <span class='ocrx_word' id='word_1_62' title='bbox 508 711 623 749; x_wconf 86' lang='lat' dir='ltr'>huius</span> <span class='ocrx_word' id='word_1_63' title='bbox 644 712 780 748; x_wconf 87' lang='lat' dir='ltr'>oculos</span> <span class='ocrx_word' id='word_1_64' title='bbox 801 710 840 747; x_wconf 83' lang='lat' dir='ltr'>in</span> <span class='ocrx_word' id='word_1_65' title='bbox 862 709 985 747; x_wconf 88' lang='lat' dir='ltr'>oculis</span> <span class='ocrx_word' id='word_1_66' title='bbox 1007 710 1153 747; x_wconf 79' lang='lat' dir='ltr'>habeas</span> <span class='ocrx_word' id='word_1_67' title='bbox 1174 709 1272 747; x_wconf 84' lang='lat' dir='ltr'>tuis:</span> 
     </span>
    </p>

    <p class='ocr_par' dir='ltr' id='par_1_14' title="bbox 341 774 1306 826">
     <span class='ocr_line' id='line_1_14' title="bbox 341 774 1306 826; baseline -0.002 -13"><span class='ocrx_word' id='word_1_68' title='bbox 341 790 502 826; x_wconf 79' lang='lat' dir='ltr'>quoquo</span> <span class='ocrx_word' id='word_1_69' title='bbox 524 776 586 814; x_wconf 87' lang='lat' dir='ltr'>hic</span> <span class='ocrx_word' id='word_1_70' title='bbox 609 775 812 825; x_wconf 85' lang='lat' dir='ltr'>spectabit,</span> <span class='ocrx_word' id='word_1_71' title='bbox 836 789 883 813; x_wconf 92' lang='lat' dir='ltr'>eo</span> <span class='ocrx_word' id='word_1_72' title='bbox 904 783 945 813; x_wconf 91' lang='lat' dir='ltr'>tu</span> <span class='ocrx_word' id='word_1_73' title='bbox 968 783 1144 825; x_wconf 82' lang='lat' dir='ltr'>spectato</span> <span class='ocrx_word' id='word_1_74' title='bbox 1166 774 1306 821; x_wconf 78' lang='lat' dir='ltr'>simul3</span> 
     </span>
    </p>

    <p class='ocr_par' dir='ltr' id='par_1_15' title="bbox 341 839 1283 891">
     <span class='ocr_line' id='line_1_15' title="bbox 341 839 1283 891; baseline -0.003 -12"><span class='ocrx_word' id='word_1_75' title='bbox 341 841 371 879; x_wconf 83' lang='lat' dir='ltr'>si</span> <span class='ocrx_word' id='word_1_76' title='bbox 393 855 472 891; x_wconf 88' lang='lat' dir='ltr'>quo</span> <span class='ocrx_word' id='word_1_77' title='bbox 493 841 555 879; x_wconf 87' lang='lat' dir='ltr'>hic</span> <span class='ocrx_word' id='word_1_78' title='bbox 576 841 781 891; x_wconf 77' lang='lat' dir='ltr'>gradietur,</span> <span class='ocrx_word' id='word_1_79' title='bbox 805 840 946 890; x_wconf 83' lang='lat' dir='ltr'>pariter</span> <span class='ocrx_word' id='word_1_80' title='bbox 966 839 1283 890; x_wconf 75' lang='lat' dir='ltr'>progredimi1m3</span> 
     </span>
    </p>

    <p class='ocr_par' dir='ltr' id='par_1_16' title="bbox 340 906 1331 956">
     <span class='ocr_line' id='line_1_16' title="bbox 340 906 1331 956; baseline -0.003 -12"><span class='ocrx_word' id='word_1_81' title='bbox 340 920 501 944; x_wconf 84' lang='lat' dir='ltr'>manum</span> <span class='ocrx_word' id='word_1_82' title='bbox 523 908 553 944; x_wconf 81' lang='lat' dir='ltr'>si</span> <span class='ocrx_word' id='word_1_83' title='bbox 575 907 771 956; x_wconf 78' lang='lat' dir='ltr'>protollet‚</span> <span class='ocrx_word' id='word_1_84' title='bbox 792 906 933 956; x_wconf 88' lang='lat' dir='ltr'>pariter</span> <span class='ocrx_word' id='word_1_85' title='bbox 953 907 1124 955; x_wconf 83' lang='lat' dir='ltr'>proferto</span> <span class='ocrx_word' id='word_1_86' title='bbox 1146 918 1307 942; x_wconf 81' lang='lat' dir='ltr'>manum</span> <span class='ocrx_word' id='word_1_87' title='bbox 1325 920 1331 942; x_wconf 92' lang='lat'>:</span> 
     </span>
    </p>

    <p class='ocr_par' dir='ltr' id='par_1_17' title="bbox 339 971 1246 1022">
     <span class='ocr_line' id='line_1_17' title="bbox 339 971 1246 1022; baseline -0.003 -12"><span class='ocrx_word' id='word_1_88' title='bbox 339 985 452 1010; x_wconf 80' lang='lat' dir='ltr'>suom</span> <span class='ocrx_word' id='word_1_89' title='bbox 474 973 505 1010; x_wconf 85' lang='lat' dir='ltr'>si</span> <span class='ocrx_word' id='word_1_90' title='bbox 526 972 621 1022; x_wconf 86' lang='lat' dir='ltr'>quid</span> <span class='ocrx_word' id='word_1_91' title='bbox 643 979 781 1018; x_wconf 85' lang='lat' dir='ltr'>sumet,</span> <span class='ocrx_word' id='word_1_92' title='bbox 806 971 846 1010; x_wconf 91' lang='lat' dir='ltr'>id</span> <span class='ocrx_word' id='word_1_93' title='bbox 867 979 908 1009; x_wconf 93' lang='lat' dir='ltr'>tu</span> <span class='ocrx_word' id='word_1_94' title='bbox 930 971 1046 1008; x_wconf 87' lang='lat' dir='ltr'>sinito</span> <span class='ocrx_word' id='word_1_95' title='bbox 1068 984 1246 1019; x_wconf 74' lang='lat' dir='ltr'>sumere3</span> 
     </span>
    </p>

    <p class='ocr_par' dir='ltr' id='par_1_18' title="bbox 340 1034 1207 1084">
     <span class='ocr_line' id='line_1_18' title="bbox 340 1034 1207 1084; baseline -0.002 -9"><span class='ocrx_word' id='word_1_96' title='bbox 340 1037 370 1075; x_wconf 86' lang='lat' dir='ltr'>si</span> <span class='ocrx_word' id='word_1_97' title='bbox 392 1046 568 1076; x_wconf 82' lang='lat' dir='ltr'>nostrum</span> <span class='ocrx_word' id='word_1_98' title='bbox 590 1045 728 1084; x_wconf 88' lang='lat' dir='ltr'>sumet,</span> <span class='ocrx_word' id='word_1_99' title='bbox 751 1046 793 1075; x_wconf 94' lang='lat' dir='ltr'>tu</span> <span class='ocrx_word' id='word_1_100' title='bbox 814 1034 947 1075; x_wconf 84' lang='lat' dir='ltr'>teneto</span> <span class='ocrx_word' id='word_1_101' title='bbox 967 1036 1207 1074; x_wconf 83' lang='lat' dir='ltr'>altrinsecus.</span> 
     </span>
    </p>

    <p class='ocr_par' dir='ltr' id='par_1_19' title="bbox 342 1101 1119 1150">
     <span class='ocr_line' id='line_1_19' title="bbox 342 1101 1119 1150; baseline -0.003 -9"><span class='ocrx_word' id='word_1_102' title='bbox 342 1103 372 1140; x_wconf 86' lang='lat' dir='ltr'>si</span> <span class='ocrx_word' id='word_1_103' title='bbox 394 1103 465 1141; x_wconf 85' lang='lat' dir='ltr'>iste</span> <span class='ocrx_word' id='word_1_104' title='bbox 485 1103 567 1150; x_wconf 82' lang='lat' dir='ltr'>ibit,</span> <span class='ocrx_word' id='word_1_105' title='bbox 590 1103 655 1150; x_wconf 89' lang='lat' dir='ltr'>ito,</span> <span class='ocrx_word' id='word_1_106' title='bbox 680 1102 808 1150; x_wconf 87' lang='lat' dir='ltr'>stabit,</span> <span class='ocrx_word' id='word_1_107' title='bbox 830 1110 957 1140; x_wconf 84' lang='lat' dir='ltr'>astato</span> <span class='ocrx_word' id='word_1_108' title='bbox 978 1101 1119 1148; x_wconf 69' lang='lat' dir='ltr'>simulg</span> 
     </span>
    </p>

    <p class='ocr_par' dir='ltr' id='par_1_20' title="bbox 343 1167 1110 1218">
     <span class='ocr_line' id='line_1_20' title="bbox 343 1167 1110 1218; baseline -0.003 -12"><span class='ocrx_word' id='word_1_109' title='bbox 343 1169 373 1206; x_wconf 85' lang='lat' dir='ltr'>si</span> <span class='ocrx_word' id='word_1_110' title='bbox 394 1169 667 1218; x_wconf 81' lang='lat' dir='ltr'>conquiniscet</span> <span class='ocrx_word' id='word_1_111' title='bbox 687 1168 783 1216; x_wconf 79' lang='lat' dir='ltr'>istic,</span> <span class='ocrx_word' id='word_1_112' title='bbox 807 1167 1110 1217; x_wconf 83' lang='lat' dir='ltr'>conquiniscito.</span> 
     </span>
    </p>

    <p class='ocr_par' dir='ltr' id='par_1_21' title="bbox 341 1232 1234 1283">
     <span class='ocr_line' id='line_1_21' title="bbox 341 1232 1234 1283; baseline -0.002 -12"><span class='ocrx_word' id='word_1_113' title='bbox 341 1234 435 1272; x_wconf 84' lang='lat' dir='ltr'>item</span> <span class='ocrx_word' id='word_1_114' title='bbox 456 1233 515 1271; x_wconf 84' lang='lat' dir='ltr'>his</span> <span class='ocrx_word' id='word_1_115' title='bbox 536 1233 737 1283; x_wconf 79' lang='lat' dir='ltr'>discipulis</span> <span class='ocrx_word' id='word_1_116' title='bbox 759 1233 891 1283; x_wconf 83' lang='lat' dir='ltr'>priuos</span> <span class='ocrx_word' id='word_1_117' title='bbox 912 1234 1097 1270; x_wconf 75' lang='lat' dir='ltr'>custodes</span> <span class='ocrx_word' id='word_1_118' title='bbox 1118 1232 1234 1270; x_wconf 84' lang='lat' dir='ltr'>dabo.</span> 
     </span>
    </p>

    <p class='ocr_par' dir='ltr' id='par_1_22' title="bbox 341 1296 1560 1346">
     <span class='ocr_line' id='line_1_22' title="bbox 341 1296 1560 1346; baseline -0.004 -8"><span class='ocrx_word' id='word_1_119' title='bbox 341 1300 413 1338; x_wconf 93' lang='lat' dir='ltr'>Co.</span> <span class='ocrx_word' id='word_1_120' title='bbox 450 1299 552 1337; x_wconf 88' lang='lat' dir='ltr'>habe</span> <span class='ocrx_word' id='word_1_121' title='bbox 587 1300 708 1337; x_wconf 79' lang='lat' dir='ltr'>modo</span> <span class='ocrx_word' id='word_1_122' title='bbox 742 1299 893 1337; x_wconf 85' lang='lat' dir='ltr'>bonum</span> <span class='ocrx_word' id='word_1_123' title='bbox 932 1298 1121 1335; x_wconf 84' lang='lat' dir='ltr'>animum.</span> <span class='ocrx_word' id='word_1_124' title='bbox 1199 1299 1271 1335; x_wconf 78' lang='lat' dir='ltr'>BA.</span> <span class='ocrx_word' id='word_1_125' title='bbox 1308 1308 1457 1346; x_wconf 80' lang='lat' dir='ltr'>quaeso</span> <span class='ocrx_word' id='word_1_126' title='bbox 1493 1296 1560 1345; x_wconf 88' lang='lat' dir='ltr'>qui</span> 
     </span>
    </p>

    <p class='ocr_par' dir='ltr' id='par_1_23' title="bbox 1278 1360 1560 1411">
     <span class='ocr_line' id='line_1_23' title="bbox 1278 1360 1560 1411; baseline -0.007 -12"><span class='ocrx_word' id='word_1_127' title='bbox 1278 1374 1439 1411; x_wconf 87' lang='lat' dir='ltr'>possum</span> <span class='ocrx_word' id='word_1_128' title='bbox 1460 1360 1560 1398; x_wconf 92' lang='lat' dir='ltr'>doce</span> 
     </span>
    </p>

    <p class='ocr_par' dir='ltr' id='par_1_24' title="bbox 338 1425 1559 1478">
     <span class='ocr_line' id='line_1_24' title="bbox 338 1425 1559 1478; baseline -0.006 -10"><span class='ocrx_word' id='word_1_129' title='bbox 338 1430 490 1468; x_wconf 87' lang='lat' dir='ltr'>bonum</span> <span class='ocrx_word' id='word_1_130' title='bbox 517 1429 693 1468; x_wconf 85' lang='lat' dir='ltr'>animum</span> <span class='ocrx_word' id='word_1_131' title='bbox 724 1429 870 1467; x_wconf 85' lang='lat' dir='ltr'>habere</span> <span class='ocrx_word' id='word_1_132' title='bbox 904 1428 971 1478; x_wconf 85' lang='lat' dir='ltr'>qui</span> <span class='ocrx_word' id='word_1_133' title='bbox 1003 1436 1041 1466; x_wconf 89' lang='lat' dir='ltr'>te</span> <span class='ocrx_word' id='word_1_134' title='bbox 1075 1428 1126 1466; x_wconf 90' lang='lat' dir='ltr'>ad</span> <span class='ocrx_word' id='word_1_135' title='bbox 1161 1440 1224 1465; x_wconf 88' lang='lat' dir='ltr'>me</span> <span class='ocrx_word' id='word_1_136' title='bbox 1258 1428 1455 1464; x_wconf 84' lang='lat' dir='ltr'>adducam</span> <span class='ocrx_word' id='word_1_137' title='bbox 1490 1425 1559 1462; x_wconf 90' lang='lat' dir='ltr'>do-</span> 
     </span>
    </p>

    <p class='ocr_par' dir='ltr' id='par_1_25' title="bbox 305 1490 1563 1613">
     <span class='ocr_line' id='line_1_25' title="bbox 1425 1490 1563 1527; baseline 0 0"><span class='ocrx_word' id='word_1_138' title='bbox 1425 1503 1533 1527; x_wconf 87' lang='lat' dir='ltr'>mum</span> <span class='ocrx_word' id='word_1_139' title='bbox 1546 1490 1563 1527; x_wconf 91' lang='lat'>?</span> 
     </span>
     <span class='ocr_line' id='line_1_26' title="bbox 305 1558 1346 1613; baseline -0.006 -13"><span class='ocrx_word' id='word_1_140' title='bbox 305 1611 307 1613; x_wconf 23' lang='grc'><em>,</em></span> <span class='ocrx_word' id='word_1_141' title='bbox 341 1563 412 1600; x_wconf 90' lang='lat' dir='ltr'>CO.</span> <span class='ocrx_word' id='word_1_142' title='bbox 446 1561 537 1611; x_wconf 87' lang='lat' dir='ltr'>quia</span> <span class='ocrx_word' id='word_1_143' title='bbox 558 1560 773 1599; x_wconf 85' lang='lat' dir='ltr'>sorbitione</span> <span class='ocrx_word' id='word_1_144' title='bbox 794 1559 933 1598; x_wconf 88' lang='lat' dir='ltr'>faciam</span> <span class='ocrx_word' id='word_1_145' title='bbox 956 1572 1029 1609; x_wconf 87' lang='lat' dir='ltr'>ego</span> <span class='ocrx_word' id='word_1_146' title='bbox 1049 1558 1169 1597; x_wconf 88' lang='lat' dir='ltr'>hodie</span> <span class='ocrx_word' id='word_1_147' title='bbox 1190 1565 1228 1596; x_wconf 92' lang='lat' dir='ltr'>te</span> <span class='ocrx_word' id='word_1_148' title='bbox 1249 1570 1346 1602; x_wconf 84' lang='lat' dir='ltr'>mea,</span> 
     </span>
    </p>

    <p class='ocr_par' dir='ltr' id='par_1_26' title="bbox 340 1623 1206 1679">
     <span class='ocr_line' id='line_1_27' title="bbox 340 1623 1206 1679; baseline -0.006 -14"><span class='ocrx_word' id='word_1_149' title='bbox 340 1627 433 1665; x_wconf 89' lang='lat' dir='ltr'>item</span> <span class='ocrx_word' id='word_1_150' title='bbox 455 1634 497 1665; x_wconf 89' lang='lat' dir='ltr'>ut</span> <span class='ocrx_word' id='word_1_151' title='bbox 520 1627 665 1665; x_wconf 87' lang='lat' dir='ltr'>Medea</span> <span class='ocrx_word' id='word_1_152' title='bbox 686 1625 834 1664; x_wconf 88' lang='lat' dir='ltr'>Peliam</span> <span class='ocrx_word' id='word_1_153' title='bbox 856 1623 1039 1679; x_wconf 77' lang='lat' dir='ltr'>concoxit</span> <span class='ocrx_word' id='word_1_154' title='bbox 1060 1636 1206 1668; x_wconf 85' lang='lat' dir='ltr'>senem,</span> 
     </span>
    </p>

    <p class='ocr_par' dir='ltr' id='par_1_27' title="bbox 339 1686 1279 1742">
     <span class='ocr_line' id='line_1_28' title="bbox 339 1686 1279 1742; baseline -0.006 -12"><span class='ocrx_word' id='word_1_155' title='bbox 339 1706 458 1742; x_wconf 83' lang='lat' dir='ltr'>quem</span> <span class='ocrx_word' id='word_1_156' title='bbox 480 1691 772 1730; x_wconf 85' lang='lat' dir='ltr'>medicamento</span> <span class='ocrx_word' id='word_1_157' title='bbox 793 1698 830 1728; x_wconf 93' lang='lat' dir='ltr'>et</span> <span class='ocrx_word' id='word_1_158' title='bbox 852 1690 931 1728; x_wconf 86' lang='lat' dir='ltr'>suis</span> <span class='ocrx_word' id='word_1_159' title='bbox 952 1686 1115 1728; x_wconf 80' lang='lat' dir='ltr'>ue1ienis</span> <span class='ocrx_word' id='word_1_160' title='bbox 1137 1687 1279 1726; x_wconf 88' lang='lat' dir='ltr'>dicitur</span> 
     </span>
    </p>

    <p class='ocr_par' dir='ltr' id='par_1_28' title="bbox 338 1755 1164 1799">
     <span class='ocr_line' id='line_1_29' title="bbox 338 1755 1164 1799; baseline -0.006 -3"><span class='ocrx_word' id='word_1_161' title='bbox 338 1758 476 1796; x_wconf 91' lang='lat' dir='ltr'>fecisse</span> <span class='ocrx_word' id='word_1_162' title='bbox 497 1770 608 1795; x_wconf 88' lang='lat' dir='ltr'>rusus</span> <span class='ocrx_word' id='word_1_163' title='bbox 629 1771 675 1795; x_wconf 84' lang='lat' dir='ltr'>ex</span> <span class='ocrx_word' id='word_1_164' title='bbox 696 1770 789 1795; x_wconf 88' lang='lat' dir='ltr'>sene</span> <span class='ocrx_word' id='word_1_165' title='bbox 809 1755 1164 1799; x_wconf 86' lang='lat' dir='ltr'>adulescentulum⁷</span> 
     </span>
    </p>

    <p class='ocr_par' dir='ltr' id='par_1_29' title="bbox 339 1817 1485 1872">
     <span class='ocr_line' id='line_1_30' title="bbox 339 1817 1485 1872; baseline -0.006 -11"><span class='ocrx_word' id='word_1_166' title='bbox 339 1823 433 1861; x_wconf 89' lang='lat' dir='ltr'>item</span> <span class='ocrx_word' id='word_1_167' title='bbox 455 1835 527 1872; x_wconf 84' lang='lat' dir='ltr'>ego</span> <span class='ocrx_word' id='word_1_168' title='bbox 548 1829 585 1860; x_wconf 86' lang='lat' dir='ltr'>te</span> <span class='ocrx_word' id='word_1_169' title='bbox 606 1821 757 1860; x_wconf 87' lang='lat' dir='ltr'>faciam.</span> <span class='ocrx_word' id='word_1_170' title='bbox 819 1823 889 1858; x_wconf 86' lang='lat' dir='ltr'>BA.</span> <span class='ocrx_word' id='word_1_171' title='bbox 923 1820 1010 1867; x_wconf 86' lang='lat' dir='ltr'>eho,</span> <span class='ocrx_word' id='word_1_172' title='bbox 1034 1833 1084 1857; x_wconf 90' lang='lat' dir='ltr'>an</span> <span class='ocrx_word' id='word_1_173' title='bbox 1106 1818 1223 1856; x_wconf 87' lang='lat' dir='ltr'>etiam</span> <span class='ocrx_word' id='word_1_174' title='bbox 1244 1817 1485 1855; x_wconf 87' lang='lat' dir='ltr'>ueneficu&#39;s?</span> 
     </span>
    </p>

    <p class='ocr_par' dir='ltr' id='par_1_30' title="bbox 340 1881 1558 1984">
     <span class='ocr_line' id='line_1_31' title="bbox 340 1881 1557 1936; baseline -0.007 -9"><span class='ocrx_word' id='word_1_175' title='bbox 340 1890 411 1928; x_wconf 92' lang='lat' dir='ltr'>CO.</span> <span class='ocrx_word' id='word_1_176' title='bbox 444 1887 566 1925; x_wconf 87' lang='lat' dir='ltr'>immo</span> <span class='ocrx_word' id='word_1_177' title='bbox 587 1888 729 1936; x_wconf 86' lang='lat' dir='ltr'>edepol</span> <span class='ocrx_word' id='word_1_178' title='bbox 750 1899 844 1924; x_wconf 87' lang='lat' dir='ltr'>uero</span> <span class='ocrx_word' id='word_1_179' title='bbox 864 1884 1073 1923; x_wconf 86' lang='lat' dir='ltr'>hominum</span> <span class='ocrx_word' id='word_1_180' title='bbox 1094 1890 1268 1921; x_wconf 86' lang='lat' dir='ltr'>seruator</span> <span class='ocrx_word' id='word_1_181' title='bbox 1295 1881 1427 1931; x_wconf 85' lang='lat' dir='ltr'>magis.</span> <span class='ocrx_word' id='word_1_182' title='bbox 1487 1882 1557 1918; x_wconf 85' lang='grc' dir='ltr'>ΒΑ.</span> 
     </span>
     <span class='ocr_line' id='line_1_32' title="bbox 1421 1947 1558 1984; baseline -0.007 0"><span class='ocrx_word' id='word_1_183' title='bbox 1421 1947 1558 1984; x_wconf 77' lang='lat' dir='ltr'>ehem!</span> 
     </span>
    </p>
   </div>
   <div class='ocr_carea' id='block_1_8' title="bbox 274 2040 1560 2091">
    <p class='ocr_par' dir='ltr' id='par_1_31' title="bbox 274 2040 1560 2091">
     <span class='ocr_line' id='line_1_33' title="bbox 274 2040 1560 2091; baseline -0.005 -8"><span class='ocrx_word' id='word_1_184' title='bbox 274 2054 339 2091; x_wconf 84' lang='lat'>850</span> <span class='ocrx_word' id='word_1_185' title='bbox 361 2052 440 2082; x_wconf 87' lang='lat' dir='ltr'>ueni</span> <span class='ocrx_word' id='word_1_186' title='bbox 458 2051 491 2081; x_wconf 99' lang='grc' dir='ltr'><em>Ρ</em></span> <span class='ocrx_word' id='word_1_187' title='bbox 585 2052 648 2090; x_wconf 87' lang='lat'>853</span> <span class='ocrx_word' id='word_1_188' title='bbox 672 2040 915 2089; x_wconf 68' lang='lat' dir='ltr'>quoquiuatum</span> <span class='ocrx_word' id='word_1_189' title='bbox 935 2048 967 2079; x_wconf 99' lang='lat' dir='ltr'><em>A</em></span> <span class='ocrx_word' id='word_1_190' title='bbox 1070 2049 1133 2088; x_wconf 84' lang='lat'>854</span> <span class='ocrx_word' id='word_1_191' title='bbox 1157 2048 1331 2083; x_wconf 76' lang='lat' dir='ltr'>constictis</span> <span class='ocrx_word' id='word_1_192' title='bbox 1347 2045 1380 2076; x_wconf 87' lang='lat' dir='ltr'><em>A</em></span> <span class='ocrx_word' id='word_1_193' title='bbox 1459 2056 1560 2085; x_wconf 23' lang='lat' dir='ltr'>*quo-</span> 
     </span>
    </p>
   </div>
   <div class='ocr_carea' id='block_1_9' title="bbox 231 2089 1563 2221">
    <p class='ocr_par' dir='ltr' id='par_1_32' title="bbox 231 2089 1563 2221">
     <span class='ocr_line' id='line_1_34' title="bbox 231 2089 1562 2136; baseline -0.005 -10"><span class='ocrx_word' id='word_1_194' title='bbox 231 2107 313 2136; x_wconf 85' lang='lat' dir='ltr'>quas</span> <span class='ocrx_word' id='word_1_195' title='bbox 330 2096 362 2126; x_wconf 90' lang='lat' dir='ltr'>P</span> <span class='ocrx_word' id='word_1_196' title='bbox 449 2096 511 2134; x_wconf 81' lang='lat'>855</span> <span class='ocrx_word' id='word_1_197' title='bbox 536 2100 588 2125; x_wconf 84' lang='lat' dir='ltr'>est</span> <span class='ocrx_word' id='word_1_198' title='bbox 610 2106 628 2125; x_wconf 87' lang='lat' dir='ltr'>a</span> <span class='ocrx_word' id='word_1_199' title='bbox 653 2095 785 2124; x_wconf 88' lang='lat' dir='ltr'>medico</span> <span class='ocrx_word' id='word_1_200' title='bbox 807 2093 839 2123; x_wconf 89' lang='grc' dir='ltr'><em>Ρ</em></span> <span class='ocrx_word' id='word_1_201' title='bbox 862 2093 905 2131; x_wconf 68' lang='lat' dir='ltr'>(T</span> <span class='ocrx_word' id='word_1_202' title='bbox 928 2099 989 2134; x_wconf 77' lang='lat' dir='ltr'>pro</span> <span class='ocrx_word' id='word_1_203' title='bbox 1016 2092 1047 2125; x_wconf 50' lang='grc' dir='ltr'>Ι)</span> <span class='ocrx_word' id='word_1_204' title='bbox 1174 2093 1237 2130; x_wconf 81' lang='grc'>856</span> <span class='ocrx_word' id='word_1_205' title='bbox 1263 2116 1269 2123; x_wconf 91' lang='grc'><strong><em>.</em></strong></span> <span class='ocrx_word' id='word_1_206' title='bbox 1292 2101 1336 2121; x_wconf 83' lang='lat' dir='ltr'>,u</span> <span class='ocrx_word' id='word_1_207' title='bbox 1355 2114 1361 2122; x_wconf 91' lang='lat'>.</span> <span class='ocrx_word' id='word_1_208' title='bbox 1381 2095 1414 2129; x_wconf 70' lang='lat' dir='ltr'>ta</span> <span class='ocrx_word' id='word_1_209' title='bbox 1440 2089 1474 2119; x_wconf 91' lang='lat' dir='ltr'><em>A</em></span> <span class='ocrx_word' id='word_1_210' title='bbox 1505 2089 1562 2129; x_wconf 89' lang='lat' dir='ltr'>(de</span> 
     </span>
     <span class='ocr_line' id='line_1_35' title="bbox 232 2133 1563 2178; baseline -0.005 -8"><span class='ocrx_word' id='word_1_211' title='bbox 232 2140 300 2170; x_wconf 85' lang='lat' dir='ltr'>uita</span> <span class='ocrx_word' id='word_1_212' title='bbox 314 2141 357 2173; x_wconf 54' lang='lat' dir='ltr'>N:</span> <span class='ocrx_word' id='word_1_213' title='bbox 383 2150 448 2170; x_wconf 81' lang='lat' dir='ltr'>om.</span> <span class='ocrx_word' id='word_1_214' title='bbox 467 2139 500 2169; x_wconf 98' lang='grc' dir='ltr'><em>Ρ</em></span> <span class='ocrx_word' id='word_1_215' title='bbox 567 2138 673 2168; x_wconf 74' lang='lat' dir='ltr'>‘unde</span> <span class='ocrx_word' id='word_1_216' title='bbox 689 2141 822 2178; x_wconf 76' lang='lat' dir='ltr'>apparet</span> <span class='ocrx_word' id='word_1_217' title='bbox 839 2137 956 2176; x_wconf 71' lang='lat' dir='ltr'>duplex</span> <span class='ocrx_word' id='word_1_218' title='bbox 973 2137 1056 2167; x_wconf 84' lang='lat' dir='ltr'>lectio</span> <span class='ocrx_word' id='word_1_219' title='bbox 1076 2148 1082 2167; x_wconf 75' lang='grc' dir='ltr'>ε</span> <span class='ocrx_word' id='word_1_220' title='bbox 1106 2135 1238 2166; x_wconf 79' lang='lat' dir='ltr'>amoliri</span> <span class='ocrx_word' id='word_1_221' title='bbox 1257 2134 1369 2165; x_wconf 87' lang='lat' dir='ltr'>omnia</span> <span class='ocrx_word' id='word_1_222' title='bbox 1385 2137 1414 2164; x_wconf 79' lang='lat' dir='ltr'>et</span> <span class='ocrx_word' id='word_1_223' title='bbox 1433 2133 1563 2164; x_wconf 83' lang='lat' dir='ltr'>amoliri</span> 
     </span>
     <span class='ocr_line' id='line_1_36' title="bbox 232 2178 1562 2221; baseline -0.005 -8"><span class='ocrx_word' id='word_1_224' title='bbox 232 2185 272 2214; x_wconf 91' lang='lat' dir='ltr'>de</span> <span class='ocrx_word' id='word_1_225' title='bbox 298 2183 370 2213; x_wconf 66' lang='lat' dir='ltr'>uia’</span> <span class='ocrx_word' id='word_1_226' title='bbox 389 2182 454 2213; x_wconf 78' lang='lat' dir='ltr'>Leo</span> <span class='ocrx_word' id='word_1_227' title='bbox 587 2183 650 2221; x_wconf 87' lang='lat'>858</span> <span class='ocrx_word' id='word_1_228' title='bbox 675 2181 842 2221; x_wconf 83' lang='lat' dir='ltr'>spectauit</span> <span class='ocrx_word' id='word_1_229' title='bbox 859 2181 891 2211; x_wconf 87' lang='lat' dir='ltr'><em>P</em></span> <span class='ocrx_word' id='word_1_230' title='bbox 1015 2181 1073 2210; x_wconf 85' lang='lat'>861</span> <span class='ocrx_word' id='word_1_231' title='bbox 1102 2180 1222 2210; x_wconf 88' lang='lat' dir='ltr'>sinitos</span> <span class='ocrx_word' id='word_1_232' title='bbox 1240 2180 1272 2209; x_wconf 77' lang='lat' dir='ltr'><em>A</em></span> <span class='ocrx_word' id='word_1_233' title='bbox 1395 2178 1458 2215; x_wconf 90' lang='lat'>864</span> <span class='ocrx_word' id='word_1_234' title='bbox 1483 2187 1562 2208; x_wconf 89' lang='lat' dir='ltr'>con-</span> 
     </span>
    </p>
   </div>
   <div class='ocr_carea' id='block_1_10' title="bbox 232 2220 1564 2302">
    <p class='ocr_par' dir='ltr' id='par_1_33' title="bbox 232 2220 1564 2302">
     <span class='ocr_line' id='line_1_37' title="bbox 232 2220 1564 2267; baseline -0.005 -10"><span class='ocrx_word' id='word_1_235' title='bbox 232 2227 424 2267; x_wconf 81' lang='lat' dir='ltr'>quiniscito]</span> <span class='ocrx_word' id='word_1_236' title='bbox 459 2231 579 2257; x_wconf 87' lang='lat' dir='ltr'>ceueto</span> <span class='ocrx_word' id='word_1_237' title='bbox 618 2226 715 2256; x_wconf 83' lang='lat' dir='ltr'>simul</span> <span class='ocrx_word' id='word_1_238' title='bbox 754 2225 886 2255; x_wconf 78' lang='lat' dir='ltr'>Nonius</span> <span class='ocrx_word' id='word_1_239' title='bbox 916 2225 979 2262; x_wconf 87' lang='lat'>84:</span> <span class='ocrx_word' id='word_1_240' title='bbox 1015 2222 1263 2263; x_wconf 84' lang='lat' dir='ltr'>conquiniscito</span> <span class='ocrx_word' id='word_1_241' title='bbox 1293 2221 1391 2252; x_wconf 88' lang='lat' dir='ltr'>simul</span> <span class='ocrx_word' id='word_1_242' title='bbox 1423 2220 1456 2251; x_wconf 86' lang='lat' dir='ltr'><em>P</em></span> <span class='ocrx_word' id='word_1_243' title='bbox 1480 2221 1564 2261; x_wconf 78' lang='lat' dir='ltr'>(pro</span> 
     </span>
     <span class='ocr_line' id='line_1_38' title="bbox 232 2277 434 2302; baseline 0 -7"><span class='ocrx_word' id='word_1_244' title='bbox 232 2277 434 2302; x_wconf 71' lang='lat' dir='ltr'>conqumxscuo</span> 
     </span>
    </p>
   </div>
   <div class='ocr_carea' id='block_1_11' title="bbox 233 2298 1568 2516">
    <p class='ocr_par' dir='ltr' id='par_1_34' title="bbox 233 2298 1568 2516">
     <span class='ocr_line' id='line_1_39' title="bbox 233 2298 1564 2342; baseline -0.005 -8"><span class='ocrx_word' id='word_1_245' title='bbox 233 2309 352 2335; x_wconf 87' lang='lat' dir='ltr'>ceueto</span> <span class='ocrx_word' id='word_1_246' title='bbox 367 2304 462 2334; x_wconf 88' lang='lat' dir='ltr'>simul</span> <span class='ocrx_word' id='word_1_247' title='bbox 479 2314 486 2341; x_wconf 79' lang='lat'><em>3</em></span> <span class='ocrx_word' id='word_1_248' title='bbox 511 2314 539 2333; x_wconf 88' lang='lat' dir='ltr'>v.</span> <span class='ocrx_word' id='word_1_249' title='bbox 561 2304 595 2342; x_wconf 49' lang='lat'>33</span> <span class='ocrx_word' id='word_1_250' title='bbox 744 2303 806 2341; x_wconf 85' lang='lat'>865</span> <span class='ocrx_word' id='word_1_251' title='bbox 832 2302 923 2341; x_wconf 81' lang='lat' dir='ltr'>prius</span> <span class='ocrx_word' id='word_1_252' title='bbox 940 2300 973 2330; x_wconf 95' lang='grc' dir='ltr'><em>Ρ</em></span> <span class='ocrx_word' id='word_1_253' title='bbox 1116 2301 1180 2330; x_wconf 92' lang='grc'>866</span> <span class='ocrx_word' id='word_1_254' title='bbox 1204 2300 1328 2339; x_wconf 82' lang='lat' dir='ltr'>possim</span> <span class='ocrx_word' id='word_1_255' title='bbox 1346 2298 1379 2329; x_wconf 91' lang='grc' dir='ltr'><em>Ρ</em></span> <span class='ocrx_word' id='word_1_256' title='bbox 1479 2298 1564 2329; x_wconf 86' lang='lat' dir='ltr'>doce</span> 
     </span>
     <span class='ocr_line' id='line_1_40' title="bbox 234 2340 1564 2385; baseline -0.006 -7"><span class='ocrx_word' id='word_1_257' title='bbox 234 2358 296 2378; x_wconf 67' lang='lat' dir='ltr'>ona.</span> <span class='ocrx_word' id='word_1_258' title='bbox 328 2347 360 2377; x_wconf 89' lang='lat' dir='ltr'><em>A</em></span> <span class='ocrx_word' id='word_1_259' title='bbox 509 2349 570 2385; x_wconf 90' lang='lat'>867</span> <span class='ocrx_word' id='word_1_260' title='bbox 596 2347 720 2377; x_wconf 87' lang='lat' dir='ltr'>bonum</span> <span class='ocrx_word' id='word_1_261' title='bbox 747 2357 812 2376; x_wconf 83' lang='lat' dir='ltr'>om.</span> <span class='ocrx_word' id='word_1_262' title='bbox 844 2345 876 2375; x_wconf 89' lang='grc' dir='ltr'><em>Ρ</em></span> <span class='ocrx_word' id='word_1_263' title='bbox 1020 2345 1084 2382; x_wconf 89' lang='grc'>869</span> <span class='ocrx_word' id='word_1_264' title='bbox 1107 2343 1231 2373; x_wconf 83' lang='lat' dir='ltr'>Medea</span> <span class='ocrx_word' id='word_1_265' title='bbox 1259 2342 1385 2373; x_wconf 89' lang='lat' dir='ltr'>Peliam</span> <span class='ocrx_word' id='word_1_266' title='bbox 1411 2340 1564 2372; x_wconf 80' lang='lat' dir='ltr'>Merula:</span> 
     </span>
     <span class='ocr_line' id='line_1_41' title="bbox 234 2383 1565 2430; baseline -0.005 -9"><span class='ocrx_word' id='word_1_267' title='bbox 234 2391 501 2430; x_wconf 82' lang='lat' dir='ltr'>medeapellame</span> <span class='ocrx_word' id='word_1_268' title='bbox 520 2390 563 2420; x_wconf 38' lang='lat' dir='ltr'>Pi,</span> <span class='ocrx_word' id='word_1_269' title='bbox 577 2390 602 2420; x_wconf 93' lang='lat' dir='ltr'><strong>L</strong></span> <span class='ocrx_word' id='word_1_270' title='bbox 615 2395 676 2430; x_wconf 75' lang='lat' dir='ltr'>pro</span> <span class='ocrx_word' id='word_1_271' title='bbox 689 2389 717 2425; x_wconf 78' lang='grc' dir='ltr'>Ι)</span> <span class='ocrx_word' id='word_1_272' title='bbox 738 2401 744 2420; x_wconf 78' lang='lat'>2</span> <span class='ocrx_word' id='word_1_273' title='bbox 761 2387 1027 2427; x_wconf 84' lang='lat' dir='ltr'>meoeappellam</span> <span class='ocrx_word' id='word_1_274' title='bbox 1040 2387 1072 2417; x_wconf 91' lang='lat' dir='ltr'><em>A</em></span> <span class='ocrx_word' id='word_1_275' title='bbox 1199 2388 1262 2425; x_wconf 88' lang='lat'>872</span> <span class='ocrx_word' id='word_1_276' title='bbox 1287 2396 1324 2416; x_wconf 83' lang='lat' dir='ltr'>es</span> <span class='ocrx_word' id='word_1_277' title='bbox 1344 2385 1518 2416; x_wconf 79' lang='lat' dir='ltr'>ueneficus</span> <span class='ocrx_word' id='word_1_278' title='bbox 1531 2383 1565 2414; x_wconf 86' lang='lat' dir='ltr'><em>A</em></span> 
     </span>
     <span class='ocr_line' id='line_1_42' title="bbox 234 2427 1568 2473; baseline -0.005 -8"><span class='ocrx_word' id='word_1_279' title='bbox 234 2437 298 2473; x_wconf 89' lang='lat'>873</span> <span class='ocrx_word' id='word_1_280' title='bbox 323 2435 458 2471; x_wconf 57' lang='lat' dir='ltr'>uer‘ssos</span> <span class='ocrx_word' id='word_1_281' title='bbox 486 2434 529 2463; x_wconf 88' lang='lat' dir='ltr'>A¹</span> <span class='ocrx_word' id='word_1_282' title='bbox 560 2434 713 2473; x_wconf 78' lang='lat' dir='ltr'>(coeperat</span> <span class='ocrx_word' id='word_1_283' title='bbox 742 2437 898 2463; x_wconf 86' lang='lat' dir='ltr'>seruator</span> <span class='ocrx_word' id='word_1_284' title='bbox 929 2432 1083 2471; x_wconf 75' lang='lat' dir='ltr'>scribere),</span> <span class='ocrx_word' id='word_1_285' title='bbox 1116 2430 1201 2460; x_wconf 81' lang='lat' dir='ltr'>unde</span> <span class='ocrx_word' id='word_1_286' title='bbox 1232 2440 1313 2460; x_wconf 82' lang='lat' dir='ltr'>uero</span> <span class='ocrx_word' id='word_1_287' title='bbox 1340 2439 1411 2459; x_wconf 85' lang='lat' dir='ltr'>sum</span> <span class='ocrx_word' id='word_1_288' title='bbox 1440 2427 1568 2459; x_wconf 68' lang='lat' dir='ltr'>Ritsclal</span> 
     </span>
     <span class='ocr_line' id='line_1_43' title="bbox 235 2472 1566 2516; baseline -0.006 -7"><span class='ocrx_word' id='word_1_289' title='bbox 235 2479 267 2510; x_wconf 85' lang='lat' dir='ltr'>h.</span> <span class='ocrx_word' id='word_1_290' title='bbox 282 2483 435 2508; x_wconf 81' lang='lat' dir='ltr'>seruator</span> <span class='ocrx_word' id='word_1_291' title='bbox 452 2478 548 2508; x_wconf 85' lang='lat' dir='ltr'>ehem</span> <span class='ocrx_word' id='word_1_292' title='bbox 562 2476 593 2507; x_wconf 87' lang='lat' dir='ltr'><em>A</em></span> <span class='ocrx_word' id='word_1_293' title='bbox 615 2489 621 2507; x_wconf 88' lang='lat'>:</span> <span class='ocrx_word' id='word_1_294' title='bbox 646 2477 677 2507; x_wconf 91' lang='lat' dir='ltr'>h.</span> <span class='ocrx_word' id='word_1_295' title='bbox 693 2481 848 2506; x_wconf 75' lang='lat' dir='ltr'>seruator</span> <span class='ocrx_word' id='word_1_296' title='bbox 864 2476 968 2513; x_wconf 80' lang='lat' dir='ltr'>magis</span> <span class='ocrx_word' id='word_1_297' title='bbox 988 2477 993 2516; x_wconf 86' lang='grc'>1</span> <span class='ocrx_word' id='word_1_298' title='bbox 1015 2475 1077 2506; x_wconf 82' lang='grc' dir='ltr'>ΒΑ.</span> <span class='ocrx_word' id='word_1_299' title='bbox 1101 2475 1197 2503; x_wconf 80' lang='lat' dir='ltr'>ehem</span> <span class='ocrx_word' id='word_1_300' title='bbox 1216 2483 1314 2504; x_wconf 86' lang='lat' dir='ltr'>mane</span> <span class='ocrx_word' id='word_1_301' title='bbox 1330 2472 1436 2513; x_wconf 71' lang='lat' dir='ltr'>(PBG)</span> <span class='ocrx_word' id='word_1_302' title='bbox 1451 2472 1566 2511; x_wconf 83' lang='lat' dir='ltr'>(mane</span> 
     </span>
    </p>
   </div>
   <div class='ocr_carea' id='block_1_12' title="bbox 963 2524 985 2535">
    <p class='ocr_par' dir='ltr' id='par_1_35' title="bbox 963 2524 985 2535">
     <span class='ocr_line' id='line_1_44' title="bbox 963 2524 985 2535; baseline 0 0"><span class='ocrx_word' id='word_1_303' title='bbox 963 2524 985 2535; x_wconf 60' lang='lat' dir='ltr'><em>A</em></span> 
     </span>
    </p>
   </div>
   <div class='ocr_carea' id='block_1_13' title="bbox 1582 910 1651 946">
    <p class='ocr_par' dir='ltr' id='par_1_36' title="bbox 1582 910 1651 946">
     <span class='ocr_line' id='line_1_45' title="bbox 1582 910 1651 946; baseline -0.029 0"><span class='ocrx_word' id='word_1_304' title='bbox 1582 910 1651 946; x_wconf 86' lang='lat'>860</span> 
     </span>
    </p>
   </div>
   <div class='ocr_carea' id='block_1_14' title="bbox 1581 1234 1647 1278">
    <p class='ocr_par' dir='ltr' id='par_1_37' title="bbox 1581 1234 1647 1278">
     <span class='ocr_line' id='line_1_46' title="bbox 1581 1234 1647 1278; baseline -0.015 -8"><span class='ocrx_word' id='word_1_305' title='bbox 1581 1234 1647 1278; x_wconf 84' lang='grc'>865</span> 
     </span>
    </p>
   </div>
   <div class='ocr_carea' id='block_1_15' title="bbox 1582 1688 1651 1729">
    <p class='ocr_par' dir='ltr' id='par_1_38' title="bbox 1582 1688 1651 1729">
     <span class='ocr_line' id='line_1_47' title="bbox 1582 1688 1651 1729; baseline -0.014 -8"><span class='ocrx_word' id='word_1_306' title='bbox 1582 1688 1651 1729; x_wconf 88' lang='grc'>870</span> 
     </span>
    </p>
   </div>
  </div>
 </body>
</html>
