1731 2713
767 125 991 163 RVDENS
1486 129 1537 165 ΙΙ.
1560 128 1602 164 iii

176 264 178 266 .
215 235 368 283 pulsare
389 233 531 272 iussisti
551 242 668 284 atque
688 246 830 283 aquam
854 247 996 284 rogare.
1057 236 1131 271 Ta.
1165 235 1282 284 quoia
1303 238 1352 274 ad
1374 237 1474 274 auris

216 313 292 336 uox
322 299 373 337 mi
404 299 636 338 aduolauit?
680 302 760 337 Ast.
797 313 971 350 opsecro,
1005 299 1091 350 quis
1121 300 1184 338 hic
1212 302 1412 351 loquitur?
1464 305 1538 340 Ta.

1161 367 1279 415 quem
1302 380 1374 416 ego
1395 367 1543 406 uideo?

211 436 322 467 estne
353 430 577 480 Ampelisca
613 431 708 469 hacc
739 444 840 480 quae
873 431 973 469 foras
1009 444 1029 469 e
1060 432 1151 469 fano
1186 432 1410 481 egreditur?
1458 436 1538 471 Am.

1348 505 1456 536 estne
1478 499 1541 536 hic

125 572 188 608 335
211 559 420 597 Trachalio
441 573 558 609 quem
580 560 796 610 conspicor,
821 562 966 598 calator
988 561 1233 611 Plesidippi?
1563 576 1580 607 5

210 626 286 662 TR.
316 634 407 663 cast.
464 627 543 663 AM.
577 625 608 663 is
628 633 696 664 est.
747 626 966 673 Trachalio,
986 628 1102 666 salue.
1154 629 1228 665 ΤΚ.
1262 630 1543 680 saluc,A1npe-

1435 694 1537 734 lisca.

209 753 306 804 quid
325 754 405 805 agis
427 756 498 793 tu?
546 757 626 793 Au.
659 755 826 794 aetatem
850 757 927 795 hau
950 757 1092 795 malam
1119 758 1232 796 male.
1291 760 1366 796 TR.
1401 759 1540 797 melius

1349 824 1538 864 ominare.

208 886 290 922 AM.
323 898 459 923 uerum
481 885 609 923 omnis
630 885 816 936 sapientis
837 887 952 925 decet
973 888 1149 926 conferre
1171 896 1207 926 et
1229 888 1403 927 fabulari.

208 951 278 988 sed
300 950 548 1000 Plesidippus
570 958 657 990 tuos
679 964 766 990 erus
787 951 868 999 ubi,
889 952 1043 999 amabo,
1068 954 1155 991 est?
1202 955 1277 991 ΤΚ.
1310 953 1398 993 heia
1418 968 1523 1003 uero,

121 1027 190 1061 340
208 1013 319 1064 quasi
340 1027 420 1053 non
442 1015 489 1053 sit
511 1015 638 1054 intus!
669 1018 750 1054 AM.
784 1029 913 1066 neque
937 1018 1004 1067 pol
1031 1025 1089 1055 est
1117 1031 1246 1068 neque
1273 1020 1350 1057 huc
1377 1019 1537 1070 quidem
1563 1035 1599 1058 10

999 1120 1004 1125 ,
1295 1085 1395 1123 ullus
1416 1085 1535 1124 uenit.

206 1146 281 1182 TR.
314 1158 394 1184 non
416 1144 554 1184 uenit?
600 1148 682 1185 AM.
716 1160 807 1185 uera
828 1146 1039 1197 praedicas.
1100 1149 1175 1186 TR.
1209 1162 1287 1187 non
1313 1158 1370 1188 est
1392 1164 1535 1198 meum,

1298 1215 1535 1266 Ampelisca.

207 1275 277 1314 sed
297 1288 416 1325 quam
438 1288 528 1314 mox
549 1283 705 1315 coctum
723 1284 780 1316 est
802 1277 1041 1328 prandium?
1070 1280 1152 1317 ΛΜ.
1186 1281 1293 1330 quod
1315 1280 1534 1330 prandium,

1287 1358 1450 1395 opsecro
1471 1348 1539 1386 te?

206 1406 282 1443 TR.
323 1407 453 1456 nemp'
478 1420 559 1445 rem
593 1406 770 1446 diuinam
805 1407 929 1447 facitis
964 1408 1038 1447 hic.
1098 1411 1180 1448 AM.
1223 1409 1319 1460 quid
1352 1411 1536 1459 somnias,

1364 1477 1508 1516 amabo
1522 1479 1538 1516 Ρ

206 1538 282 1575 TR.
314 1543 418 1576 certe
439 1538 516 1575 huc
539 1538 690 1577 Labrax
710 1540 760 1578 ad
782 1538 991 1589 prandium
1013 1539 1171 1579 uocauit
1192 1540 1464 1592 Plesidippum

119 1611 184 1648 345
206 1614 315 1640 erum
338 1614 469 1640 meum
490 1604 569 1641 eru'
590 1610 730 1642 uoster.
791 1605 872 1642 ΑΜ.
906 1606 972 1655 pol
993 1605 1070 1643 hau
1093 1605 1271 1645 miranda
1290 1608 1392 1646 facta
1412 1607 1535 1647 dicis:
1558 1625 1597 1658 15

205 1666 236 1705 si
257 1668 353 1706 deos
374 1667 530 1718 decepit
550 1675 588 1707 et
609 1668 801 1717 homines,
825 1671 1015 1709 lenonum
1036 1684 1144 1710 more
1165 1671 1266 1711 fecit.

204 1734 279 1770 TR.
321 1745 401 1772 non
436 1746 517 1772 rem
551 1733 728 1773 diuinam
763 1735 888 1774 facitis
924 1735 987 1774 hic
1022 1750 1094 1776 uos
1129 1745 1258 1788 neque
1287 1741 1405 1778 erus?
1451 1741 1533 1779 AM.

1332 1804 1533 1845 hariolare.

203 1865 279 1902 TR.
311 1863 407 1915 quid
428 1872 469 1904 tu
489 1864 569 1916 agis
591 1865 654 1904 hic
675 1865 818 1917 igitur?
865 1869 947 1906 AM.
980 1881 1027 1907 ex
1048 1867 1160 1908 malis
1187 1869 1319 1908 multis
1347 1877 1535 1921 metuque

1377 1950 1533 1976 summo

202 1995 438 2048 capitalique
459 2010 505 2035 ex
525 1996 699 2047 periculo
720 1997 834 2036 orbas
854 1997 1052 2049 auxilique
1072 2013 1275 2051 opumque
1296 2001 1373 2039 huc

117 2076 185 2112 350
203 2061 348 2112 recepit
368 2063 418 2100 ad
440 2075 480 2101 se
500 2062 669 2101 Veneria
689 2063 786 2101 haec
807 2065 990 2102 sacerdos
1012 2078 1074 2103 me
1095 2073 1132 2104 et
1154 2067 1402 2105 Palaestram.
1552 2085 1593 2107 20

203 2129 278 2165 ΤΚ.
310 2141 360 2166 an
381 2127 444 2166 hic
466 2129 708 2176 Palaestrast‚
731 2130 906 2179 opsecro,
925 2129 979 2168 eri
1000 2129 1077 2169 mei
1096 2130 1253 2170 amica?
1295 2134 1377 2170 AM.
1410 2140 1529 2172 certo.

246 2246 309 2276 332
333 2240 532 2276 atquaquam
561 2236 626 2268 cod.
738 2238 811 2268 cuia
838 2237 992 2270 Merula:
1025 2239 1078 2269 cui
1104 2238 1170 2270 cod.
1307 2250 1371 2280 333
1395 2252 1426 2281 q.
1446 2252 1476 2274 e.
1497 2252 1528 2273 u,

202 2280 407 2321 Ampeliscae
432 2280 624 2311 continuant
651 2280 712 2311 alii
839 2292 901 2322 337
927 2287 961 2313 tu
989 2282 1063 2322 agis
1088 2282 1192 2313 Bothe
1289 2285 1375 2315 mala
1395 2286 1481 2316 male
1500 2285 1533 2316 Β

201 2324 264 2363 338
289 2323 457 2364 conferre]
483 2322 561 2365 (et)
585 2324 697 2355 colere
721 2323 838 2365 Lange
983 2336 1047 2366 344
1071 2325 1296 2366 plesidippum
1327 2329 1461 2360 uocauit
1488 2330 1530 2360 ad

202 2367 378 2407 prandium
396 2370 432 2397 ut
445 2366 509 2398 vid.
529 2366 616 2398 cod.:
641 2367 712 2398 traz‘.
730 2367 809 2399 Reiz
927 2370 991 2408 348
1015 2369 1067 2400 hic
1084 2379 1150 2401 om.
1171 2369 1204 2400 Β
1319 2381 1385 2411 350
1409 2373 1531 2413 recipit

201 2409 267 2443 cod.
400 2419 462 2450 351
488 2410 616 2442 ameica
631 2410 663 2441 B

1379 2457 1442 2489 22*
