1783 2707
158 134 233 171 III.

198 651 235 672 10

199 1303 241 1326 20

212 1784 241 1821 ii

258 134 272 169 i
671 131 716 167 T.
751 128 929 167 MACCI
961 127 1164 165 PLAVTI

255 242 285 279 si
307 244 383 279 hoc
404 255 483 279 non
505 240 642 286 credis,
666 252 739 289 ego
760 238 1092 277 credidero—CA.
1117 235 1242 285 quid?
1290 237 1352 274 ST.
1386 248 1448 273 me
1469 233 1579 272 nihili

1394 301 1578 350 pendere.

256 375 327 413 CA.
362 386 480 422 quam
516 372 667 410 dudum
703 370 801 408 istuc
833 378 900 407 aut
934 368 1001 407 ubi
1033 375 1201 406 actumst
1218 368 1234 404 Ρ
1301 367 1363 404 ST.
1396 364 1486 403 ilico
1517 364 1581 402 hic

1312 438 1403 468 ante
1424 429 1579 476 ostium,

257 508 265 523 ‘
283 512 361 542 tam
384 503 530 549 modo‚’
552 501 678 551 inquit
699 499 986 538 Praenestinus.
1047 499 1121 537 CA.
1152 505 1290 535 tanton
1311 496 1350 534 in
1372 509 1410 533 re
1431 494 1583 544 perdita

255 583 373 619 quam
397 568 436 607 in
457 582 496 606 re
518 569 625 605 salua
647 565 893 604 Lesbonicus
914 565 1038 602 factus
1060 570 1118 601 est
1138 561 1349 612 frugalior?
1601 565 1670 599 610

255 635 317 672 ST.
349 641 467 683 atque
490 630 714 685 [e]quidem
735 630 843 680 ipsus
864 630 965 666 ultro
985 627 1094 666 uenit
1115 626 1246 664 Philto
1266 634 1418 664 oratum
1440 625 1530 663 filio.

256 700 327 738 CA.
361 697 549 748 flagitium
571 695 733 746 quidem
755 695 885 732 hercle
907 694 983 740 fiet,
1008 691 1080 731 nisi
1103 692 1175 731 dos
1196 691 1352 730 dabitur
1371 689 1521 740 uirgini.

255 773 455 816 postremo
476 764 618 813 edepol
639 775 711 812 ego
733 761 847 799 istam
868 773 949 799 rem
970 761 1020 798 ad
1042 772 1105 797 me
1125 758 1288 797 attinere
1309 757 1503 806 intellego.

256 831 323 870 ibo
343 832 393 870 ad
415 843 546 868 meum
568 827 842 878 castigatorem
863 833 982 876 atque
1002 825 1052 863 ab
1074 838 1122 863 eo
1132 822 1350 864 ,consilium
1370 829 1572 873 petam.—

257 899 320 936 ST.
352 896 642 946 propemodum
664 893 760 944 quid
781 892 858 930 illic
879 890 1036 930 festinet
1057 889 1184 928 sentio
1205 896 1242 928 et
1263 888 1418 927 subolet
1439 886 1534 926 mihi
1553 902 1560 925 :
1603 889 1669 933 615

256 969 299 1000 ut
318 975 410 1011 agro
431 967 583 999 euortat
605 957 886 1004 Lesbonicum,
911 957 1072 1006 quando
1093 953 1234 993 euortit
1253 952 1429 992 aedibus.

257 1029 281 1067 ό
301 1041 364 1066 ere
386 1023 664 1076 Charmide<s>‚
688 1037 809 1073 quom
831 1021 984 1072 apsenti
1005 1020 1069 1059 hic
1090 1028 1156 1058 tua
1175 1033 1235 1058 res
1256 1017 1481 1058 distrahitur
1502 1015 1583 1063 tibi,

258 1092 407 1131 utinam
428 1099 466 1130 te
487 1090 648 1129 rediisse
669 1090 821 1127 saluom
844 1087 1014 1133 uideam,
1036 1093 1078 1124 ut
1099 1084 1279 1123 inimicos
1300 1091 1388 1122 tuos

259 1157 456 1203 ulciscare,
480 1165 522 1195 ut
543 1155 650 1202 mihi,
675 1162 717 1193 ut
738 1168 827 1204 erga
848 1161 886 1192 te
906 1153 960 1191 fui
982 1159 1020 1191 et
1040 1165 1138 1198 sum,
1162 1152 1303 1190 referas
1324 1150 1482 1201 gratiam
1506 1153 1512 1188 ἒ

259 1223 425 1261 nimium
446 1221 639 1261 difficilest
660 1219 817 1270 reperiri
838 1218 1011 1257 amicum
1027 1217 1080 1256 ita
1100 1224 1142 1255 ut
1162 1230 1309 1255 nomen
1329 1218 1443 1263 cluet,
1605 1219 1674 1253 620

261 1287 355 1340 quoi
376 1295 483 1326 tuam
505 1300 626 1338 quom
648 1299 730 1325 rem
752 1283 974 1332 credideris,
999 1282 1083 1322 sine
1104 1282 1213 1321 omni
1235 1295 1326 1321 cura
1346 1280 1529 1321 dormias.

260 1409 330 1447 sed
349 1420 537 1459 generum
558 1413 735 1445 nostrum
758 1404 811 1443 ire
833 1403 1014 1444 eccillum
1035 1403 1154 1442 uideo
1175 1415 1266 1441 cum
1286 1400 1409 1441 adfini
1430 1414 1511 1440 suo.

260 1472 493 1523 nescioquid
514 1485 594 1510 non
615 1471 707 1510 satis
727 1470 828 1509 inter
848 1483 915 1508 eos
937 1468 1123 1508 conuenit
1141 1484 1147 1506 :
1178 1467 1292 1507 celeri
1312 1468 1434 1517 gradu

258 1547 355 1579 eunt
375 1547 550 1589 uterque,
573 1537 638 1576 ille
658 1535 910 1588 reprehendit
930 1537 1037 1573 hunc
1058 1533 1226 1585 priorem
1246 1532 1375 1584 pallio.

262 1606 368 1644 haud
390 1604 644 1643 ineuscheme
664 1601 879 1640 astiterunt.
939 1601 1016 1638 hue
1037 1599 1281 1649 aliquantum
1302 1610 1552 1647 apscessero:
1607 1601 1673 1646 625

204 1687 217 1707 2
263 1678 321 1710 est
340 1670 478 1709 lubido
499 1668 717 1708 orationem
738 1667 873 1706 audire
894 1667 1063 1705 duorum
1084 1664 1286 1704 adfinium.

342 1783 653 1820 LvsrrELEs
766 1781 1121 1817 LESBONxcvs
1232 1778 1509 1814 STAsmrvs

264 1865 334 1901 Lv.
367 1865 434 1901 Sta
455 1862 555 1910 ilico,
578 1860 659 1900 noli
680 1859 853 1899 auorsari
874 1873 1003 1910 neque
1024 1867 1061 1897 te
1083 1857 1311 1898 occultassis
1333 1856 1439 1894 mihi.

263 1931 333 1968 LE.
366 1928 476 1980 potin
506 1936 548 1966 ut
578 1942 641 1966 me
671 1927 725 1966 ire
755 1940 834 1977 quo
864 1927 1062 1976 profectus
1089 1938 1175 1963 sum
1206 1923 1339 1962 sinas?
1396 1924 1465 1960 Lv.
1499 1921 1529 1960 si
1550 1921 1588 1959 in

1367 2001 1448 2027 rem
1469 1995 1592 2035 tuam,

264 2058 498 2107 Lesbonioe,
518 2073 603 2098 esse
624 2058 813 2105 uideatur,
837 2056 981 2108 gloriae
1002 2064 1068 2095 aut
1089 2057 1226 2102 famae,
1250 2054 1384 2094 sinam.

306 2167 368 2204 607
388 2164 469 2195 nihil
482 2163 545 2195 cod.
683 2166 746 2203 613
767 2164 814 2194 vel
824 2163 900 2194 med
1033 2164 1095 2200 617
1114 2171 1213 2200 quam
1233 2159 1446 2191 Camerarius
1533 2169 1589 2198 ap-

263 2214 361 2239 sente
381 2208 446 2249 [te]
466 2207 546 2243 cod„
567 2208 622 2238 vix
638 2212 712 2238 recle
808 2208 872 2238 618
895 2206 1001 2237 salum
1019 2205 1084 2236 cod.
1107 2207 1200 2245 (corr.
1214 2203 1262 2235 D)
1362 2205 1426 2242 619
1450 2201 1591 2233 ulciscar

262 2252 326 2284 cod.
344 2263 349 2282 :
366 2262 445 2283 corr.
460 2252 670 2283 Camerarius
758 2256 791 2281 ct
810 2251 887 2281 mihi
905 2249 1031 2281 Rilscltl
1132 2250 1197 2279 620
1220 2248 1361 2279 amicum
1374 2247 1467 2277 Ital.:
1483 2245 1589 2276 inimi-

264 2306 338 2326 cum
356 2295 422 2327 cod.
534 2298 594 2326 621
622 2295 771 2326 crederis
788 2294 851 2326 cod.
870 2305 876 2324 :
893 2305 972 2326 corr.
990 2293 1061 2324 Ital.
1177 2294 1241 2331 623
1267 2292 1391 2331 gradus
1403 2290 1466 2321 cod.
1486 2301 1492 2319 :
1509 2298 1587 2320 corr.

265 2339 335 2370 Ital.
441 2342 503 2379 625
529 2340 561 2369 in
580 2350 680 2370 cusce
698 2338 804 2381 mc[a]
819 2343 879 2369 ast.
897 2337 978 2369 cod.:
1002 2348 1079 2369 corr.
1098 2336 1308 2367 Camerarius
1410 2343 1590 2373 apsessero

264 2383 328 2414 cod.
420 2385 484 2414 628
508 2394 574 2423 quo
592 2383 664 2413 Ital.
686 2393 692 2412 :
708 2383 798 2423 quod
811 2381 874 2413 cod.
898 2381 968 2421 (vix
984 2381 1082 2421 quod,
1093 2381 1289 2422 perantiqua
1305 2377 1449 2410 adverbii
1455 2377 1587 2418 forma]

968 2513 989 2523 s
