1783 2707
167 155 219 191 ΙΙ.
244 154 273 189 ii
672 152 717 189 T.
752 151 933 190 MACCI
966 151 1168 188 PLAVTI

252 263 306 299 ΡΙ.
339 268 380 299 ut
401 260 634 311 piscatorem
655 267 875 309 aequomst,
899 260 1001 297 fame
1022 258 1164 308 sitique
1184 271 1332 308 speque
1354 260 1458 297 falsa.

247 325 322 361 ΤΚ.
369 336 535 373 ecquem
563 323 567 373 Ι
593 323 888 360 adulescentem
925 323 1013 367 huc⁷
1043 322 1138 359 dum
1166 320 1169 371 1
1196 320 1259 358 hic
1293 320 1440 362 astatis,
1468 334 1579 371 expe-

1483 385 1575 432 dite,

247 452 398 491 uidistis
420 452 472 491 ire
493 459 649 491 strenua
671 451 778 496 facie,
803 450 1078 497 rubicundum,
1103 451 1252 496 fortem,

187 533 226 554 10
246 516 312 567 qui
334 516 400 554 tris
422 516 704 554 semihomines
726 517 887 554 (luceret
909 516 1180 565 chlamydatos
1203 528 1293 553 cum
1315 514 1560 553 machaeris?
1597 524 1662 560 315

248 585 304 621 Pi.
338 583 488 621 nullum
511 582 605 620 istac
628 582 724 620 facie
742 589 782 619 ut
805 581 1006 631 praedicas
1028 581 1184 619 uenisse
1202 582 1277 618 huc
1299 580 1454 618 scimus.
1499 582 1575 618 TR.

1412 658 1577 695 ecquem

244 713 442 751 recaluom
463 713 514 750 ad
536 712 711 750 Silanum
733 725 882 758 senem,
904 718 1104 751 statutum,
1129 710 1383 756 uentriosum,

245 777 354 815 tortis
375 777 601 827 superciliis,
627 784 827 815 contracta
848 777 984 823 fronte,
1008 777 1314 821 fraudulentum,

245 844 408 881 deorum
431 842 565 882 odium
588 850 706 892 atque
734 841 952 888 hominum,
977 843 1133 887 malum,
1159 840 1249 879 mali
1278 840 1346 879 uiti
1367 840 1578 891 probrique

1402 908 1574 956 plenum,

188 988 223 1019 15
246 972 313 1022 qui
332 973 492 1011 duceret
514 972 760 1011 mulierculas
782 973 879 1011 duas
901 974 1035 1011 secum
1057 972 1140 1010 sati'
1161 972 1377 1010 uenustas?
1597 984 1665 1019 320

248 1039 304 1075 ΡΙ.
338 1051 426 1075 cum
451 1037 672 1076 istiusmodi
694 1037 904 1075 uirtutibus
926 1037 1133 1087 operisque
1155 1044 1268 1074 natus
1289 1035 1355 1086 qui
1378 1035 1436 1082 sit,

245 1116 335 1141 eum
358 1103 518 1152 quidem
546 1103 597 1141 ad
624 1104 860 1140 carnuficem
887 1109 944 1140 cst
971 1102 1135 1152 aequius
1163 1115 1281 1152 quam
1309 1102 1359 1140 ad
1380 1103 1576 1139 Venerem

1341 1180 1574 1205 commeare.

246 1237 321 1273 TR.
354 1242 392 1273 at
414 1235 442 1273 si
467 1235 630 1282 uidistis,
654 1235 782 1273 dicite.
847 1237 901 1272 1³1.
935 1236 1012 1272 liuc
1034 1235 1209 1284 profecto
1230 1234 1359 1271 nullus
1380 1231 1498 1270 uenit.

247 1302 479 1338 nale—TR.
514 1302 651 1339 ualete.
712 1299 859 1339 credidi
879 1315 884 1337 :
916 1301 1060 1337 factum
1084 1306 1141 1338 est
1163 1299 1271 1349 quod
1293 1297 1528 1347 suspicabar,

186 1383 224 1404 20
246 1367 338 1404 data
358 1366 477 1404 uerba
498 1379 564 1404 ero
585 1373 686 1411 sunt,
710 1367 800 1403 leno
820 1365 900 1403 abit
923 1366 1109 1403 scelestus
1132 1365 1361 1409 exsulatum,

245 1430 284 1469 in
305 1444 448 1470 nauem
470 1430 657 1477 ascendit,
683 1430 863 1468 mulieres
884 1430 1013 1468 auexit
1031 1445 1036 1467 z
1068 1429 1238 1468 hariolus
1259 1442 1356 1467 sum.

245 1496 275 1535 is
297 1497 374 1534 huc
395 1510 504 1535 erum
526 1496 643 1535 etiam
665 1497 714 1534 ad
737 1495 944 1546 prandium
967 1495 1135 1541 uocauit,
1160 1493 1314 1533 sceleris
1337 1507 1481 1532 semen.

243 1575 348 1600 nunc
379 1561 473 1612 quid
506 1561 555 1599 mi
589 1561 742 1599 meliust
774 1574 892 1610 quam
923 1560 1013 1598 ilico
1044 1559 1106 1598 hic
1137 1559 1316 1610 opperiar
1343 1572 1450 1598 erum
1478 1560 1573 1598 dum

1414 1623 1574 1663 ueniat?

1596 1378 1615 1411 ψ)

1619 1378 1638 1402 ω

1645 1377 1660 1413 m

241 1693 395 1739 eadem,
419 1693 601 1731 sacerdos
624 1691 790 1730 Veneria
814 1693 911 1730 haec
933 1691 961 1729 si
985 1691 1080 1741 quid
1101 1690 1269 1740 amplius
1291 1689 1372 1736 scit,

183 1773 221 1805 25
242 1757 272 1797 si
294 1757 442 1805 uidero,
466 1757 712 1808 exquisiuero
730 1773 736 1795 :
768 1756 882 1796 faciet
904 1771 966 1795 me
987 1756 1202 1795 certiorem.
1583 1768 1660 1803 '330

178 1869 224 1905 iii
518 1870 846 1906 AMPELiscA
958 1868 1295 1905 TRACHALIO

241 1952 323 1988 AM.
367 1951 581 1999 Intellego:
622 1950 724 1987 hanc
754 1962 855 1999 quae
884 1955 1110 1999 proxumast
1139 1946 1215 2000 (tu)
1244 1947 1377 1986 uillam
1407 1947 1572 1986 Veneris

1479 2015 1571 2051 fano

282 2129 346 2159 313
371 2119 426 2150 vix
449 2119 564 2158 ecquis
725 2128 788 2157 314
814 2117 945 2149 uidistis
963 2117 1033 2147 circ:
1058 2116 1216 2158 Seyffkrt:
1251 2117 1364 2148 uidisti
1397 2117 1469 2147 seni
1496 2116 1571 2157 (-tis

240 2163 433 2194 uenientem
462 2161 505 2204 T)
528 2165 600 2203 post
621 2161 807 2193 machaeris
827 2160 891 2192 cod.
913 2172 918 2190 :
945 2161 1054 2192 traieci
1070 2161 1116 2200 (ii.
1139 2162 1172 2201 5*
1368 2170 1431 2200 315
1456 2170 1570 2191 secum

239 2207 392 2237 homines
406 2205 615 2237 Mitscherlz'clz
629 2206 708 2244 (sei-
717 2209 779 2244 pro
790 2205 876 2244 se6-)
937 2205 1118 2236 macheriis
1132 2204 1198 2236 cod.
1287 2215 1348 2244 317
1374 2214 1412 2235 ac
1425 2205 1474 2245 (at
1485 2203 1568 2243 cod.)

238 2250 383 2282 silanum
402 2249 467 2280 Leo
484 2253 559 2291 post
580 2249 652 2280 Ital.
670 2260 676 2279 :
707 2253 742 2279 ut
766 2248 800 2280 S.
818 2248 942 2279 Pradel
962 2248 1000 2279 de
1013 2253 1161 2289 praepos.
1183 2259 1213 2288 p.
1233 2250 1295 2287 482
1437 2249 1500 2287 318
1524 2247 1573 2278 vel

240 2299 414 2325 contracto
432 2294 468 2333 (i.
485 2293 522 2333 9)
655 2302 719 2332 319
745 2291 830 2323 male
855 2291 976 2323 malum
993 2290 1118 2322 Schoell
1248 2302 1308 2330 321
1334 2292 1399 2322 siet
1416 2290 1480 2323 cod.
1502 2291 1572 2331 (vix

240 2337 356 2377 disyll„
374 2336 537 2377 undefiat
550 2336 747 2368 octonarius!
869 2345 931 2374 324
956 2346 1023 2375 quo
1038 2335 1103 2366 cod.
1224 2345 1288 2374 329
1311 2335 1395 2366 hanc
1412 2334 1571 2365 sacerdos

241 2381 388 2412 Veneria
408 2380 474 2412 cod.
495 2392 502 2411 t
526 2391 603 2411 corr.
629 2380 695 2410 Leo
826 2388 885 2418 331
914 2378 997 2421 (tu)
1022 2378 1133 2410 uillam
1159 2378 1285 2410 Schoell
1306 2379 1366 2420 (iii.
1391 2379 1447 2418 3);
1474 2376 1571 2420 (me)

241 2425 354 2456 uillam
364 2429 439 2465 post
452 2424 682 2456 Camerart'um
700 2422 831 2462 Bentley

954 2527 977 2537 l
