1783 2707
209 141 238 177 I.
260 140 305 175 iii

201 391 241 423 45

207 718 248 750 50

207 1042 245 1072 55

208 1363 251 1395 60

316 1995 375 2025 197
401 1984 602 2026 conloquar]
630 1983 751 2024 loquor
779 1984 811 2014 A

669 138 716 173 Τ.
751 135 929 174 MACCI
962 134 1165 172 PLAVTI

372 248 446 286 CR.
480 245 543 284 hic
564 244 664 284 illest
685 244 875 296 parasitus
896 256 1014 294 quern
1034 241 1263 282 arcessitum
1285 241 1402 281 missa
1422 254 1521 280 sum.

370 324 471 361 quae
491 310 663 361 loquitur
682 309 914 349 auscultabo
933 308 1030 359 priu'
1051 321 1168 358 quam
1190 308 1416 358 conloquar.

372 377 446 415 GE.
478 376 548 415 sed
570 374 712 415 curiosi
734 382 825 413 sunt
845 374 908 413 hic
929 375 1151 424 complures
1173 372 1275 419 mali,

371 441 517 480 alienas
539 454 598 480 res
619 440 685 492 qui
707 447 844 479 curant
866 438 997 478 studio
1019 451 1214 485 maxumo,

372 505 517 557 quibus
537 505 631 556 ipsis
652 506 797 544 nullast
819 517 878 544 res
899 517 1018 555 quam
1039 510 1249 554 procurent
1270 516 1339 542 sua
1357 519 1362 542 :

373 572 384 610 i
405 573 567 623 quando
588 584 706 622 quem
727 569 953 609 auctionem
974 570 1165 608 facturum
1188 568 1327 615 sciunt,

373 638 532 685 adeunt,
555 635 784 687 perquirunt
805 634 902 686 quid
923 634 994 674 siet
1014 647 1175 674 caussae
1195 633 1285 673 ilico
1305 649 1312 672 :

375 702 546 741 alienum
567 714 633 740 aes
656 708 769 751 cogat
789 713 840 739 an
862 699 1002 750 pararit
1022 698 1238 750 praedium,

375 767 511 806 uxorin
532 766 581 805 sit
601 766 805 805 reddenda
825 766 898 804 dos
919 763 1099 804 diuortio.

374 847 441 873 eos
463 832 591 872 6mnis
613 839 691 871 tam
713 830 785 870 etsi
806 831 937 870 hercle
958 830 1063 869 haud
1085 830 1268 880 indignos
1289 829 1421 869 iudico

375 898 441 950 qui
463 898 631 937 multum
654 896 783 936 miseri
805 896 892 943 sint,
916 896 1106 943 laborent,
1130 895 1183 934 nil
1205 908 1358 934 moror:

375 964 505 1003 dicam
525 962 719 1002 auctionis
741 975 932 1009 caussam,
956 969 997 1000 ut
1019 962 1167 1001 damno
1187 962 1384 1012 gaudeant
1400 975 1410 1008 3

376 1043 468 1069 nam
488 1028 665 1069 curiosus
687 1042 805 1068 nemo
827 1035 885 1068 est
905 1028 1001 1079 quin
1023 1028 1071 1066 sit
1092 1027 1310 1067 maliuolus.

375 1095 482 1146 ipsus
503 1102 659 1146 egomet
680 1107 799 1146 quam
820 1094 874 1133 ob
895 1107 975 1133 rem
996 1092 1221 1132 auctionem
1244 1092 1479 1144 praedicem,

373 1162 520 1201 damna
540 1167 758 1200 euenerunt
780 1172 963 1198 maxuma
984 1158 1126 1198 misero
1147 1158 1253 1205 mihi,

376 1227 430 1266 ita
449 1240 512 1266 me
533 1225 744 1277 mancupia
764 1225 951 1265 miserum
972 1226 1201 1264 adfecerunt
1222 1225 1334 1270 male,

378 1292 600 1343 potationes
620 1293 825 1343 plurumae
846 1292 1077 1330 demortuae
1093 1305 1102 1338 ς

377 1365 474 1408 quot
494 1358 596 1397 adeo
616 1369 739 1396 cenae
759 1369 857 1407 quas
878 1355 1023 1395 defleui
1045 1362 1233 1402 mortuae,

377 1429 473 1473 quot
494 1422 676 1474 potiones
698 1421 823 1468 mulsi,
847 1433 949 1472 quae
969 1428 1101 1460 autem
1123 1421 1297 1471 prandia,

376 1501 478 1539 quae
498 1486 599 1527 inter
618 1486 850 1526 continuom
872 1485 1026 1537 perdidi
1047 1485 1257 1525 triennium
1278 1489 1285 1524 Ξ

377 1566 469 1604 prae
491 1565 665 1592 maerore
684 1553 787 1592 adeo
807 1551 924 1591 miser
943 1559 1062 1603 atque
1085 1551 1330 1602 aegritudine

378 1617 569 1658 consenui
588 1633 599 1667 3
626 1631 752 1669 paene
773 1631 860 1657 sum
881 1617 1253 1657 fame—emortuos.

380 1686 455 1724 CR.
488 1684 674 1724 ridiculus
694 1697 820 1735 aeque
841 1685 971 1723 nullus
992 1691 1060 1731 est,
1084 1684 1246 1735 quando
1266 1681 1415 1722 essurit.
1470 1678 1475 1681 ’

380 1751 454 1789 GE.
487 1763 593 1788 nunc
613 1749 838 1788 auctionem
860 1751 987 1789 facere
1007 1750 1248 1789 decretumst
1268 1747 1365 1787 mihi
1385 1763 1392 1786 :

379 1817 481 1854 foras
501 1821 748 1854 necessumst
768 1814 964 1866 quidquid
985 1814 1115 1853 habeo
1136 1815 1320 1854 uendere.

378 1881 513 1920 adeste
534 1879 655 1927 sultis,
680 1880 825 1931 praeda
846 1880 916 1919 erit
937 1879 1214 1930 praesentium.

270 2125 334 2156 205
357 2126 400 2148 eo
417 2115 450 2147 P
536 2116 658 2147 iudicio
674 2115 707 2146 P
838 2115 902 2147 206
925 2120 1003 2146 sunt
1019 2115 1052 2145 A
1187 2125 1249 2155 207
1274 2125 1327 2145 am
1344 2125 1388 2145 no
1406 2115 1438 2145 P

270 2158 369 2202 quin]
387 2160 444 2200 qui
462 2170 529 2191 non
546 2159 581 2190 P

271 2379 337 2410 216
359 2389 466 2420 prene
482 2378 515 2410 P

272 2467 391 2498 adesse
408 2467 516 2507 sultis,
525 2466 607 2507 fort.
629 2468 715 2505 recte]

956 2523 978 2533 l

962 1984 1021 2024 198
1053 1982 1260 2025 complures]
1287 1984 1343 2024 qui
1374 1983 1544 2024 amplures
1573 1983 1606 2014 P

271 2029 366 2070 (lpro
394 2028 554 2068 quompL,
574 2028 692 2069 forma
720 2027 875 2067 antiqua)
1020 2038 1085 2059 200
1121 2038 1186 2067 qua
1214 2027 1248 2058 P
1377 2038 1438 2058 201
1464 2026 1490 2067 i]
1517 2027 1545 2058 si
1566 2027 1600 2057 A

270 2082 335 2104 202
358 2072 518 2113 quicquid
538 2072 571 2103 P
666 2071 715 2103 vel
732 2072 863 2103 caussai
1006 2081 1070 2110 2ο3
1094 2072 1241 2112 pararait
1258 2070 1290 2101 A
1381 2071 1559 2111 prandium
1572 2069 1607 2101 P

1538 2116 1603 2145 208

685 2161 766 2191 208³
792 2169 856 2190 om.
878 2159 925 2198 A,
949 2159 1010 2198 qm'
1030 2159 1099 2190 eius
1115 2158 1180 2189 loco
1192 2159 1288 2189 habet
1302 2168 1352 2190 vv.
1372 2167 1443 2198 232,
1463 2168 1526 2198 233
1542 2168 1604 2189 suo

269 2204 335 2235 loco
351 2203 517 2235 redeuntes
534 2203 707 2242 (indicium
722 2203 867 2244 fortasse
889 2213 940 2235 vv.
967 2203 1109 2242 2082-31
1136 2203 1276 2233 onn'ssos
1299 2212 1363 2233 esse
1386 2204 1419 2233 in
1440 2201 1542 2233 altem·
1558 2212 1603 2232 re-

270 2247 435 2286 censione;
458 2248 508 2279 vel
529 2248 565 2288 cf.
595 2247 627 2279 ii.
652 2248 689 2285 6>
769 2247 840 2287 ipse
857 2245 924 2278 cod.
1029 2256 1091 2285 213
1117 2246 1218 2288 quae]
1244 2246 1336 2286 quod
1361 2245 1395 2276 P
1418 2246 1452 2287 (ι’.
1466 2257 1491 2279 e.
1505 2245 1601 2286 quot)

270 2296 353 2332 quot
369 2293 483 2323 autem
511 2294 620 2322 tuetur
644 2289 783 2321 Skutsch
807 2289 947 2328 (Satura
979 2289 1139 2321 Viadrt'na
1162 2294 1194 2329 p.
1223 2290 1296 2329 127)

270 2335 349 2367 24¹:
384 2345 500 2367 maceo
525 2335 557 2366 A
566 2334 577 2352 ²
603 2335 674 2376 (vix
697 2334 792 2366 varia
816 2334 901 2365 lectio
929 2344 1081 2366 maerore
1106 2344 1231 2374 maceo,
1251 2344 1316 2365 om.
1344 2334 1462 2374 prae):
1488 2334 1552 2364 deo
1575 2332 1608 2362 P

627 2379 820 2410 demortuos
839 2377 1051 2410 Lindemann
1067 2389 1074 2409 :
1099 2376 1206 2420 (iam)
1228 2387 1293 2408 em.
1313 2375 1453 2408 Mueller
1466 2376 1601 2417 (le'n.

271 2421 364 2454 Mus.
382 2432 432 2463 54,
448 2423 529 2463 537)
672 2433 734 2462 219
759 2427 935 2454 necessust
953 2422 985 2453 A
1129 2431 1193 2453 220
1216 2422 1258 2453 ad
1275 2431 1350 2453 sese
1369 2420 1446 2452 ultis
1461 2420 1494 2451 P
1509 2420 1605 2463 (lpro

1431 2299 1494 2330 215
1517 2289 1603 2320 adeo

1611 515 1681 540 200

1615 837 1681 875 205

1614 1094 1701 1129 203a

1617 1233 1687 1260 210

1617 1558 1684 1597 215

1621 1893 1691 1918 220
