1731 2713
750 124 925 162 PERSA
1429 119 1497 155 lv,
1519 116 1580 152 vii

159 240 378 283 ,inimicum
401 237 544 277 ulcisci.
605 239 695 276 SAT.
727 235 819 274 ecce
840 248 912 272 me.
973 231 1166 281 numquid
1189 232 1347 268 moror?

176 308 249 343 To.
281 319 366 355 age,
388 305 478 342 illuc
498 304 668 353 apscede
689 302 824 352 procul
846 314 866 338 e
887 306 1114 349 conspectu,
1138 305 1247 344 tace3

178 371 243 409 ubi
265 384 355 409 cum
376 371 518 408 lenone
540 382 602 406 me
625 366 776 405 uidebis
797 363 994 413 conloqui,

177 446 260 475 tum
282 437 435 474 turbam
457 434 583 472 facito.
643 433 734 470 SAG.
767 430 916 468 dictum
938 428 1102 479 sapienti
1124 436 1181 467 sat
1202 435 1270 466 est.

90 511 159 546 730
177 504 250 540 To.
283 509 388 547 tunc,
404 499 563 550 quando
583 496 865 535 abierowsAG.
898 493 993 544 quin
1015 494 1148 531 taces?
1179 491 1259 529 scio
1280 492 1375 541 quid
1392 490 1498 528 uelis.
1524 506 1564 526 20

481 611 783 647 DORDALvs
948 605 1198 641 TOX1Lvs
1522 604 1598 640 viii

178 696 253 732 Do.
286 690 492 730 Transcidi
513 689 603 728 loris
624 687 752 726 omnis
773 685 991 725 adueniens
1012 683 1132 730 domi,

175 758 228 796 ita
248 757 343 796 mihi
365 758 538 807 supellex
558 755 710 804 squalet
731 761 849 802 atque
869 752 988 790 aedes
1009 763 1131 788 meae.

172 825 250 871 21¹0.
282 822 384 861 redis
406 830 446 859 tu
469 820 660 858 tandem?
705 819 781 855 Do.
814 817 944 855 redeo.
1005 817 1079 852 To.
1112 813 1161 852 ne'
1183 827 1255 863 ego
1276 811 1395 851 hodie
1416 811 1486 849 tibi

177 889 282 926 bona
303 888 424 924 multa
445 884 528 923 feci.
590 886 665 921 Do.
698 884 832 928 fateor,
857 881 985 919 habeo
1006 879 1178 930 gratiam.

90 961 154 998 735
176 955 250 991 ΤΟ.
283 965 377 990 num
399 949 601 1001 quippiam
622 948 729 986 aliud
752 961 814 985 me
836 946 923 984 uis?
969 947 1044 983 Do.
1078 952 1119 982 ut
1140 945 1242 982 bene
1263 942 1311 980 sit
1331 941 1411 980 tibi.
1526 949 1542 980 5

177 1019 250 1055 TO.
284 1017 349 1066 pol
370 1017 468 1053 istuc
489 1014 650 1064 quidem
671 1025 790 1051 omen
812 1011 888 1049 iam
911 1024 983 1060 ego
1004 1009 1203 1059 usurpabo
1223 1006 1344 1054 domi,

177 1095 269 1120 nam
290 1081 366 1119 iam
388 1079 586 1118 inclinabo
607 1092 670 1123 me
690 1091 781 1115 cum
801 1076 939 1114 liberta
960 1083 1036 1113 tua.

362 1192 608 1229 SATVRIO
718 1189 901 1225 VIRGO
1014 1188 1317 1224 DORDALVS
1521 1181 1568 1218 ix

176 1277 266 1314 SAT.
299 1272 385 1312 Nisi
405 1273 478 1321 ego
498 1271 618 1309 illunc
638 1269 842 1309 hominem
863 1270 997 1319 perdo,
1021 1267 1126 1318 perii.
1185 1274 1304 1315 atque
1325 1273 1487 1314 optume

177 1353 315 1378 eccum
335 1338 464 1387 ipsum
484 1345 576 1375 ante
596 1336 726 1374 aedes.
786 1336 850 1372 V1.
885 1336 991 1372 salue
1013 1334 1192 1379 multum,
1216 1331 1269 1369 mi
1290 1338 1409 1380 pater.

93 1417 160 1452 740
179 1406 268 1443 SAT.
300 1404 418 1449 salue,
442 1414 529 1439 mea
548 1409 675 1451 gnata.
737 1401 813 1438 Do.
845 1399 904 1437 ei!
937 1401 1054 1437 Persa
1074 1412 1136 1436 me
1157 1410 1316 1447 pessum
1339 1396 1457 1435 dedit.

178 1471 243 1507 Vr.
284 1476 392 1518 pater
429 1466 493 1504 hic
532 1479 643 1504 meus
682 1473 750 1503 est.
812 1466 886 1502 Do.
928 1465 1030 1510 hem,
1058 1462 1184 1513 quid?
1226 1462 1364 1512 pater?
1410 1460 1506 1511 perii

1334 1526 1482 1577 oppido
1500 1528 1506 1563 1

179 1598 275 1649 quid
295 1611 367 1648 ego
387 1597 501 1647 igitur
520 1609 632 1634 cesso
653 1595 785 1634 infelix
804 1593 1051 1632 lamentarier
1528 1601 1544 1632 5

180 1664 305 1702 minas
326 1662 553 1712 sexaginta?
602 1662 691 1699 SAT.
725 1673 797 1710 ego
818 1660 884 1709 pol
906 1667 943 1696 te
964 1658 1115 1705 faciam,
1138 1658 1276 1703 scelus,

180 1737 218 1768 te
239 1741 397 1780 quoque
417 1727 534 1766 etiam
556 1726 685 1776 ipsum
706 1733 749 1763 ut
769 1723 1002 1762 lamenteris.
1064 1725 1139 1760 Do.
1172 1721 1323 1761 occidi!

93 1805 160 1841 745
181 1797 270 1834 SAT.
302 1808 373 1844 age
392 1793 553 1831 ambula
572 1791 611 1830 in
633 1791 703 1838 ius,
727 1792 828 1829 leno.
890 1791 966 1828 Do.
999 1788 1095 1839 quid
1117 1802 1180 1826 me
1200 1787 1240 1825 in
1260 1787 1320 1826 ius
1340 1787 1489 1825 uocas?

181 1862 269 1899 SAT.
302 1859 357 1897 illi
376 1858 483 1908 apud
502 1864 722 1908 praetorem
743 1855 884 1894 dicam.
945 1855 1014 1893 sed
1035 1867 1108 1903 ego
1128 1853 1167 1891 in
1189 1852 1248 1890 ius
1268 1865 1381 1890 uoco.

180 1927 256 1963 Do.
289 1938 422 1963 nonne
441 1921 675 1961 antestaris?
722 1923 811 1960 SAT.
844 1928 938 1958 tuan
960 1933 1032 1970 ego
1053 1932 1200 1965 caussa,
1223 1919 1418 1964 carnufex,
1529 1928 1568 1950 10

179 1990 394 2040 quoiquam
416 1987 568 2027 mortali
588 1987 711 2025 libero
731 1985 833 2024 auris
853 1993 1028 2031 atteram,

180 2055 247 2106 qui
266 2054 330 2093 hic
350 2051 624 2092 commercaris
644 2051 740 2090 ciuis
761 2051 941 2089 homines
962 2050 1133 2088 liberos?

94 2131 162 2167 750
182 2121 258 2158 Do.
313 2107 396 2157 sin⁹e
438 2117 578 2156 dicam.
643 2117 732 2154 SAT.
779 2116 883 2153 nolo.
950 2116 1025 2152 Do.
1070 2113 1173 2152 audi.
1233 2115 1323 2152 SAT.
1367 2114 1507 2151 surdus

1179 2192 1277 2217 sum.
1335 2178 1504 2216 ambula.

224 2299 297 2329 727,
312 2290 374 2329 728
399 2287 453 2329 (cf.
467 2290 539 2327 467,
552 2287 629 2326 468)
720 2296 784 2326 730
807 2296 871 2316 om.
887 2284 920 2315 P
933 2285 1080 2325 (propter
1092 2283 1312 2314 homoeoarclz.
1328 2282 1354 2322 ἓ)
1444 2292 1505 2320 734

180 2333 373 2364 bonamuita
395 2332 429 2363 P
458 2332 512 2373 (cs.
541 2331 614 2362 Cas.
641 2330 720 2368 841)
832 2329 930 2359 effeci
954 2328 987 2358 A
1101 2327 1228 2367 habebo
1259 2325 1292 2355 A
1444 2328 1506 2364 736

179 2377 326 2408 omniam
343 2376 375 2407 P
534 2376 596 2414 738
622 2374 711 2404 illum
729 2372 818 2404 codd.
985 2382 1048 2411 740
1072 2371 1120 2413 ei]
1140 2376 1174 2401 et
1189 2370 1222 2401 P
1315 2370 1418 2400 Pessa
1437 2369 1507 2410 (vix

181 2420 331 2460 persum)
344 2418 637 2460 pronuntiandum
741 2417 774 2447 in
792 2426 850 2456 741
870 2416 971 2455 deficit
985 2415 1018 2445 A

1359 2456 1418 2488 12*
