1783 2707
194 128 271 165 ΙΙΙ.

162 378 273 423 ⁴80

231 1230 273 1261 90

235 1617 275 1649 95

215 1942 275 1965 100

295 129 323 164 ii
700 133 746 168 T.
782 131 960 169 MACCI
993 130 1196 167 PLAVTI

347 239 456 288 quasi
478 239 670 289 flagitator
689 248 789 278 astat
809 253 934 289 usque
955 240 1006 278 ad
1027 239 1182 285 ostium,

345 317 418 342 nec
440 304 491 341 mi
513 305 652 342 umbra
672 305 735 343 hic
756 312 961 354 usquamst
982 304 1055 342 nisi
1076 304 1106 342 si
1127 304 1167 341 in
1188 312 1307 354 puteo
1328 303 1586 354 quaepiamst.

344 369 419 406 TR.
441 370 560 419 quid?
606 369 809 407 Sarsinatis
824 383 948 419 ecqua
962 378 1029 417 est,
1048 369 1079 406 si
1101 369 1291 406 Vmbram
1313 382 1393 406 non
1415 369 1565 407 habes?
1639 382 1707 416 770

346 433 399 470 S1.
433 434 620 470 molestus
642 446 690 471 ne
712 432 772 470 sis.
833 434 930 471 haec
951 441 1041 472 sunt
1062 433 1161 471 sicut
1182 433 1376 484 praedico.

345 498 421 534 TR.
453 504 491 534 at
512 505 643 536 tamen
665 497 857 547 inspicere
878 500 970 536 uolt.
1031 500 1084 536 S1.
1116 498 1307 548 inspiciat,
1331 499 1361 536 si
1382 499 1516 546 lubet3

345 561 375 598 si
396 561 491 611 quid
512 561 582 599 erit
603 563 712 612 quod
732 562 785 600 illi
806 564 967 612 placeat,
992 564 1041 601 de
1062 565 1243 613 exemplo
1264 577 1353 601 meo

345 626 427 676 ipse
466 626 683 665 aedificato.
757 629 832 666 TR.
880 641 966 675 eon,
1008 642 1109 666 uoco
1149 630 1226 666 huc
1265 628 1498 666 hominem?
1566 630 1618 667 S1.

1462 694 1485 742 i,
1508 708 1608 732 uoca

345 821 421 858 ΤΗ.
454 820 721 859 Alexandrum
743 833 929 871 magnum
951 828 1069 871 atque
1085 821 1345 870 Agathoclem
1361 821 1471 859 aiunt
1492 834 1622 859 maxu-
1642 833 1706 869 775

1538 899 1622 924 mas

345 950 426 988 duo
446 949 505 988 res
526 950 714 1000 gessisse:
745 950 841 1000 quid
863 950 959 988 mihi
980 952 1045 989 fiet
1067 950 1193 999 tertio,

346 1014 413 1064 qui
434 1016 539 1053 solus
561 1015 662 1054 facio
684 1015 857 1054 facinora
879 1015 1130 1054 inmortalia?

347 1080 455 1118 uehit
476 1080 538 1118 hic
560 1081 736 1129 clitellas,
757 1081 866 1119 uehit
888 1081 951 1119 hic
971 1088 1104 1119 autem
1125 1083 1221 1119 alter
1241 1094 1369 1120 senex.

347 1144 549 1184 nouiciurn
571 1146 666 1184 mihi
688 1154 895 1196 quaestum
918 1146 1067 1184 institui
1088 1160 1168 1185 non
1191 1149 1337 1186 malum
1355 1162 1361 1186 :

347 1224 438 1248 nam
461 1211 653 1249 muliones
675 1213 802 1250 mulos
824 1211 1045 1250 clitellarios
1644 1217 1713 1260 780

347 1276 505 1323 habent,
528 1284 567 1314 at
587 1290 660 1325 ego
681 1277 810 1315 habeo
831 1277 1013 1315 homines
1034 1277 1266 1316 clitellarios.

348 1340 478 1391 magni
499 1349 590 1379 sunt
610 1341 738 1380 oneris
757 1357 762 1380 :
795 1342 990 1392 quidquid
1013 1342 1193 1392 imponas
1214 1343 1375 1381 uehunt.

402 1481 507 1505 nunc
528 1468 634 1505 hunc
655 1468 732 1505 hau
754 1467 836 1507 scio
856 1482 907 1506 an
929 1470 1154 1518 conloquar.
1219 1469 1458 1519 congrediar.

404 1533 500 1570 heus
521 1532 822 1582 Theopropides
841 1536 847 1571 1
906 1535 984 1571 TH.
1018 1535 1110 1572 hem
1132 1534 1219 1583 quis
1241 1533 1304 1572 hie
1325 1534 1504 1573 nominat
1524 1537 1617 1574 me?

403 1599 479 1635 TR.
512 1611 578 1636 ero
599 1599 724 1636 seruo'
746 1598 877 1637 multis
898 1599 1026 1638 modis
1048 1601 1160 1638 fidus.
1221 1601 1299 1638 TH.
1333 1601 1439 1639 unde
1459 1600 1521 1639 is?
1645 1610 1711 1654 785

403 1665 479 1701 TR.
512 1664 620 1712 quod
642 1677 705 1702 me
727 1663 896 1711 miseras,
920 1666 1055 1703 adfero
1076 1678 1194 1703 omne
1215 1665 1477 1715 impetratum.

403 1729 481 1765 TH.
515 1727 611 1777 quid
632 1728 697 1776 illi,
720 1742 896 1779 opsecro,
920 1737 1000 1767 tarn
1022 1729 1090 1768 diu
1112 1729 1324 1768 destitisti?

402 1795 478 1831 TR.
512 1793 595 1831 seni
615 1807 696 1832 non
715 1802 796 1832 erat
816 1794 951 1841 otium,
975 1795 1015 1833 id
1036 1809 1122 1834 sum
1144 1796 1355 1846 opperitus.

403 1860 482 1896 TH.
514 1858 720 1909 antiquom
742 1859 896 1909 optines
918 1861 994 1898 hoc
1016 1868 1137 1908 tuom,
1160 1863 1293 1900 tardus
1314 1869 1356 1900 ut
1377 1861 1438 1900 sis.

404 1925 480 1961 TR.
513 1924 610 1961 heus
631 1931 683 1971 tu,
708 1924 739 1962 si
760 1926 868 1963 uoles
890 1926 1056 1964 uerbum
1079 1927 1155 1964 hoc
1175 1926 1355 1976 cogitare,
1646 1944 1715 1980 790

405 1987 521 2026 simul
542 1989 633 2027 flare
654 1989 891 2039 sorbereque
913 1991 990 2028 hau
1011 1992 1115 2029 factu
1137 1990 1298 2030 facilest.

342 2095 404 2132 769
428 2093 482 2123 hic
504 2104 570 2123 om.
588 2093 622 2123 Ρ
720 2104 783 2133 770
807 2095 962 2135 arsinatis
979 2095 1012 2124 A
1105 2106 1245 2134 ecquam
1263 2095 1295 2125 Ρ
1411 2107 1472 2135 774
1490 2096 1498 2126 i
1515 2107 1581 2128 om.
1604 2096 1634 2126 P

299 2138 360 2176 778
385 2137 437 2167 hic
449 2142 498 2177 pr.
519 2147 583 2167 om.
604 2137 636 2167 Ρ
650 2137 741 2178 (add.
760 2138 823 2177 3²>
945 2140 1004 2177 781
1032 2143 1065 2168 at
1083 2150 1148 2170 om.
1167 2139 1201 2168 P
1323 2140 1383 2179 783
1408 2141 1497 2170 hunc
1515 2150 1580 2172 om.
1600 2139 1633 2170 P

298 2181 358 2217 (iii.
385 2183 416 2217 r)
435 2180 526 2220 (add.
547 2179 613 2219 32)
696 2181 793 2222 [con]
813 2182 897 2212 conl.
919 2182 1120 2212 intercedente
1135 2183 1239 2223 spatio
1255 2183 1289 2213 Ρ
1305 2183 1397 2214 (corr.
1418 2183 1477 2223 ΒΕ)
1551 2193 1628 2214 con-

298 2224 454 2263 gredibor
476 2224 587 2262 l'Vez'se,
606 2227 641 2254 ut
657 2225 779 2265 integer
794 2229 971 2255 tetrameter
977 2226 1046 2264 fiat
1165 2227 1269 2266 784-5
1294 2227 1412 2257 lacuna
1429 2228 1462 2257 in
1478 2227 1531 2257 ΡΑ
1551 2227 1574 2264 (2
1585 2227 1623 2267 cs.

298 2279 347 2298 vv.
375 2268 497 2308 802-3)
654 2269 716 2307 784
742 2269 818 2298 hem
842 2267 964 2310 (nam)
989 2269 1106 2309 Bngge
1214 2271 1286 2309 quis
1314 2271 1368 2301 hic
1392 2281 1459 2301 om.
1483 2270 1517 2300 P
1539 2271 1629 2310 (quis

299 2311 373 2342 add.
390 2311 451 2350 ΒΖ)
544 2312 606 2351 785
630 2313 770 2342 multum
789 2322 849 2342 suo
870 2313 989 2351 (cereris
1005 2313 1147 2343 omissisN
1163 2313 1299 2344 Psadd.
1319 2313 1430 2345 fidelis
1447 2314 1524 2354 32),
1544 2313 1631 2344 unde

300 2355 506 2386 multimodis
526 2355 585 2385 (ita
602 2355 652 2395 Α)
671 2366 730 2386 suo
750 2355 770 2386 s.
792 2355 919 2386 Ritsclzl
1006 2356 1093 2387 fidus
1111 2355 1253 2389 Ritsclzl:
1280 2357 1367 2388 filius
1383 2358 1416 2387 A
1567 2358 1630 2397 786

299 2399 404 2439 quod]
424 2409 489 2438 quo
507 2398 618 2429 APCD
753 2400 813 2438 787
839 2399 887 2429 vel
901 2399 968 2429 illic
988 2400 1047 2439 (ita
1064 2399 1170 2440 codd.)
1307 2402 1370 2440 788
1392 2401 1496 2432 otium
1513 2406 1584 2431 erat
1601 2399 1634 2430 P

301 2445 363 2481 789
387 2442 454 2472 sies
474 2442 503 2471 A
618 2453 681 2481 790
704 2443 760 2473 vis:
775 2443 851 2473 illoc
872 2444 923 2483 (ut
936 2443 1058 2484 integer
1073 2445 1338 2483 tetramelerfictl)

1002 2523 1024 2534 κ
