1731 2713
109 505 174 542 735

598 123 767 160 MILES
799 124 1108 161 GLORIOSVS
1433 128 1505 163 ΙΙΙ.
1528 128 1539 162 i

193 232 260 284 qui
281 233 411 283 lepide
431 231 651 281 ingeniatus
673 239 784 277 esset,
808 231 929 269 uitam
952 232 985 269 ei
1008 232 1258 281 longinquum
1282 235 1427 278 (larem,

194 298 261 348 qui
281 296 436 347 inprobi
457 304 586 335 essent
607 303 645 334 et
666 296 828 342 scelesti,
853 296 883 334 is
904 296 1119 335 adimerent
1140 298 1307 334 animam
1331 299 1417 335 cito.

195 364 227 402 si
247 365 323 401 hoe
343 362 595 412 parauissent‚
619 369 657 399 et
678 361 859 399 homines
881 371 1009 399 essent
1033 362 1150 399 minu'
1173 363 1279 399 multi
1305 363 1390 400 muli

196 437 234 468 et
254 428 382 466 minus
403 428 588 465 audacter
608 427 772 463 scelesta
793 427 963 464 facerent
984 427 1094 472 facta,
1118 434 1153 463 ct
1176 436 1321 475 postca,

196 495 264 544 qui
283 491 464 531 homines
484 490 597 541 probi
618 498 758 536 essent,
782 498 883 528 esset
905 490 934 527 is
955 504 1111 527 annona
1133 490 1254 528 uilior.

197 561 266 597 PE.
297 557 364 608 qui
385 558 548 595 deorum
570 555 733 593 consilia
753 557 884 604 culpet
905 557 1044 593 stuitus
1065 555 1303 605 inscitusque
1325 556 1380 598 sit,

196 623 342 674 quique
362 635 430 661 eos
450 620 654 671 uituperet.
715 634 819 657 nunc
842 617 951 671 [iam]
974 619 1054 657 istis
1075 621 1189 657 rebus
1211 621 1340 658 desisti
1363 623 1484 659 ‹let-ct.

198 698 304 727 nunc
324 688 416 726 uolo
437 698 639 735 opsonare,
664 692 719 731 ut,
741 686 894 733 hospes,
918 691 985 721 tua
1005 692 1042 721 te
1063 699 1107 722 cx
1128 685 1269 722 uirtute
1290 694 1326 722 ct
1350 699 1433 722 mea

199 766 311 792 meae
331 751 439 791 domi
459 750 650 800 accipiam
672 749 852 798 benigne,
875 748 1004 798 lepide
1025 758 1061 786 ct
1082 749 1220 798 lepidis
1242 749 1418 787 uit-tibus.

112 829 182 864 740
201 821 267 856 PL.
300 817 396 855 nihil
417 829 480 854 me
500 815 672 865 paenitet
695 814 771 852 iarn
793 822 941 864 quanto
962 813 1132 862 sumptui
1155 813 1288 851 fuerim
1312 814 1378 851 tibi
1398 829 1404 854 ;

111 1153 178 1189 745

119 1673 186 1710 750

199 897 291 922 narn
311 884 454 932 hospes
475 882 605 919 nullus
625 880 703 918 tam
726 879 765 916 in
785 878 901 916 amici
921 878 1130 928 hospitium
1154 878 1302 916 deuorti
1325 888 1451 928 potest

199 948 305 999 quin,
328 947 397 985 ubi
416 946 587 984 triduom
609 945 840 983 continuom
861 943 985 990 fuerit,
1007 943 1083 981 iam
1105 943 1262 981 odiosus
1284 944 1378 989 sict3

199 1026 335 1051 uerum
356 1011 424 1050 ubi
444 1011 528 1050 dies
548 1011 688 1049 decem
709 1009 917 1048 continuos
938 1009 997 1055 sit,
1020 1016 1100 1046 east
1121 1008 1297 1046 odiorum
1323 1008 1411 1045 Ilias
1429 1024 1435 1045 ι

199 1087 280 1116 tam
300 1075 372 1115 etsi
393 1075 579 1114 dominus
600 1088 680 1112 non
701 1074 847 1112 inuitus
867 1073 1023 1123 patitur,
1044 1072 1143 1110 serui
1165 1082 1414 1110 murmurant.

201 1145 269 1180 PE.
301 1140 532 1180 seruiendae
553 1138 729 1178 seruituti
750 1151 823 1187 ego
843 1150 976 1175 seruos
998 1136 1157 1174 instruxi
1179 1136 1283 1182 mihi,

199 1209 354 1258 hospes,
388 1219 469 1244 non
499 1203 566 1254 qui
606 1204 659 1242 mi
690 1203 926 1253 imperarent
956 1202 1140 1252 quibu’ue
1179 1216 1250 1251 ego
1289 1216 1411 1240 essem
1451 1202 1515 1239 ob-

1356 1268 1489 1304 noxius
1511 1282 1516 1304 :

1539 640 1593 668 ¹⁴0

1539 959 1594 988 ηε

201 1337 233 1376 si
263 1337 337 1375 illis
368 1342 518 1386 aegrest
549 1334 645 1373 mihi
673 1333 713 1372 id
745 1334 853 1383 quod
880 1334 1000 1383 uolup
1026 1340 1094 1379 est,
1127 1345 1215 1370 meo
1245 1332 1403 1380 remigio
1438 1346 1515 1369 rem
1540 1347 1598 1377 150

1369 1404 1515 1445 gerunt,

202 1476 334 1506 tamen
355 1466 396 1505 id
416 1467 525 1516 quod
545 1464 676 1503 odiost
692 1463 958 1502 faciundumst
974 1476 1064 1501 cum
1086 1464 1188 1500 malo
1204 1470 1320 1511 atque
1337 1461 1516 1510 ingratiis.

203 1546 320 1579 nunc,
354 1532 463 1581 quod
495 1529 643 1580 occepi,
677 1536 913 1579 opsonatum
948 1541 1116 1578 pergam.
1176 1529 1241 1565 PL.
1275 1527 1304 1563 si
1337 1534 1518 1564 certumst

1438 1590 1517 1636 tibi,

204 1662 504 1702 commodulum
532 1673 698 1710 opsona,
717 1672 767 1696 ne
791 1671 934 1708 magno
962 1664 1142 1707 sumptu:
1174 1656 1265 1693 mihi
1289 1654 1442 1704 quiduis
1466 1663 1519 1690 sat

1452 1727 1517 1755 cst.

250 1841 307 1871 731
335 1831 539 1871 ingenuatus
555 1828 589 1859 P
674 1828 705 1858 ei
729 1838 794 1858 om.
813 1826 845 1857 P
983 1835 1044 1864 732
1069 1824 1088 1855 i.
1109 1829 1195 1854 estet
1213 1824 1278 1863 (est
1296 1822 1379 1855 ΡΠ),
1399 1828 1471 1851 sunt
1490 1826 1522 1850 et

206 1875 255 1912 B²
275 1879 313 1907 ut
327 1874 410 1915 vid.)
437 1872 567 1904 scaeles
597 1871 692 1902 hisus
722 1868 892 1912 (scaelesti
920 1868 971 1899 his
995 1867 1060 1898 Βῖ)
1084 1867 1116 1897 Ρ
1201 1868 1408 1897 adhimerant
1440 1870 1521 1893 r-ent

207 1919 270 1954 BQ)
290 1919 322 1950 P
398 1917 545 1948 animum
561 1914 595 1945 A
687 1923 749 1953 733
774 1912 962 1953 parauisset
979 1910 1011 1941 P
1025 1912 1117 1950 (corr.
1134 1909 1197 1942 325
1276 1909 1416 1938 hominis
1433 1913 1522 1937 essct

209 1965 292 2004 (eet)
312 1961 346 1992 P
454 1970 515 1999 734
541 1960 666 1990 faceret
683 1957 716 1988 P
825 1957 887 1994 736
904 1955 1043 1985 concilia
1055 1954 1152 1992 culpe
1166 1952 1198 1982 P
1282 1952 1483 1989 insictusquc
1497 1950 1526 1979 l'

208 2017 269 2047 737
294 2007 442 2046 quidque
459 2004 492 2035 P
585 2002 651 2032 iam
667 2011 734 2031 om,
753 2000 786 2030 A
886 1998 984 2029 istiP
1113 1997 1174 2035 738
1198 1996 1247 2025 ut*
1267 1995 1335 2036 [uel
1357 2000 1390 2024 ut
1408 1998 1442 2023 u!
1459 1993 1518 2023 ml.

206 2050 240 2081 P
251 2051 306 2092 (iv.
322 2060 352 2089 3.
367 2060 400 2089 p.
414 2048 472 2089 97)
586 2056 648 2085 739
672 2044 758 2075 demi
772 2043 804 2073 P
816 2044 909 2073 (corr.
923 2040 990 2080 32)
1102 2050 1164 2078 740
1187 2044 1344 2077 quantum
1357 2043 1519 2075 sumptum

207 2094 263 2126 A:
289 2097 416 2134 quanto
441 2095 610 2131 sumptum
640 2088 673 2119 P
693 2090 779 2128 (·ptu
804 2085 894 2123 BQ:
922 2096 1002 2116 corr.
1033 2083 1241 2114 Camrram'us
1342 2080 1415 2119 tibi]
1445 2080 1520 2109 ihibi

208 2137 241 2168 A
262 2139 287 2177 (3
297 2143 337 2168 ex
349 2136 430 2167 mihi
448 2145 526 2166 corr.
544 2133 618 2171 tibi)
762 2140 820 2170 741
848 2130 910 2160 hoc
928 2129 979 2168 pis
995 2127 1028 2157 P
1121 2132 1141 2157 t.
1163 2125 1284 2155 inimici
1302 2124 1334 2153 P
1462 2132 1522 2161 743

209 2192 238 2213 c.
255 2182 300 2212 ite
316 2181 511 2212 astodorum
529 2177 601 2208 illas
615 2176 648 2206 P
779 2184 839 2213 744
864 2174 988 2203 inuitus
1005 2170 1189 2211 partiturA
1210 2181 1216 2199 :
1241 2169 1327 2198 uitus
1344 2167 1385 2197 sit
1403 2167 1523 2205 patitur

208 2224 243 2256 P
338 2227 520 2255 murmurat
544 2221 577 2252 P
717 2228 777 2257 745
802 2217 964 2249 seruienti
990 2215 1154 2245 seruitute
1180 2212 1213 2242 P
1235 2214 1328 2250 (ῖῄνο
1354 2211 1398 2240 -di
1427 2210 1521 2239 -temi

210 2268 359 2299 introuxi
377 2267 409 2298 P
537 2265 600 2303 746
626 2263 817 2302 inpar-arent
837 2261 956 2300 quibus
976 2269 1038 2297 ego
1063 2267 1179 2288 acssae
1199 2266 1229 2286 ο.
1246 2255 1278 2284 P
1414 2263 1471 2291 747
1497 2252 1521 2280 >i

210 2311 300 2342 illius
323 2310 452 2351 egressi
468 2308 549 2340 mihi
575 2307 655 2337 incit
674 2304 782 2338 (inicit
797 2304 842 2335 ΒΧ
866 2304 953 2342 quod
979 2302 1110 2340 uolupis
1131 2310 1183 2330 mc
1207 2299 1320 2329 horem
1342 2297 1478 2333 remigio
1497 2294 1526 2323 l'

211 2365 293 2395 gero
309 2355 342 2385 P
457 2353 518 2393 748
542 2351 660 2381 odiose
677 2349 710 2380 P
795 2348 914 2377 malum
931 2346 964 2376 P
1049 2350 1181 2383 atquem
1197 2341 1271 2371 Pu!
1281 2339 1343 2371 vid.
1464 2348 1524 2376 7⁴0

212 2403 322 2429 certus
335 2396 368 2427 P
381 2397 463 2437 (pro
478 2399 615 2431 certust,
634 2393 654 2424 i.
670 2403 694 2423 e.
714 2392 846 2431 —tumst)
981 2388 1107 2427 750-88
1131 2387 1213 2417 dces!
1227 2385 1258 2414 Α
1401 2391 1459 2419 750
1484 2391 1524 2410 ne

212 2451 335 2480 magno
351 2440 424 2471 Ital.
441 2451 448 2470 :
473 2448 572 2469 nemo
588 2445 711 2475 agnum
727 2434 794 2465 cod.
