1783 2707
218 144 287 186 M

212 270 251 301 25

210 591 250 623 30

209 919 250 952 35

211 1246 258 1280 40

209 1575 250 1608 45

156 1887 254 1936 *50

680 145 727 182 T.
762 143 940 182 MACCI
974 144 1176 181 PLAVTI

487 255 584 293 haec
605 253 659 292 mi
679 252 852 293 diuidiae
872 261 911 292 et
932 252 1043 292 senio
1063 259 1165 292 sunt.

487 321 588 358 PAN.
620 332 670 358 ne
689 320 873 366 lacruma,
896 332 1016 366 soror,
1037 332 1115 358 neu
1136 326 1205 357 tuo
1225 316 1265 356 id
1285 315 1420 356 animo
1620 329 1665 354 20

431 385 490 423 fac
511 385 619 435 quod
641 383 712 423 tibi
733 391 821 423 tuos
843 391 952 435 pater
972 385 1099 423 facere
1121 382 1291 422 minatur
1310 397 1318 422 z

486 462 574 500 spes
595 456 653 488 est
675 462 766 488 eum
790 449 928 488 melius
950 450 1155 488 facturum.

484 513 579 553 noui
599 527 672 565 ego
693 514 804 553 illum
821 529 827 553 :
858 513 990 553 ioculo
1010 513 1130 553 istaec
1151 512 1257 560 dicit,

485 593 614 630 neque
635 579 699 619 ille
719 578 793 618 sibi
815 586 961 618 mereat
983 581 1188 618 Persarum

484 644 640 692 montis,
664 644 731 695 qui
752 657 837 684 esse
857 644 963 684 aurei
983 643 1250 695 perhibentur,

484 718 526 749 ut
547 710 647 749 istuc
669 709 785 749 faciat
807 711 916 761 quod
937 717 979 749 tu
1000 709 1153 748 metuis.

484 783 617 814 tamen
639 774 669 814 si
690 774 817 823 faeiat,
839 774 1001 814 minime
1022 774 1133 814 irasci

539 842 653 880 decet
674 854 803 892 neque
823 840 864 880 id
885 840 1068 879 inmerito
1088 839 1254 880 eueniet.

486 920 579 945 nam
600 905 672 945 uiri
693 905 815 945 nostri
839 907 962 945 domo
982 913 1025 945 ut
1045 904 1226 945 abierunt

486 973 550 1011 hic
571 971 706 1011 tertius
726 973 1016 1010 annus—PAM.
1049 970 1102 1010 ita
1122 978 1164 1010 ut
1185 983 1391 1010 memoras.

486 1040 586 1077 ΡΑΝ.
620 1051 741 1089 quom
763 1036 837 1088 ipsi
858 1036 1007 1076 interea
1027 1036 1175 1084 uiuant,
1199 1037 1368 1083 ualeant,

538 1102 607 1143 ubi
627 1102 714 1151 sint,
739 1102 835 1154 quid
856 1110 983 1153 agant,
1008 1101 1151 1153 ecquid
1172 1108 1289 1152 agant

490 1182 620 1220 neque
639 1168 874 1220 participant
895 1181 967 1206 nos
988 1181 1117 1218 neque
1138 1168 1313 1206 redeunt.

492 1237 596 1273 ΡΑΜ.
628 1247 679 1273 an
699 1234 739 1274 id
760 1235 882 1282 doles,
906 1247 1025 1281 soror,
1048 1232 1141 1283 quia
1160 1231 1215 1272 illi
1235 1245 1350 1272 suom
1370 1231 1543 1272 officium

489 1313 570 1340 non
591 1301 738 1347 colunt,
761 1313 882 1350 quom
904 1306 946 1338 tu
967 1307 1078 1337 tuom
1098 1297 1223 1337 facis?
1279 1299 1379 1335 PAN.
1411 1296 1465 1336 ita
1484 1297 1561 1348 pol.

487 1366 590 1402 Pm.
625 1373 710 1404 tace
731 1364 793 1412 sis,
818 1377 914 1402 caue
936 1363 987 1402 sis
1007 1362 1167 1402 audiam
1189 1375 1262 1413 ego
1282 1361 1383 1400 istuc

539 1431 703 1480 posthac
726 1444 771 1468 ex
792 1437 840 1468 te.
903 1431 1004 1467 PAN.
1037 1441 1130 1467 nam
1151 1427 1247 1478 quid
1268 1426 1377 1466 iam?

486 1498 590 1534 PAM.
624 1495 715 1546 quia
735 1497 801 1546 pol
823 1508 913 1533 meo
933 1493 1067 1533 animo
1087 1492 1215 1532 omnis
1237 1492 1423 1543 sapientis

485 1574 600 1600 suom
621 1560 795 1600 officium
816 1573 988 1610 aequom
1010 1566 1068 1598 est
1089 1559 1217 1597 colere
1238 1565 1275 1596 et
1296 1558 1433 1596 facere.

486 1639 606 1678 quam
627 1626 680 1665 ob
700 1639 782 1665 rem
803 1638 876 1675 ego
897 1633 935 1664 te
956 1625 1044 1672 1100,
1067 1637 1185 1670 soror,
1209 1631 1289 1661 tam
1311 1622 1383 1662 etsi
1404 1635 1446 1661 es
1467 1621 1602 1670 maior,

486 1705 632 1732 moneo
652 1699 694 1731 ut
715 1699 825 1731 tuom
848 1689 1074 1730 memineris
1095 1689 1267 1729 officium
1288 1705 1295 1728 z

485 1757 557 1796 etsi
578 1756 632 1796 illi
654 1756 810 1808 inprobi
833 1755 910 1794 sint
931 1763 1050 1806 atque
1071 1754 1181 1793 aliter

540 1837 613 1862 nos
634 1822 778 1862 faciant
799 1836 919 1873 quam
940 1828 1159 1872 aequomst,
1183 1828 1261 1860 tam
1283 1822 1361 1871 pol,

379 1903 428 1929 ne
448 1888 545 1940 quid
566 1888 679 1940 magi'
701 1888 760 1936 sit,
785 1887 971 1927 omnibus
993 1886 1137 1926 obnixe
1158 1885 1301 1937 opibus

486 1962 664 1994 nostrum
685 1952 858 1993 officium
880 1951 1107 1992 meminisse
1127 1952 1252 1991 decet.

550 2022 651 2059 PAN.
674 2022 803 2071 placet
824 2034 830 2057 :
853 2026 976 2058 taceo.
1038 2019 1142 2056 PAM.
1166 2024 1205 2056 at
1226 2015 1451 2056 memineris
1472 2015 1600 2055 facito.

326 2085 443 2140 [PAN.
476 2088 568 2127 11010
590 2101 673 2138 ego,
697 2100 818 2134 soror,
840 2099 902 2124 me
923 2083 1029 2123 credi
1050 2097 1135 2122 esse
1159 2082 1418 2121 inmemorem
1441 2081 1525 2129 uiri,

315 2202 358 2223 20
382 2192 441 2234 ne]
472 2202 537 2223 neu
570 2191 603 2221 P
733 2200 770 2220 21
800 2194 875 2221 tuos
898 2187 957 2220 del.
990 2187 1101 2228 Bothe,
1128 2190 1166 2218 ut
1189 2186 1325 2218 dimeter
1350 2189 1518 2227 anapaest.
1535 2185 1607 2226 fiat

271 2236 326 2266 vix
340 2236 442 2268 minat
605 2245 644 2275 27
679 2233 811 2265 tametsi
838 2233 870 2263 A
1037 2242 1080 2272 30
1113 2230 1246 2262 tertiust
1272 2230 1400 2261 Ritsclzl
1561 2231 1605 2269 36

270 2285 395 2311 coeunt
411 2280 444 2310 A
537 2284 571 2310 tu
588 2289 652 2310 om.
673 2278 707 2309 P
835 2287 887 2316 37,
908 2277 949 2314 38
973 2276 1098 2307 inverso
1115 2275 1225 2306 ordine
1238 2273 1271 2303 Α
1417 2274 1459 2312 38
1485 2272 1601 2315 [caue]

270 2324 413 2363 posthac
429 2324 462 2355 P
478 2324 524 2363 (ii.
543 2324 576 2362 2)
669 2322 725 2362 qui
743 2321 777 2353 P
789 2321 880 2361 (corr.
898 2320 945 2360 D)
1049 2329 1087 2358 41
1116 2329 1213 2350 soror
1229 2328 1292 2357 ego
1308 2317 1372 2348 hoc
1385 2321 1418 2348 te
1435 2317 1468 2348 A
1560 2327 1602 2356 44

269 2372 382 2399 tamen
406 2367 439 2398 P
610 2376 651 2407 45
675 2366 726 2398 vel
748 2376 844 2405 mage
970 2363 1031 2404 sit]
1059 2363 1165 2394 simus
1193 2361 1227 2392 P
1355 2360 1481 2402 supplet
1495 2359 1602 2391 simus

268 2409 325 2453 (in
351 2411 450 2451 culpa
475 2411 547 2450 illis,
574 2420 639 2442 nos
664 2409 741 2452 hic>
766 2410 832 2440 Leo
963 2418 1003 2447 47
1029 2407 1162 2447 placet?
1188 2406 1273 2436 ΡΑΝ.
1303 2409 1399 2435 taceo
1417 2403 1462 2444 A,
1487 2407 1525 2434 ut
1538 2403 1601 2436 vid.

269 2455 376 2494 48—57
402 2465 466 2486 om.
486 2454 544 2494 A;
569 2453 617 2485 ad
640 2464 792 2485 scaenam
821 2462 906 2493 quae
922 2452 1042 2483 cantico
1066 2451 1314 2482 substitueretur
1340 2448 1459 2479 rettulit
1473 2447 1604 2478 Rt'tsclael

964 2524 986 2534 l

1624 650 1665 686 25

1623 983 1669 1018 30

1625 1241 1714 1277 34-5

1622 1570 1670 1603 40

1621 1893 1666 1930 45
