1731 2713
589 80 758 118 MILES
790 81 1099 117 (nsomosx’s
1451 81 1498 116 ΙΙ.
1524 82 1565 116 iv

185 195 279 232 dum
301 201 338 231 te
360 193 515 230 fidelem
539 192 663 229 facere
684 204 750 227 ero
772 189 941 235 uoluisti,
963 191 1203 239 apsnxnptn's
1226 203 1357 239 palene.

97 271 167 304 410
184 259 254 297 sed
275 259 375 295 sores
397 255 514 294 uicini
536 254 714 305 proxumi
736 262 979 304 crepuerunt.
1039 253 1300 291 conticiscann.

384 368 864 403 PHILOCOMASIVM
976 366 1303 401 §carenam
1524 374 1549 397 v

668 431 1024 467 PALAESTRM)

187 518 260 554 PH.
294 516 394 554 Inde
415 513 544 563 ignem
567 512 605 549 in
626 524 744 557 aram,
767 518 809 548 ut
833 509 1025 560 Ephesiae
1052 509 1200 547 Dianae
1223 511 1319 546 laeta
1343 509 1473 545 laudes

183 579 378 630 gratisque
398 591 511 628 agam
532 576 647 626 eique
669 583 711 613 ut
731 574 902 613 Arabico
925 573 1135 612 fumificem
1157 574 1277 611 odore
1297 585 1471 615 amoene,

183 657 304 695 quom
326 657 388 681 me
409 642 448 680 in
469 640 565 680 locis
587 639 798 690 Neptuniis
820 638 1052 689 templisque
1075 637 1304 676 turbulentis

184 707 364 754 seruauit,
387 705 513 745 saeuis
534 704 718 743 fluctibus
739 703 806 742 ubi
827 717 912 742 sum
934 702 1131 741 adflictata
1153 703 1327 740 multum.

96 785 162 820 415
185 776 245 813 Sc.
279 770 501 818 Palaestrio,
525 783 549 809 o
570 769 805 809 Palaestrio!
847 770 914 806 ΡΑ.
946 782 970 807 o
991 768 1182 813 Sceledre,
1201 768 1390 808 Sceledre,
1407 766 1498 816 quid
1523 782 1538 811 5

1416 831 1472 868 uis
1487 832 1502 867 Ρ

183 907 245 944 Sc.
271 904 368 942 haec
389 903 538 949 mulier,
556 914 656 952 quae
673 900 764 939 hinc
785 901 861 938 exit
883 899 1013 944 modo,
1032 906 1140 936 estne
1162 896 1261 935 erilis
1283 895 1501 934 concubina

184 966 517 1008 Philocomasium
533 980 583 1004 an
601 979 681 1004 non
697 973 754 1004 est
771 966 846 1004 ea?
876 966 944 1002 ΡΑ.
968 964 1097 1002 hercle
1113 962 1262 1012 opinor,
1279 975 1323 999 ea
1337 960 1497 999 uidetur.

183 1035 253 1074 sed
286 1033 438 1072 facinus
473 1030 615 1070 mirum
644 1038 702 1070 est
732 1044 812 1080 quo
842 1030 962 1068 modo
992 1029 1089 1067 haec
1117 1026 1208 1065 hinc
1239 1027 1314 1064 huc
1345 1024 1501 1063 transire

1366 1088 1500 1140 potuit,

185 1165 215 1204 si
236 1164 397 1215 quidem
427 1170 519 1202 east.
580 1164 641 1201 Sc.
674 1175 724 1199 an
754 1159 920 1199 dubium
951 1158 1021 1197 tibi
1055 1165 1111 1196 est
1147 1170 1231 1195 eam
1262 1168 1345 1194 esse
1375 1156 1504 1192 hanc?

1173 1223 1239 1259 ΡΑ.
1272 1233 1317 1258 ea
1337 1219 1497 1257 uidetur.

97 1310 167 1344 420
184 1298 247 1335 Sc.
283 1295 483 1341 adeamus,
523 1292 777 1343 appellemus.
848 1291 956 1335 heus,
997 1287 1092 1338 quid
1131 1286 1228 1324 istuc
1267 1292 1334 1330 est,
1378 1283 1502 1321 Philo-
1524 1298 1560 1319 10

1259 1347 1502 1388 comasium?

183 1425 280 1475 quid
300 1423 371 1462 tibi
391 1423 477 1462 istic
497 1422 537 1461 in
558 1421 687 1460 istisce
707 1420 872 1459 aedibus
893 1418 1066 1463 debetur,
1091 1415 1185 1467 quid
1206 1413 1400 1464 negotist?

184 1489 280 1540 quid
311 1501 416 1527 nunc
445 1488 580 1527 taces?
619 1494 750 1524 tecum
778 1485 927 1534 loquor.
1001 1483 1069 1520 ΡΑ.
1102 1480 1223 1518 immo
1253 1478 1393 1528 edepol
1422 1484 1501 1514 tute

1350 1550 1476 1581 tecum
1497 1556 1502 1582 3

185 1635 276 1660 nam
301 1621 398 1659 haec
426 1618 522 1657 nihil
543 1610 765 1669 respondet.
826 1617 888 1654 Sc.
919 1622 956 1652 te
976 1614 1177 1662 adloquor,
1201 1609 1268 1648 uiti
1296 1607 1502 1659 probrique

503 1681 506 1684 ’
1377 1674 1501 1722 plena.

187 1765 288 1802 quae
308 1751 455 1790 circum
476 1749 628 1792 uicinos
651 1762 778 1799 uagas.
841 1748 914 1784 PH.
948 1743 1106 1795 quicum
1128 1750 1168 1780 tu
1189 1739 1388 1779 fab'ulare?

100 1830 166 1867 425
188 1819 250 1856 Sc.
282 1815 444 1866 quicum
464 1813 538 1853 nisi
559 1814 719 1853 tecum?
777 1813 850 1849 PH.
880 1809 966 1860 quis
988 1816 1028 1846 tu
1056 1808 1176 1845 homo
1200 1818 1241 1844 es
1260 1811 1326 1842 aut
1351 1814 1500 1840 mecum
1529 1815 1561 1844 ¹5

1151 1869 1246 1921 quid
1267 1875 1324 1906 est
1345 1865 1472 1916 negoti
1489 1867 1505 1902 ?

295 1949 357 1986 Sc.
399 1959 462 1984 me
496 1945 637 1995 rogas?
671 1943 773 1988 hem,
811 1938 877 1990 qui
912 1937 1014 1977 sim?
1085 1938 1154 1973 1¹11.
1193 1932 1285 1983 quin
1325 1943 1396 1980 ego
1431 1930 1504 1966 hoc

1031 2013 1161 2050 rogem
1179 1998 1286 2048 quod
1308 1993 1505 2034 nesciam?

233 2127 294 2156 411
322 2116 409 2149 lacta
422 2113 568 2145 Parcus:
592 2113 658 2143 lata
675 2111 774 2151 (lauis
791 2107 928 2144 ΡΕΒΒᾸ)
946 2104 1011 2135 cod.
1144 2111 1205 2140 413
1228 2109 1326 2139 quom
1341 2096 1402 2127 Leo
1417 2107 1422 2125 :
1448 2105 1502 2143 (μμ

189 2160 259 2192 cod.
277 2161 453 2201 (proqum‚
471 2168 534 2196 seq.
553 2167 594 2187 m.
609 2156 634 2194 2)
652 2166 659 2185 ε
681 2163 768 2193 quae
788 2151 832 2181 Β2
920 2158 979 2187 417
1004 2148 1059 2177 vix
1076 2146 1178 2185 opino
1266 2143 1328 2180 418
1354 2142 1434 2188 hacc
1453 2139 1503 2168 inc

191 2213 278 2234 nunc
302 2208 345 2235 tr.
375 2201 523 2242 potuerit
548 2198 640 2230 cod.:
664 2207 741 2228 corr.
771 2193 895 2225 thsrlzl
1032 2200 1095 2229 419
1119 2188 1178 2219 tibi
1206 2186 1309 2226 (PCD)
1329 2195 1372 2214 an
1395 2183 1425 2213 id
1445 2180 1502 2229 «Β»

173 2247 293 2278 ‘iucem
312 2245 379 2277 cod.
398 2257 405 2276 :
430 2254 475 2275 cm
491 2244 523 2274 id
541 2243 620 2273 tibi}
754 2247 814 2277 421
844 2238 874 2267 in
893 2236 1004 2266 istisce
1021 2233 1156 2274 Seyffert
1172 2243 1179 2262 :
1203 2231 1293 2260 insce
1312 2226 1388 2264 (13¹)
1408 2225 1455 2255 vel
1471 2234 1503 2254 ιη

191 2291 283 2322 hisce
297 2288 385 2331 (ΡΠ)
399 2288 460 2329 ΒῚ)
473 2286 537 2318 cod.
631 2294 695 2323 423
712 2281 796 2313 nihil
810 2279 891 2320 [est]
904 2277 1079 2317 respondit
1089 2274 1154 2306 cod.
1172 2275 1236 2314 (cst
1249 2271 1306 2302 del.
1323 2271 1383 2307 3²⁵)
1399 2269 1452 2307 (iv.
1469 2270 1503 2315 3)

190 2332 396 2374 adloquarB
484 2330 663 2370 probrique
680 2325 768 2357 codd.
787 2323 892 2354 Nonii
905 2323 966 2361 467
983 2332 988 2351 :
1014 2319 1200 2359 propinque
1217 2314 1280 2346 cod.
1302 2318 1375 2354 (pro
1397 2311 1503 2351 probi-

191 2378 271 2418 quel
369 2385 431 2415 425
458 2373 604 2413 negotist
622 2368 749 2402 Ritschl
845 2366 908 2404 426
933 2363 1025 2404 hem]
1044 2363 1142 2392 homo
1160 2357 1334 2390 Acidalr'us
1420 2363 1503 2392 quac

191 2432 222 2453 n.
237 2421 310 2451 PCD
