1783 2707
189 129 242 165 ΙΙ.

195 1040 237 1073 90

195 1430 236 1462 95

177 1824 238 1846 100

265 128 293 164 ii
676 129 720 165 T.
756 128 936 166 MACCI
968 128 1172 165 PLAVTI

262 241 336 277 PH.
369 238 534 278 mentire
555 240 708 289 edepol,
725 246 851 288 gnate,
874 246 993 288 atque
1019 238 1058 277 id
1088 252 1193 277 nunc
1214 239 1307 278 facis
1328 241 1406 277 hau
1426 253 1588 278 consue-

1438 305 1584 343 tudine.

256 383 347 407 nam
369 369 523 420 sapiens
545 369 705 419 quidem
727 371 792 419 pol
814 368 920 418 ipsus
942 368 1052 418 fingit
1073 370 1269 407 fortunam
1291 369 1364 407 sibi
1384 384 1391 407 ε

257 448 305 473 eo
327 448 406 472 non
429 436 550 472 multa
572 448 672 483 quae
693 435 829 471 neuolt
851 432 1049 480 eueniunt,
1073 433 1147 471 nisi
1168 435 1280 472 fictor
1301 435 1452 471 malust.

257 500 327 537 LY.
359 500 481 536 multa
502 499 555 536 illi
576 512 693 548 opera
714 505 830 548 opust
851 498 1022 544 ficturae,
1045 497 1111 547 qui
1133 511 1173 535 se
1194 499 1370 536 fictorem
1392 498 1559 548 probum
1606 506 1671 551 365

224 579 234 585 ·
257 563 360 602 uitae
390 565 569 613 agundae
600 577 684 602 esse
714 562 883 613 expetit:
919 564 988 601 sed
1018 563 1082 601 hic
1111 564 1329 602 admodum
1360 564 1588 601 adulescen-

1453 630 1582 667 tulust.

256 697 330 733 PH.
363 709 442 733 non
464 702 603 741 aetate,
627 707 764 732 uerum
785 692 944 742 ingenio
964 692 1150 742 apiscitur
1171 693 1385 743 sapientia3

255 760 419 810 sapienti
441 768 547 798 aetas
569 758 918 805 condimentumst,
942 758 1097 808 sapiens
1118 759 1234 797 aetati
1257 759 1396 797 cibust.

254 826 423 875 agedum
445 826 639 874 eloquere,
664 823 759 873 quid
780 824 872 861 dare
900 822 953 861 illi
979 837 1085 862 nunc
1113 823 1204 862 uis?
1261 826 1331 862 Ly,
1364 823 1460 861 nihil
1481 823 1587 873 quic-

1300 903 1430 938 quam,
1453 897 1587 940 pater3

255 965 297 996 tu
320 958 440 995 modo
463 970 511 994 nc
533 969 595 994 me
616 954 825 1005 prohibeas
845 954 1023 1003 accipere
1045 954 1075 992 si
1097 954 1192 1004 quid
1214 956 1280 993 det
1301 954 1407 992 mihi.
1606 965 1674 1000 370

258 1026 331 1061 PH.
364 1037 413 1061 an
435 1036 482 1061 eo
504 1029 715 1072 egestatem
738 1020 771 1059 ei
794 1020 991 1068 tolerabis,
1008 1020 1038 1059 si
1060 1020 1156 1071 quid
1177 1022 1227 1059 ab
1248 1020 1314 1058 illo
1334 1019 1560 1070 acceperis?

257 1091 326 1127 Lv.
360 1102 417 1135 eo,
442 1095 560 1138 pater.
621 1089 694 1124 PH.
727 1088 793 1136 pol
824 1099 895 1136 ego
926 1085 1039 1124 istam
1068 1087 1161 1125 uolo
1187 1100 1251 1124 me
1278 1085 1468 1124 rationem
1496 1087 1587 1124 edo-

1221 1164 1320 1189 ceas.
1381 1152 1450 1188 Lv.
1482 1150 1583 1189 licet.

255 1219 337 1259 scin
355 1226 395 1257 tu
410 1218 519 1256 illum
537 1230 616 1267 quo
631 1230 772 1267 genere
789 1224 902 1254 natus
919 1215 997 1254 Sit?
1044 1218 1119 1254 PH.
1143 1215 1236 1262 scio,
1254 1215 1430 1265 adprime
1446 1215 1582 1265 probo.

256 1287 325 1324 Lv.
359 1298 467 1323 soror
487 1282 541 1320 illi
562 1290 619 1321 est
640 1283 775 1320 adulta
796 1281 905 1331 uirgo
926 1280 1084 1330 grandis
1102 1296 1108 1319 ε
1139 1294 1225 1319 eam
1248 1280 1375 1330 cupio,
1400 1288 1517 1329 pater,

256 1351 400 1389 ducere
420 1361 580 1386 uxorem
603 1347 686 1385 sine
703 1348 805 1385 dote.
859 1348 932 1384 PH.
956 1345 1040 1384 sine
1061 1347 1154 1384 dote
1176 1346 1333 1383 uxore'm
1352 1346 1368 1382 ?
1416 1346 1485 1382 Lv.
1509 1344 1586 1393 ita3
1605 1356 1670 1392 375

258 1423 324 1453 tua
344 1428 383 1453 re
405 1415 512 1452 salua
533 1414 609 1451 hoc
631 1420 747 1462 pacto
767 1412 817 1449 ab
839 1411 905 1449 illo
927 1424 1123 1449 summam
1145 1409 1261 1448 inibis
1281 1409 1443 1460 gratiam

256 1494 385 1531 neque
406 1478 654 1518 commodius
676 1479 756 1516 ullo
777 1485 892 1527 pacto
913 1476 948 1514 ei
968 1475 1113 1526 poteris
1133 1474 1359 1513 auxiliarier.

256 1549 330 1585 PH.
363 1559 488 1596 egone
522 1544 741 1582 indotatam
774 1550 811 1581 te
844 1555 1004 1580 uxorem
1036 1548 1077 1580 ut
1109 1540 1262 1591 patiar?
1336 1542 1405 1578 LY.
1436 1541 1587 1591 patiun-

1287 1607 1431 1652 dumst,
1453 1613 1586 1655 pater3

258 1684 295 1716 et
316 1690 363 1716 eo
384 1682 500 1726 pacto
521 1673 719 1713 addideris
742 1680 897 1712 nostrae
917 1672 1090 1723 lepidam
1112 1673 1257 1710 famam
1278 1670 1456 1709 familiae.

258 1744 333 1780 PH.
356 1742 479 1779 multa
499 1753 571 1789 ego
592 1752 752 1789 possum
770 1739 888 1777 docta
904 1737 1009 1776 dicta
1025 1745 1062 1776 et
1079 1736 1260 1787 quamuis
1278 1737 1447 1774 facunde
1464 1734 1586 1785 loquis,
1606 1741 1673 1784 380

257 1806 459 1845 historiam
487 1812 661 1843 ueterem
688 1811 806 1853 atque
834 1802 1038 1852 antiquam
1065 1803 1163 1840 haec
1192 1814 1279 1840 mea
1306 1807 1486 1839 senectus
1507 1813 1587 1838 sus-

1465 1866 1562 1904 tinet
1578 1881 1588 1914 3

1025 1981 1040 1998 e
1059 1976 1068 1996 t

302 2011 366 2050 364
390 2021 430 2041 eo
453 2008 601 2040 nemulta
617 2007 650 2038 P
747 2018 788 2038 m.
809 2007 874 2038 siet
887 2006 956 2047 Pe
966 2012 1027 2047 pro
1039 2006 1076 2044 si,
1097 2006 1117 2037 i.
1133 2017 1156 2037 e.
1178 2005 1204 2036 si
1222 2016 1300 2037 corr.
1314 2006 1379 2044 est)
1521 2006 1586 2044 365

259 2055 361 2086 multa
373 2054 420 2093 illi
432 2063 533 2093 opera
546 2051 687 2083 multust
701 2052 732 2082 fi.
748 2051 780 2081 A
799 2051 895 2092 (siglo
908 2051 1035 2087 erroris,
1050 2054 1086 2080 ut
1098 2049 1174 2089 vid„
1188 2054 1285 2089 super
1293 2050 1429 2080 multust
1440 2048 1584 2089 scripto):

257 2099 379 2130 multas
406 2101 478 2138 (pro
502 2096 676 2135 multastZ)
707 2105 811 2135 opera
835 2105 922 2134 opus
947 2094 979 2125 fi.
1004 2093 1036 2123 Ρ
1152 2095 1216 2133 366
1239 2093 1373 2133 expetis
1389 2092 1423 2122 P
1507 2093 1587 2123 adu-

258 2141 465 2175 lescentulus
481 2141 512 2171 P
606 2141 669 2178 367
694 2144 839 2170 aetatem
858 2138 891 2168 P
976 2138 1172 2177 adipiscitur
1188 2137 1221 2167 Ρ
1315 2138 1389 2177 368,
1409 2137 1472 2175 369
1488 2136 1523 2176 cf.
1544 2135 1592 2166 ad

257 2199 286 2219 v.
318 2187 378 2225 361
522 2184 585 2223 368
612 2184 861 2214 condimentum
888 2180 921 2211 A
1056 2183 1120 2220 369
1144 2182 1233 2220 quod
1259 2180 1292 2210 A
1393 2180 1488 2210 nihili
1515 2180 1586 2219 qui-

258 2240 356 2271 quam
374 2228 407 2260 P
536 2238 595 2267 371
624 2228 653 2258 ei
678 2226 804 2257 Bothe:
828 2230 861 2256 et
878 2225 925 2256 P:
946 2236 964 2255 e
982 2225 1014 2254 A
1116 2224 1301 2256 tolerabilis
1324 2224 1357 2253 A
1385 2225 1474 2264 (cum
1496 2223 1584 2254 PCD)

258 2284 321 2313 373
345 2273 496 2313 aprimeo
511 2272 618 2312 probo
633 2271 664 2300 A
766 2280 829 2309 374
854 2269 966 2299 aduita
985 2269 1016 2298 A
1037 2268 1065 2307 (I
1080 2274 1140 2309 pro
1154 2269 1197 2309 L)
1291 2277 1354 2307 375
1377 2267 1587 2298 uxoremne?

259 2318 340 2348 Reiz
453 2317 518 2355 376
542 2315 639 2345 inibis
656 2324 818 2345 summam
837 2312 870 2343 Ρ
963 2322 1025 2352 377
1050 2311 1271 2343 auxiliarerA
1389 2312 1452 2350 378
1476 2320 1540 2349 ego
1557 2308 1591 2340 P

261 2363 286 2402 (Ζ
300 2368 361 2402 pro
379 2361 483 2399 egon)
575 2364 608 2389 te
634 2369 701 2389 om.
718 2358 750 2388 A
843 2361 874 2387 te
893 2357 1078 2387 indotatam
1095 2356 1248 2396 Kaempf
1336 2365 1400 2393 379
1423 2358 1538 2384 nostra
1557 2351 1590 2383 P

259 2407 324 2446 380
348 2405 447 2435 docte
463 2403 496 2433 A
589 2407 623 2433 et
639 2401 696 2432 del.
714 2401 747 2432 F
745 2401 876 2432 ritzsclze

955 2517 977 2528 A
