1731 2713
753 87 991 126 STICHVS
1495 89 1523 126 Ι.
1547 89 1576 126 ii

207 198 306 234 PAN.
342 196 372 234 is
404 203 461 235 est
495 203 655 236 ecastor.
724 196 821 234 ferre
855 196 1067 234 aduorsum
1104 195 1253 234 homini
1289 208 1529 246 occupemus

1338 262 1528 299 osculum.

140 341 187 376 90
208 329 310 365 ΡΑΜ.
344 328 463 374 salue,
485 326 537 364 mi
559 335 676 377 pater.
738 328 814 364 Ax.
848 334 885 364 et
916 339 987 364 uos
1017 326 1166 364 ambae.
1229 326 1316 364 ilico
1343 326 1444 376 agite
1468 327 1531 365 ad-

1403 389 1528 430 sidite.

209 459 311 496 PAM.
344 459 656 496 osculum—AN.
690 465 747 495 sat
775 465 832 495 cst
861 457 982 496 osculi
1012 457 1105 495 mihi
1137 457 1266 495 uostri.
1328 459 1426 495 PAN.
1451 458 1529 507 qui,

1216 523 1370 569 amabo,
1394 523 1532 573 pater?

206 590 283 627 AN.
317 587 408 638 quia
442 587 495 627 ita
530 601 640 627 meae
675 587 831 627 animae
864 588 1011 627 salsura
1043 587 1184 627 euenit.
1258 589 1361 625 ΡΑΜ.
1393 587 1532 626 adside
1554 601 1592 632 35

1311 652 1387 700 hic,
1410 660 1528 703 pater.

206 721 283 756 AN.
316 731 396 756 non
417 719 537 757 sedeo
559 717 631 765 isti,
655 731 726 756 uos
747 719 881 757 sedete
896 733 906 766 ,·
935 731 1008 768 ego
1029 719 1167 757 sedero
1188 718 1226 756 in
1249 718 1445 757 subsellio.

207 786 307 822 PAN.
341 797 466 831 mane,
496 783 838 834 puluinum—AN.
872 783 973 822 bene
1004 797 1197 834 procuras.
1259 782 1355 822 mihi
1375 783 1457 822 sati'
1478 784 1532 822 sic

1178 849 1366 887 fultumst.
1426 849 1530 887 sede.

142 927 184 964 95
208 916 310 953 ΡΑΜ.
343 913 437 960 sine,
475 922 592 964 pater.
662 916 740 952 AN.
779 913 874 964 quid
909 915 1054 964 opust?
1124 916 1222 952 Pax.
1256 921 1382 964 opust.
1453 916 1530 952 AN.

646 979 795 1018 morem
817 978 887 1016 tibi
908 991 1051 1028 geram.
1111 986 1230 1028 atque
1251 979 1327 1017 hoc
1349 986 1406 1017 est
1427 978 1530 1017 satis.

207 1047 310 1084 ΡΑΜ,
344 1057 561 1095 numquam
586 1043 691 1083 enim
717 1043 823 1082 nimi’
844 1057 977 1082 curare
1005 1051 1170 1093 possunt
1191 1056 1303 1082 suom
1329 1051 1531 1094 parentem

1418 1110 1529 1150 filiae.

206 1191 325 1229 quern
356 1177 536 1228 aequiust
564 1178 636 1216 nos
663 1176 856 1228 potiorem
892 1177 1036 1216 habere
1069 1189 1187 1227 quarn
1215 1178 1282 1215 te?
1339 1175 1529 1227 postidea,
1553 1193 1595 1224 40

1411 1248 1530 1292 pater,

208 1309 312 1349 uiros
333 1315 498 1355 nostros,
521 1307 664 1358 quibus
686 1315 727 1345 tu
748 1306 907 1345 uoluisti
928 1319 1012 1346 esse
1034 1319 1106 1345 nos
1128 1307 1270 1345 matres
1292 1305 1468 1344 familias.

209 1376 286 1412 AN.
319 1374 443 1412 bonas
465 1381 506 1412 ut
526 1380 734 1423 aequomst
755 1373 882 1411 facere
903 1371 1038 1419 facitis,
1062 1384 1184 1422 quom
1206 1378 1337 1410 tamen
1361 1371 1535 1421 apsentis

1430 1435 1535 1474 uiros

127 1519 192 1545 100
210 1504 372 1555 perinde
401 1503 554 1543 habetis
582 1503 693 1554 quasi
721 1509 946 1553 praesentes
978 1501 1088 1540 sient.
1161 1503 1265 1539 ΡΑΜ.
1296 1500 1533 1552 pudicitiast‚

1413 1574 1534 1617 pater,

207 1648 274 1675 eos
296 1648 368 1674 nos
389 1636 651 1685 magnuficare
673 1633 739 1685 qui
761 1646 833 1672 nos
855 1632 980 1672 socias
1001 1639 1251 1683 sumpserunt
1272 1631 1358 1670 sibi.

207 1703 285 1739 AN.
317 1714 412 1739 num
432 1700 519 1751 quis
540 1699 604 1738 hic
625 1699 682 1738 e'st
703 1698 854 1738 alienus
875 1697 1016 1737 nostris
1037 1697 1153 1737 dictis
1177 1710 1322 1749 auceps
1346 1696 1535 1735 auribus?
1554 1710 1593 1740 45

207 1767 306 1804 ΡΑΝ.
339 1767 468 1804 nullus
493 1773 643 1816 praeter
671 1777 822 1814 nosque
850 1772 978 1814 teque.
1045 1765 1121 1801 AN.
1155 1770 1329 1801 uostrum
1357 1761 1533 1800 animum

1218 1827 1396 1866 adhiberi
1417 1828 1510 1864 uolo
1527 1841 1536 1874 3

206 1897 298 1936 nam
319 1909 392 1947 ego
411 1897 463 1935 ad
484 1909 554 1934 uos
575 1909 682 1934 nunc
702 1894 891 1945 inperitus
912 1907 1040 1932 rerum
1061 1901 1099 1932 et
1121 1906 1273 1931 morum
1296 1891 1505 1930 mulierum

124 1972 186 2010 105
207 1961 421 2012 discipulus
443 1961 560 2000 uenio
580 1962 631 2000 ad
653 1960 855 2010 magistras
875 1974 882 1997 ι
912 1959 1047 2009 quibu’
1069 1965 1266 1997 matronas
1288 1956 1462 1995 moribus

248 2066 292 2104 89
315 2065 486 2096 hominem
504 2064 537 2094 P
663 2074 708 2103 90
732 2063 809 2094 ilico
831 2063 922 2102 agite
949 2062 1056 2104 [istic]
1081 2061 1114 2091 A
1144 2063 1169 2102 (3
1182 2061 1222 2093 iv.
1247 2061 1283 2110 2).
1358 2104 1363 2110 ⁸
1413 2069 1451 2099 91
1479 2060 1536 2099 qui

207 2107 366 2152 am(a)b0
401 2108 445 2139 mi
483 2114 580 2148 pater
616 2107 681 2138 cod.
716 2107 804 2138 Festi
836 2116 895 2146 197
1071 2115 1113 2145 93
1148 2105 1198 2136 vel
1230 2105 1304 2136 istic
1331 2106 1395 2144 (da
1426 2102 1533 2143 codd.)

207 2151 345 2193 sedero]
371 2152 489 2183 sedere
517 2151 549 2181 A
668 2161 712 2190 94
736 2151 786 2182 vel
802 2150 848 2181 sic
861 2149 1025 2190 distingne
1040 2159 1138 2179 mane
1156 2149 1331 2189 puluinum
1421 2146 1469 2177 vel
1482 2151 1535 2178 sat

210 2196 296 2228 ¹³³⁸·
318 2194 384 2236 (ω’
405 2195 510 2270 pmii)
538 2195 620 2226 Sede
637 2195 697 2268 “¹8³
722 2193 873 2268 Ἒὲῗίἕζς
965 2193 1124 2266 ⁹553?
1141 2193 1279 2266 ffiuffsffi
1297 2190 1401 2265 Ἓὲςέ
1410 2200 1538 2265 Rasa}

209 2239 439 2323 ‹llggngroiiildng
463 2281 517 2313 A:
543 2281 581 2311 de
597 2247 737 2321 pergr‘nde
754 2281 790 2320 cs.
807 2280 929 2319 Journ.
948 2279 1032 2310 Phil.
1057 2289 1109 2319 21,
1129 2289 1194 2310 210
1295 2288 1379 2317 quas
1396 2277 1429 2308 P
1443 2279 1535 2314 (corr.

208 2326 277 2367 D²)
386 2336 440 2357 101
470 2336 529 2357 eos
547 2324 625 2367 nos]
644 2333 727 2356 enos
742 2324 777 2357 P
861 2323 935 2363 quis
951 2323 984 2354 P
998 2333 1090 2360 «τοι-ν.
1112 2322 1160 2361 Β)
1298 2331 1358 2361 103
1383 2326 1416 2352 te
1433 2320 1488 2365 qui
1505 2319 1539 2353 P
