1731 2713
85 413 151 457 765

83 746 151 780 770

13 1038 17 1040 ’
79 1067 142 1105 775

73 1386 141 1427 780

69 1777 133 1823 785

695 98 1039 136 TRINVMlm's
1423 101 1499 137 ΙΙΙ.
1524 101 1568 137 iii

171 251 173 254 ,
230 213 311 250 ΜΕ.
345 213 413 250 sed
436 211 526 250 uide
547 210 765 256 consilium,
791 209 820 247 si
843 212 979 260 placet.
1041 212 1111 249 CA.
1136 211 1230 261 quid
1252 211 1459 249 consilist?
1519 225 1558 257 35

230 279 312 316 ΜΕ.
346 276 498 324 scitum,
522 284 562 315 ut
590 289 663 325 ego
690 275 840 326 opinor,
864 275 1071 314 consilium
1095 276 1237 314 inueni.
1299 278 1369 315 CA.
1403 277 1498 326 quid

1411 350 1467 380 est
1485 344 1501 380 Ρ

228 409 311 446 ΜΕ.
344 408 466 446 homo
486 407 730 444 conducatur
749 405 888 456 aliquis
911 406 998 453 iam,
1022 415 1213 456 quantum
1235 414 1375 457 potest,

224 471 334 522 quasi
357 472 404 510 sit
426 471 660 522 peregrinus.
721 472 792 509 CA.
825 471 920 520 quid
943 471 972 509 is
995 471 1065 509 scit
1088 473 1213 510 facere
1234 474 1400 522 postea?

227 539 307 575 ΜΕ.
342 537 372 575 is
393 538 514 574 homo
535 543 742 574 exornetur
761 536 944 586 graphice
966 536 1003 573 in
1027 536 1273 586 peregrinum
1296 538 1470 584 modum,

223 602 355 653 ignota
376 601 493 640 facies
514 614 615 651 quae
637 614 715 638 non
738 600 892 639 uisitata
913 601 971 647 sit,
1520 621 1560 650 40

224 667 570 716 mendaciloquom
591 667 893 716 aliquem—CA.
919 667 1014 716 quid
1036 667 1066 705 is
1083 667 1155 705 scit
1177 668 1302 705 facere
1320 669 1485 717 postea?

225 735 307 772 ΜΕ.
340 732 575 779 falsidicum,
595 733 994 772 confidentem—CA.
1028 732 1124 783 quid
1146 740 1227 770 tum
1251 735 1419 782 postea?

225 800 307 836 ME.
340 797 450 848 quasi
471 798 521 835 ad
542 798 837 835 adulescentem
858 811 880 835 a
901 806 1009 848 patre
1030 811 1076 836 ex
1103 798 1281 837 Seleucia

220 863 362 909 ueniat,
387 865 551 901 salutem
574 862 608 900 ei
630 862 782 901 nuntiet
804 863 933 901 uerbis
954 863 1072 913 patris
1092 878 1098 901 :

220 927 327 965 illum
349 928 451 966 bene
471 941 602 977 gerere
623 941 703 965 rem
725 935 763 966 et
784 929 913 966 ualere
934 935 971 966 et
992 928 1135 975 uiuere,
1514 948 1554 979 45

220 1001 257 1031 et
279 994 368 1031 euin
391 992 604 1031 rediturum
626 1000 802 1030 actutum
822 1008 832 1039 3
860 994 956 1030 ferat
977 993 1163 1042 epistulas

219 1059 328 1104 duas,
352 1056 416 1095 eas
438 1070 508 1095 nos
530 1057 818 1106 consignemuS,
843 1057 953 1107 quasi
975 1057 1051 1095 sint
1072 1071 1094 1096 a
1115 1066 1222 1108 patre
1241 1073 1248 1097 :

218 1124 285 1162 det
305 1124 465 1161 alteram
488 1122 551 1169 illi,
575 1123 735 1160 alteram
757 1122 863 1161 dicat
884 1122 954 1161 tibi

217 1189 309 1226 dare
330 1201 415 1226 sese
436 1190 547 1226 uelle.
608 1189 679 1227 CA.
713 1201 829 1238 perge
851 1201 966 1238 porro
988 1188 1128 1227 dicere.

217 1255 300 1292 ΜΕ.
331 1267 452 1304 seque
471 1267 608 1291 aurum
630 1255 726 1292 ferre
748 1253 885 1303 uirgini
907 1255 1041 1292 dotem
1062 1268 1085 1292 a
1104 1261 1213 1305 patre
1511 1275 1554 1306 50

215 1318 320 1357 dicat
341 1326 570 1369 patremque
592 1318 631 1357 id
653 1318 810 1357 iussisse
830 1332 967 1357 aurum
990 1318 1060 1357 tibi
1082 1320 1186 1358 dare.

215 1391 324 1422 tenes
346 1383 452 1422 iam?
509 1385 581 1423 CA.
615 1385 860 1434 propemodo
880 1391 998 1434 atque
1018 1386 1198 1423 ausculto
1219 1386 1440 1435 perlubens.

216 1449 300 1486 ΜΕ.
333 1456 416 1486 tum
438 1456 479 1487 tu
500 1449 614 1499 igitur
635 1450 797 1488 demum
818 1449 1061 1488 adulescenti
1081 1463 1219 1488 aurum
1241 1450 1365 1497 dabis,

214 1513 282 1552 ubi
301 1514 371 1553 erit
392 1516 518 1553 locata
538 1515 647 1565 uirgo
667 1515 707 1552 in
729 1514 1032 1553 matrimonium.

213 1580 284 1619 CA.
318 1579 413 1618 scite
441 1581 570 1619 hercle
601 1583 717 1618 sane!
776 1582 859 1618 ΜΕ.
892 1581 979 1627 hoc,
1002 1580 1069 1618 ubi
1100 1581 1353 1620 thensaurum
1387 1584 1487 1620 ecfo-
1509 1596 1546 1628 55

1370 1646 1486 1693 deris,

210 1709 474 1760 suspicionem
497 1710 546 1748 ab
566 1710 820 1748 adulescente
840 1709 1036 1748 amoueris
1056 1725 1062 1748 :

210 1774 386 1813 censebit
407 1788 543 1813 aurum
565 1788 649 1813 esse
670 1789 692 1813 a
713 1783 821 1825 patre
841 1777 1001 1814 allatum
1023 1775 1105 1822 tibi,

209 1847 250 1879 tu
271 1841 321 1879 de
342 1841 553 1878 thensauro
574 1854 715 1879 sumes.
776 1842 848 1880 CA.
881 1840 963 1879 sati'
984 1841 1080 1880 scite
1101 1848 1139 1880 et
1159 1842 1305 1891 probe!

207 1919 448 1956 quamquam
469 1906 545 1944 hoc
568 1919 629 1944 me
649 1905 786 1944 aetatis
808 1906 1082 1956 sycophantari
1104 1907 1236 1956 pudet.

207 1973 276 2010 sed
297 1971 482 2021 epistulas
504 1973 664 2022 quando
685 1972 910 2023 opsignatas
930 1974 1090 2019 adferet,
1500 1981 1543 2013 60

197 2077 270 2116 763,
289 2077 351 2116 764
375 2077 500 2107 inverso
516 2076 626 2107 ordine
641 2077 673 2106 A
768 2079 829 2116 763
853 2077 930 2116 quid
946 2076 1024 2119 (id)
1040 2076 1128 2108 Baclz
1235 2080 1296 2118 764
1319 2078 1370 2109 vel
1377 2079 1479 2119 opino

153 2121 215 2159 765
240 2120 304 2150 iam
322 2121 444 2160 aliquis
461 2120 493 2150 A
642 2121 704 2158 766
728 2121 807 2160 quid
826 2121 901 2151 iscit
916 2121 948 2151 A
1063 2131 1193 2152 versum
1210 2123 1278 2154 secl.
1296 2122 1392 2162 Eris,
1407 2127 1480 2154 scm-

151 2174 255 2202 quam
281 2165 495 2194 substitutum
506 2169 569 2204 pro
590 2165 793 2204 sequentibus
816 2167 976 2204 quattuor
1097 2166 1159 2204 768
1183 2165 1269 2196 facie
1294 2165 1481 2197 Saracenus

150 2217 182 2246 q.
196 2206 294 2248 (hic)
310 2207 436 2237 Ritschl
530 2207 679 2248 uisitata]
698 2209 749 2238 uis
770 2209 815 2239 ita
832 2208 865 2238 P
959 2209 1022 2247 769
1039 2218 1103 2239 om.
1119 2208 1154 2238 P
1169 2209 1226 2249 (iii.
1245 2217 1297 2239 11:
1357 2211 1386 2241 is
1403 2211 1478 2242 iscit

151 2250 216 2281 cod.
276 2250 416 2281 ‘ultima
440 2250 534 2281 verba
560 2251 752 2292 expulerunt
771 2251 858 2282 velut
878 2250 1036 2294 <oportet
1058 2252 1229 2282 hominem
1247 2252 1390 2296 deligi>'
1413 2253 1479 2285 Leo

153 2304 212 2333 771
239 2304 282 2324 ex
305 2294 408 2324 leutia
432 2294 464 2324 P
564 2305 626 2334 773
649 2305 804 2334 gererem
824 2300 858 2326 et
868 2295 956 2326 codd.
977 2296 1036 2334 Niii.
1065 2296 1099 2335 3)
1170 2297 1317 2336 774-834
1342 2297 1426 2327 deest
1442 2297 1476 2327 A

152 2339 216 2376 776
239 2337 289 2368 vel
302 2338 368 2368 illic
459 2338 521 2376 780
539 2339 782 2377 propemodum
799 2338 922 2369 Pradel
1025 2340 1084 2377 781
1103 2339 1222 2369 demus
1238 2340 1338 2380 Koch,
1355 2340 1472 2381 Betgk,

151 2390 233 2410 uam
251 2385 319 2410 tum
338 2384 372 2411 tsi
394 2380 397 2420 1
420 2381 459 2419 ig.
475 2380 572 2421 dtlepli
586 2385 614 2411 e!
1264 2398 1277 2402 -·
1327 2410 1331 2411 ⁷

195 2432 314 2454 PLAvr.
335 2433 358 2454 11
1347 2426 1389 2457 30
