1731 2713
679 123 970 162 POENVLVS
1458 130 1486 167 Ι.
1509 130 1536 166 ii

164 239 267 275 Amr„
291 238 460 286 apscede
482 236 573 274 hinc
595 236 656 282 sis,
681 237 923 286 sycophanta
943 250 1011 286 par
1031 251 1109 275 ero,
1152 240 1222 276 Mr.
1247 248 1284 276 at
1307 239 1387 278 scin
1409 254 1488 290 quo

601 353 606 357 .
1338 306 1457 343 modo
1475 307 1490 342 ?

163 366 238 405 iarn
261 368 389 406 hercle
411 381 483 417 ego
504 367 643 406 faciam
666 367 914 417 ploratillum,
938 368 1011 406 nisi
1034 377 1070 406 te
1093 369 1192 406 facio
1214 369 1433 419 propitiam,
1516 384 1573 416 ¹70

161 439 279 482 atque
300 431 363 469 hic
385 446 433 469 ne
456 446 517 470 me
539 433 827 470 uerbereti'llum
852 433 977 479 saciat,
1002 433 1072 470 nisi
1096 442 1133 471 tc
1155 434 1337 483 propitio,

163 497 263 534 male
284 496 452 534 formido
473 511 479 533 :
511 496 602 534 noui
625 510 698 546 ego
720 496 849 534 huiius
871 510 998 535 mores
1022 498 1162 535 morosi
1192 500 1324 537 malos.

74 566 143 610 380
161 574 279 611 quam
301 562 352 600 ob
375 575 454 600 rem
476 561 630 608 amabo,
655 575 741 600 mea
763 563 955 612 uoluptas,
980 562 1064 601 sinc
1085 571 1122 601 te
1143 565 1218 601 hoc
1241 564 1439 603 exorarier.

162 627 234 664 Ao.
267 639 347 664 non
369 640 441 677 ego
462 627 584 665 homo
605 626 761 665 trioboli
783 641 880 673 sum,
906 627 977 665 nisi
1000 641 1072 677 ego
1093 627 1144 665 illi
1168 629 1367 679 mastigiae

160 692 323 730 exturbo
344 693 480 729 oculos
500 699 618 741 atque
640 693 791 730 dentes.
850 706 911 730 em
935 694 1177 742 uoluptatem
1201 693 1269 731 tibi
1289 697 1294 731 3
1510 710 1567 741 175

159 769 221 793 em
243 756 331 802 mel,
354 769 417 794 em
438 768 516 801 cor,
539 769 602 793 em
624 757 821 802 labellum,
846 756 907 794 e'm
930 758 1107 802 salutem,
1131 771 1193 795 ern
1216 757 1366 796 sauium
1385 762 1391 797 1

160 821 232 858 Mr.
256 820 407 870 impias,
423 834 496 866 ere,
513 828 550 858 te
568 835 574 858 :
603 829 797 860 oratorem
812 822 1003 859 uerberas.
1038 823 1110 859 AG.
1135 821 1211 859 iam
1229 822 1326 861 istoc
1341 824 1462 874 magis
1480 840 1486 862 :

71 885 136 930 385
158 885 276 923 etiarn
308 886 478 923 ocellum
513 886 659 924 addam
691 894 727 923 et
767 886 965 931 labellum,
991 885 1173 936 linguam.
1239 889 1310 925 M1.
1343 889 1485 938 ecquid

1209 951 1325 991 facies
1347 953 1485 993 modi?

155 1017 230 1053 Ao.
263 1014 384 1053 sicine
405 1028 478 1065 ego
499 1023 536 1053 te
559 1029 686 1054 orares
707 1015 830 1054 iussi?
888 1017 960 1054 M1.
994 1029 1074 1066 quo
1091 1018 1212 1055 modo
1234 1030 1325 1067 ergo
1346 1031 1452 1057 orem
1470 1021 1486 1057 ?

1238 1084 1311 1121 AG.
1344 1085 1486 1133 rogas?

155 1144 210 1183 sic
231 1145 335 1184 enim
357 1145 521 1193 diceres,
542 1147 706 1184 sceleste
724 1161 730 1184 :
766 1146 895 1184 huiius
916 1148 1111 1196 uoluptas,
1136 1154 1173 1185 te
1195 1161 1370 1198 opsecro,
1507 1156 1567 1185 180

154 1210 269 1249 huius
292 1213 379 1258 mel,
403 1211 518 1249 huius
546 1224 623 1258 cor,
647 1210 763 1249 huius
790 1212 989 1259 labellum,
1021 1211 1151 1250 huiius
1182 1212 1327 1262 lingua,
1355 1213 1484 1251 huiius

1318 1278 1481 1326 sauiurn,

153 1340 269 1379 huius
290 1341 442 1388 delicia,
467 1341 597 1380 huiius
618 1343 721 1380 salus
742 1355 920 1389 amoena,
945 1342 1074 1381 huiius
1096 1343 1309 1382 festiuitas:

66 1415 136 1450 390
155 1405 276 1443 huiiu’
297 1407 477 1454 colustra,
497 1406 627 1444 huiius
648 1406 867 1445 dulciculus
889 1420 1037 1454 casem,
1056 1407 1248 1458 mastigia,

50 1474 138 1514 390⁸
156 1471 286 1509 huiius
308 1485 385 1518 cor,
409 1471 539 1509 huiius
561 1471 747 1518 studium,
771 1471 900 1509 huiius
922 1471 1085 1518 sauium,
1110 1473 1312 1523 mastigia,

155 1535 289 1574 onmia
308 1536 383 1583 illa,
406 1550 507 1586 quae
528 1536 688 1575 dicebas
710 1544 777 1574 tua
797 1550 892 1583 esse,
916 1550 960 1575 ea
981 1537 1217 1576 memorares
1240 1552 1336 1577 mea.
1506 1544 1565 1585 185

155 1602 227 1639 M1.
260 1614 425 1651 opsecro
445 1602 576 1640 hercle
597 1609 646 1649 te,
670 1603 852 1652 uoluptas
873 1601 1003 1640 huiius
1024 1610 1142 1652 atque
1163 1603 1299 1642 odium
1322 1618 1465 1651 meum,

151 1665 281 1704 huiius
301 1666 428 1704 amica
449 1674 700 1714 mammeata,
720 1680 809 1705 mea
829 1666 988 1706 inimica
1008 1675 1045 1706 et
1067 1669 1272 1716 maleuola,

150 1731 287 1768 oculus
308 1730 448 1777 hunus,
472 1730 669 1781 lippitudo
690 1745 788 1778 mea,
813 1733 889 1770 mel
911 1732 1052 1779 hunus,
1075 1733 1125 1771 fel
1147 1744 1291 1779 meum,

63 1803 128 1841 395
149 1802 192 1834 ut
212 1803 253 1833 tu
274 1796 366 1834 hu'1'c
387 1795 482 1834 irata
505 1810 554 1835 ne
576 1796 626 1835 sis
647 1804 725 1844 aut,
748 1796 778 1834 si
800 1796 840 1835 id
862 1796 944 1835 fieri
965 1810 1045 1836 non
1067 1805 1211 1848 potest,

149 1859 279 1910 capias
300 1860 433 1899 restim
453 1874 499 1900 ac
520 1868 558 1899 te
579 1863 798 1912 suspendas
819 1875 910 1900 curn
932 1875 997 1901 ero
1018 1870 1056 1901 et
1077 1870 1209 1902 uostra
1229 1863 1384 1902 familia.
1500 1874 1560 1906 190

149 1939 240 1963 nam
262 1925 358 1964 mihi
378 1925 455 1964 iam
477 1926 597 1965 uideo
617 1934 776 1977 propter
796 1934 834 1965 te
855 1927 1116 1967 uictitandum
1138 1928 1294 1976 sorbilo,

148 1989 280 2040 itaque
300 1990 378 2029 iam
398 1991 510 2041 quasi
530 1999 745 2030 ostreatum
766 1999 918 2042 tergum
940 1993 1135 2032 ulceribus
1156 1993 1297 2044 gestito

190 2104 253 2134 377
279 2094 466 2134 plorantem
489 2094 582 2126 illum
606 2096 639 2126 P
725 2098 908 2136 propiciam
935 2097 1018 2129 facio
1043 2097 1076 2127 P
1204 2099 1267 2138 378
1290 2109 1342 2129 me
1365 2109 1406 2130 ne
1424 2099 1475 2130 P:

147 2148 189 2168 ne
206 2138 239 2168 in
257 2148 310 2168 me
328 2139 370 2176 (21
391 2139 453 2169 Leo
586 2149 651 2179 379
675 2141 816 2181 morosi]
836 2151 949 2172 moros
966 2142 998 2172 A
1131 2143 1197 2180 380
1219 2142 1337 2172 amabo
1353 2153 1419 2172 om.
1438 2143 1472 2174 A

145 2185 179 2211 te
195 2181 257 2212 hoc
278 2181 426 2221 Gepperl:
453 2188 486 2212 te
499 2181 550 2214 P:
577 2183 641 2213 hoc
658 2183 691 2212 A
783 2186 845 2223 385
873 2185 938 2226 [et]
965 2185 998 2216 li.
1019 2184 1053 2214 P
1136 2187 1201 2224 386
1224 2196 1322 2216 orare
1335 2185 1368 2215 A
1386 2187 1420 2224 (i.
1435 2188 1471 2226 9)

146 2224 240 2263 iussit
256 2224 288 2254 A
368 2236 430 2263 ego
453 2226 485 2255 A
577 2227 641 2266 389
664 2227 715 2258 vel
727 2227 830 2258 huiiu’
851 2229 915 2260 del.
994 2229 1133 2260 deliciae
1150 2230 1193 2260 A.
1215 2240 1293 2262 corr.
1312 2229 1473 2260 Men-erus

147 2268 236 2305 (exv.
251 2268 329 2307 365)
346 2280 352 2298 :
379 2269 525 2300 colustra
540 2268 575 2299 P
589 2281 640 2309 gm-
650 2281 678 2302 v.
695 2272 774 2311 39οῆ
865 2282 930 2310 390
946 2283 1011 2303 om.
1031 2272 1078 2302 A¹
1099 2273 1148 2312 (cf
1159 2272 1206 2303 ad
1217 2283 1246 2303 v.
1259 2275 1325 2312 sq.)
1391 2275 1481 2311 390²-

144 2316 246 2351 snpra
267 2312 397 2342 sauium
422 2313 576 2352 mastigia
599 2315 724 2355 scripsit
747 2314 932 2346 dulciculus
952 2325 1070 2346 caseus
1090 2316 1139 2345 Α2
1264 2326 1327 2356 392
1350 2315 1421 2356 eius
1434 2316 1466 2348 A

144 2355 208 2394 396
229 2365 331 2394 quom
346 2355 378 2385 P
392 2356 680 2398 <011t1'quafor‘nta)
