1731 2713
647 150 1047 189 MOSTELLARIA
1471 155 1500 192 Ι.
1520 153 1535 192 ἰ

151 277 154 281 *
181 271 270 295 nam
293 271 365 309 ego
386 258 494 297 illum
516 268 740 310 corruptum
762 262 866 299 duco
888 275 1007 311 quom
1030 262 1088 299 his
1110 262 1219 301 factis
1240 263 1399 310 studet3

115 335 161 370 30
179 337 258 373 quo
281 337 398 363 nemo
418 326 596 375 adaeque
617 325 821 365 iuuentute
842 342 888 366 ex
908 327 1016 365 omni
1038 327 1169 366 Attica

177 390 345 427 antehac
366 397 423 428 est
444 389 600 427 habitus
621 404 760 440 parcus
782 405 855 430 nec
878 392 990 443 magi’
1011 392 1230 440 continens,
1522 411 1563 440 30

177 453 206 491 is
229 468 333 492 nunc
355 454 393 492 iu
414 454 529 493 aliam
552 463 699 505 partem
723 458 894 507 palmam
917 457 1103 508 possidet.

176 519 317 558 uirtute
338 519 377 558 id
400 521 544 558 factum
567 528 632 559 tua
653 528 689 559 et
712 522 932 571 magisterio
954 530 1032 562 tuo.

174 586 249 622 TR.
283 584 377 635 quid
400 585 480 632 tibi,
505 587 662 632 malum,
688 588 778 626 med
799 595 865 626 aut
887 588 981 638 quid
1003 601 1076 638 ego
1097 601 1209 639 agam
1231 587 1448 628 curatiost?

109 665 150 702 35
172 664 222 688 an
243 649 333 698 ruri,
354 664 511 700 quaeso,
535 664 615 689 non
637 659 727 690 sunt
748 665 847 702 quos
868 666 979 692 cures
1001 653 1154 692 boues?

172 715 280 753 lubet
301 723 445 765 potare,
469 729 610 763 amare,
634 724 761 755 scorta
781 718 936 767 ducere.
1519 732 1559 763 35

172 779 248 818 mei
270 780 363 831 tergi
385 780 485 819 facio
506 782 614 828 haec,
638 795 716 820 non
739 781 794 819 tui
816 783 969 821 fiducia.

171 847 246 883 GR.
280 860 398 896 quam
419 847 665 885 confidenter
685 847 858 897 loquitur
878 846 975 900 [fue]
995 851 1001 886 1
1058 850 1133 886 ΤΚ.
1166 855 1205 887 at
1226 855 1263 887 te
1286 847 1462 899 Iuppiter

169 910 288 961 dique
310 925 447 950 omnes
469 913 633 962 perdant
651 915 656 950 l
677 912 734 963 <fu
753 911 778 964 !>
797 913 981 951 oboluisti
1003 913 1124 952 alium

104 988 150 1021 40
169 976 369 1026 (germana
391 976 568 1024 inluvies,
589 976 766 1024 rusticus,
789 977 929 1025 hircus,
953 979 1045 1016 hara
1066 978 1174 1029 suis),

167 1054 316 1088 canem,
340 1055 497 1092 capram
518 1041 783 1080 commixtam.
844 1044 920 1081 GR.
953 1042 1050 1092 quid
1073 1043 1132 1082 uis
1154 1042 1266 1082 fieri?
1513 1060 1557 1092 40

166 1119 246 1145 non
267 1120 405 1145 omnes
426 1115 591 1157 possunt
612 1108 716 1145 olere
738 1115 937 1157 unguenta
958 1108 1120 1155 exotica,

165 1171 195 1209 si
218 1173 257 1209 tii
279 1173 372 1218 oles,
396 1185 524 1221 neque
546 1171 763 1222 superiores
783 1173 1018 1211 accumbere

57 1250 141 1288 44-5
165 1250 293 1287 neque
315 1244 393 1274 tam
416 1236 550 1275 facetis
571 1250 689 1288 quam
712 1244 752 1276 tu
774 1237 875 1276 uiuis
896 1237 1078 1277 uictibus.

165 1309 205 1339 tu
227 1301 296 1340 tibi
319 1301 412 1340 istos
434 1302 579 1340 habeas
602 1310 780 1349 turtures,
802 1302 931 1353 piscis,
954 1303 1052 1353 auis,

164 1366 248 1405 sine
271 1380 332 1405 me
352 1366 470 1406 aliato
491 1367 599 1418 fungi
621 1369 795 1407 fortunas
817 1382 934 1407 meas.
1444 1389 1451 1392 -
1510 1383 1552 1416 45

164 1440 204 1470 tu
226 1433 467 1479 fortunatu's,
491 1446 563 1483 ego
584 1432 700 1472 miser
719 1449 726 1472 :
756 1433 947 1484 patiunda
966 1442 1067 1472 sunt.

36 1506 145 1545 49—50
164 1509 296 1535 meum
318 1497 468 1536 bonum
491 1511 564 1545 me,
588 1506 625 1536 te
646 1505 756 1537 tuom
777 1506 933 1537 maneat
954 1501 1112 1538 malum.

163 1563 239 1601 TR.
273 1561 385 1612 quasi
406 1562 582 1601 inuidere
604 1562 700 1601 mihi
721 1564 797 1602 hoc
818 1563 962 1611 uidere,
987 1563 1167 1612 Grumio‚

162 1627 254 1677 quia
275 1627 369 1665 mihi
391 1628 492 1667 bene
513 1636 571 1667 est
592 1636 630 1667 et
651 1628 721 1668 tibi
743 1630 844 1667 male
865 1637 948 1677 est3
977 1629 1302 1680 dignissumumst
1320 1645 1327 1669 ;

160 1693 275 1732 decet
297 1693 386 1732 me'd
407 1707 537 1732 amare
557 1702 596 1733 et
617 1702 654 1734 te
675 1694 963 1741 bubulcitarier‚
1247 1741 1254 1745 ,
1507 1711 1548 1744 50

160 1771 223 1796 me
243 1757 420 1797 uictitare
441 1760 612 1809 pulchre,
636 1767 673 1798 te
694 1759 844 1799 miseris
866 1760 1005 1800 modis.

97 1833 137 1870 55
159 1824 236 1861 GR.
269 1837 292 1862 o
313 1824 568 1863 carnuficium
590 1824 771 1873 cribrum,
795 1827 905 1876 quod
926 1827 1045 1866 credo
1067 1827 1159 1875 fore,

158 1887 211 1926 ita
231 1896 268 1927 te
289 1890 471 1929 forabunt
492 1890 753 1941 patibulatum
774 1905 843 1942 per
863 1891 946 1930 uias

157 1953 334 2001 stimulis,
386 1969 404 1990 2<
453 1954 484 1993 si
505 1956 582 1994 huc
603 1955 777 1995 reueniat
798 1969 929 1996 senex.

156 2019 232 2057 TR.
264 2019 331 2070 qui
352 2019 426 2059 scis
446 2034 497 2059 an
518 2020 589 2060 tibi
609 2020 708 2060 istuc
729 2021 886 2061 eueniat
906 2021 1002 2073 priu'
1023 2036 1143 2073 quam
1165 2022 1290 2062 mihi?
1500 2039 1542 2072 55

197 2134 239 2164 29
263 2124 337 2154 dico
353 2122 399 2154 32
499 2135 538 2164 31
564 2125 614 2156 vel
628 2135 726 2165 mage
866 2137 907 2166 34
933 2127 982 2157 vel
995 2137 1048 2158 me
1067 2126 1126 2165 (ita
1142 2126 1226 2166 cod.)
1360 2127 1402 2167 38
1427 2127 1482 2158 sue

154 2166 210 2198 del.
229 2167 357 2199 Ritsclzl
372 2168 423 2209 (cs.
441 2179 468 2199 v.
489 2170 548 2207 39)
713 2179 755 2209 39
779 2170 811 2200 su
830 2170 906 2202 add.
923 2170 1049 2201 Ritschl
1066 2171 1114 2211 (cs.
1134 2182 1162 2202 v.
1180 2171 1237 2211 38)
1343 2182 1386 2209 40
1399 2171 1479 2211 fort.

154 2212 288 2250 rustica,
317 2221 398 2242 uam
427 2213 573 2243 misticus
595 2210 709 2243 hircus
735 2217 919 2254 suspectum
1032 2214 1084 2245 sui
1102 2214 1169 2245 cod.
1314 2224 1352 2253 41
1381 2224 1482 2245 canes

153 2264 254 2294 capro
271 2255 451 2287 commixta
466 2255 626 2296 Scaliger:
653 2266 759 2287 caeno
775 2256 897 2297 κοπρὼν
908 2267 978 2288 com
986 2258 1088 2288 mixte
1099 2257 1163 2288 Leo
1315 2268 1357 2297 43
1381 2269 1481 2299 supe-

154 2297 261 2329 riores
279 2297 361 2329 Leo:
386 2300 542 2338 superior
560 2298 645 2338 PCD,
662 2300 818 2339 superior
833 2311 932 2340 quam
950 2311 1029 2332 erus
1046 2301 1079 2331 Β
1201 2303 1243 2340 46
1267 2302 1325 2332 tibi
1342 2301 1482 2333 obustos

155 2342 236 2382 (pro
253 2347 276 2373 t.
295 2342 380 2373 habe
397 2343 482 2373 istos
494 2344 517 2380 ἓ)
536 2342 624 2374 codd.
640 2342 751 2373 Servii
763 2343 797 2373 in
814 2344 882 2376 buc.
906 2353 932 2380 1,
951 2344 993 2383 58
1067 2345 1160 2375 aueis
1175 2345 1219 2375 Β1
1309 2355 1348 2384 47
1370 2346 1481 2376 aleato

153 2384 218 2416 cod.
239 2385 542 2426 (vzdgamlssorma)
560 2397 567 2416 :
591 2386 728 2417 aliatum
744 2386 806 2417 aliz*
944 2397 986 2426 53
1010 2388 1058 2418 vel
1073 2398 1125 2419 me
1144 2389 1204 2425 (ita
1221 2388 1306 2429 cod.)
1439 2398 1481 2428 55

153 2429 345 2460 carnificum
362 2429 427 2461 cod.
449 2441 455 2460 :
479 2438 556 2460 corr.
577 2429 717 2468 Pylades
805 2439 846 2469 57
871 2434 912 2462 st.
931 2429 1161 2475 (carnufices)
1174 2431 1259 2471 Le03
1276 2432 1314 2473 cs:
1334 2431 1382 2464 ad
1395 2443 1422 2464 v.
1439 2442 1477 2462 21
