1731 2713
763 116 988 154 RVDENS
1489 113 1538 152 ΙΙ.

132 240 200 273 420
220 242 282 267 me
308 236 499 267 attrectas,
560 229 620 265 Sc.
653 240 722 276 pro
750 226 787 264 di
818 225 1067 263 inmortales!
1104 225 1266 262 Veneris
1295 224 1419 274 effigia
1448 225 1544 262 haec

1291 289 1451 339 quidem
1474 296 1541 327 est.

217 367 257 396 nt
279 358 315 396 in
339 358 471 397 ocellis
494 358 703 396 hilaritudo
725 365 795 396 est.
818 356 914 402 heia,
940 369 1080 405 corpus
1102 354 1366 405 quoiusmodi,

215 423 654 462 sul)n(r›lturium·-illud
676 422 849 472 quidem,
874 426 882 441 ‘
897 421 1168 470 subaquilum’
1192 420 1297 459 uolui
1319 420 1513 467 dicere—‚

216 490 278 527 uel
300 488 465 539 papillae
487 487 752 538 quoiusmodi,
777 495 858 525 tum
881 500 982 536 quae
1003 486 1156 524 indoles
1177 485 1216 522 in
1238 484 1383 523 sauiost
1401 488 1406 522 ἓ

216 557 295 592 ΛΜ.
338 568 417 591 non
449 566 520 603 ego
551 566 636 591 sum
667 554 839 602 pollucta
869 565 980 602 pago.
1041 551 1150 601 potin
1181 559 1222 589 ut
1254 564 1316 589 me
1345 549 1542 600 apstineas

1353 629 1512 653 manum
1527 617 1543 653 Ρ

127 694 192 730 425
215 688 275 722 Sc.
309 697 388 722 non
410 683 499 722 licet
521 687 587 723 †te
608 683 663 721 sic
684 682 837 733 placide
860 683 1032 723 bellam†
1055 682 1157 720 belle
1177 682 1364 731 tangere?

214 752 296 787 An.
329 749 452 787 otium
473 748 541 787 ubi
562 749 643 795 erit,
667 756 749 786 tum
772 747 842 785 tibi
863 761 1022 798 operam
1044 748 1140 786 ludo
1161 754 1198 785 et
1223 745 1387 785 deliciae
1412 746 1544 793 dal)o;

214 828 319 852 nunc
340 827 457 864 quam
486 814 538 851 ob
566 827 647 851 rem
674 814 751 851 huc
779 826 865 851 sum
896 812 1024 859 missa,
1046 812 1205 858 amabo,
1225 812 1288 849 uel
1313 818 1354 849 tu
1383 810 1435 848 mi
1461 810 1542 848 aias

1326 877 1388 914 uel
1410 889 1538 926 neges.

214 947 274 981 Sc.
317 943 412 993 quid
451 956 556 982 nunc
595 943 683 981 uis?
757 945 838 980 AM.
883 942 1048 992 sapienti
1088 949 1247 980 ornatus
1287 941 1381 991 quid
1421 940 1540 979 uelim

1225 1005 1413 1044 indicium
1437 1005 1537 1043 facit.

212 1076 272 1112 Sc.
307 1075 407 1111 meu'
435 1086 596 1122 quoque
625 1072 689 1110 hic
716 1071 882 1122 sapienti
911 1078 1070 1127 orna-{tus
1091 1070 1188 1120 quid
1210 1070 1327 1109 uelim
1350 1069 1539 1108 indicium

1436 1134 1537 1173 facit.

124 1211 194 1246 430
212 1203 293 1240 AM.
327 1203 424 1240 haec
459 1202 641 1240 sacerdos
673 1200 962 1239 Veneris-hinc
995 1213 1057 1238 me
1089 1207 1221 1250 petere
1252 1212 1395 1250 aquam
1431 1199 1541 1237 iussit

1419 1263 1539 1316 (sibi).

211 1334 272 1371 Sc.
304 1340 343 1370 at
364 1346 436 1383 ego
458 1332 641 1371 basilicus
663 1345 749 1370 sum
767 1348 773 1370 z
805 1345 924 1381 quem
945 1330 1019 1370 nisi
1040 1344 1126 1369 oras
1147 1338 1298 1380 guttam
1324 1343 1404 1369 non
1429 1331 1538 1369 feres.

210 1406 344 1436 nostro
365 1397 474 1436 illum
495 1405 659 1447 puteum
680 1396 826 1447 periclo
848 1404 886 1434 et
907 1396 1150 1435 ferramentis
1172 1395 1355 1434 fodimus.

212 1462 284 1501 nisi
306 1462 437 1501 multis
459 1461 659 1501 blanditiis
679 1475 702 1499 a
723 1475 786 1500 me
805 1468 915 1511 gutta
936 1474 1016 1500 non
1037 1460 1125 1499 ferri
1146 1468 1287 1511 potest.

212 1530 292 1566 Au.
326 1541 398 1577 qur
418 1535 459 1565 tu
479 1540 622 1577 aquam
644 1539 815 1577 grauare,
838 1526 992 1573 amabo,
1017 1539 1135 1576 quam
1161 1525 1284 1564 hostis
1309 1525 1412 1564 hosti
1438 1538 1540 1564 com»

1377 1592 1513 1630 modat
1526 1592 1543 1629 ?

125 1669 190 1706 435
213 1659 274 1696 SC.
307 1672 379 1708 qur
399 1666 441 1696 tu
462 1671 620 1708 operam
641 1671 801 1708 grauare
823 1657 918 1695 mihi
940 1670 1058 1707 quam
1076 1656 1172 1695 ciuis
1191 1656 1267 1695 ciui
1284 1657 1543 1702 commodat?

213 1725 294 1761 AM.
328 1723 450 1761 immo
489 1722 605 1762 etiam
646 1722 729 1771 tibi,
765 1736 852 1761 mea
886 1723 1080 1772 uoluptas,
1117 1735 1219 1772 quae
1244 1723 1368 1760 —uoles
1403 1720 1542 1759 faciam

1396 1785 1540 1824 omnia.

211 1857 272 1892 Sc.
306 1857 501 1904 eugepae!
542 1855 671 1892 saluos
699 1866 796 1899 sum,
827 1853 925 1891 haec
952 1852 1030 1891 iam
1061 1866 1124 1891 me
1154 1865 1264 1890 suam
1297 1852 1542 1901 uoluptatem

1411 1924 1537 1954 uocat.

210 1983 366 2023 dabitur
386 1983 456 2022 tibi
476 1997 589 2034 aqua,
612 1998 662 2022 ne
682 1983 924 2034 nequiquam
946 1982 1008 2021 me
1029 1996 1148 2021 ames.
1190 1983 1290 2021 cedo
1312 1981 1364 2020 mi
1387 1995 1535 2019 urnam.

1313 2049 1395 2085 An.
1428 2060 1535 2096 cape.

210 2126 384 2164 propera,
407 2114 560 2161 amabo,
584 2116 738 2153 ecferre.
799 2116 860 2153 Sc.
894 2121 1037 2161 manta,
1061 2113 1138 2152 iam
1166 2113 1230 2151 hic
1255 2126 1332 2160 ero,
1356 2113 1539 2162 uoluptas

1386 2190 1541 2216 mea.—

255 2292 318 2323 425
343 2283 392 2323 te]
419 2282 536 2314 saltem
564 2280 630 2313 Leo
719 2281 886 2322 placidule
905 2281 1077 2313 Fleckeisen
1156 2282 1237 2321 fort.
1261 2280 1428 2312 belliatam
1453 2279 1540 2311 belle

211 2337 275 2366 430
297 2327 360 2357 sibi
380 2341 383 2356 κ
396 2327 420 2366 3)
439 2325 504 2357 Leo
519 2338 526 2357 z
549 2337 568 2356 a
585 2324 678 2356 uobis
695 2324 760 2356 cod.
782 2326 906 2366 (matg.
919 2326 1020 2366 gloss.
1040 2325 1074 2355 ιή
1091 2325 1169 2356 hinc
1180 2326 1205 2365 3)
1295 2336 1314 2355 a
1331 2325 1427 2355 uobis
1443 2323 1540 2355 iussit

211 2375 330 2411 petere
347 2380 467 2410 aquam
490 2369 613 2410 Ussing
722 2379 784 2408 432
811 2375 927 2400 nostro
944 2369 1015 2400 Ital.
1033 2380 1039 2399 z
1066 2379 1128 2400 nos
1145 2379 1206 2409 pro
1223 2368 1288 2399 cod.

1562 110 1606 150 iv

1566 495 1604 518 10

1563 953 1600 985 15

1565 1474 1604 1495 20

1561 1993 1600 2026 ²5
