1731 2713
118 868 183 905 275

116 1254 184 1288 280

114 1643 179 1688 285

91 1904 181 1940 288a

755 85 992 124 STICHVS
1496 87 1525 124 Ι.
1549 87 1593 124 iii

313 198 412 236 satin
435 207 476 236 ut
497 199 632 245 facete,
655 198 773 248 atque
794 212 840 236 ex
861 197 1012 248 pictura
1032 198 1182 236 astitit?

315 278 364 302 ne
385 263 456 302 iste
476 266 617 315 edepol
640 264 776 303 uinum
799 266 945 314 poculo
966 264 1181 315 pauxillulo

313 342 429 379 saepe
450 329 670 369 exanclauit
690 331 918 369 submerum
940 330 1172 369 scitissume.

700 520 938 568 ACTVS
992 521 1041 567 II

510 634 796 673 PINACIVM
909 635 1237 672 GELASIMVS

207 725 265 763 ΡΙ.
302 725 532 773 Mercurius
576 726 674 764 Ioui'
714 726 781 776 qui
827 726 987 765 nuntius
1035 727 1272 777 perhibetur,
1312 740 1531 778 numquam

1287 805 1413 842 aeque
1434 793 1532 842 patri

205 869 276 895 suo
312 856 493 895 mintium
529 857 705 908 lepidum
739 857 867 896 attulit
902 870 1020 908 quam
1053 871 1125 907 ego
1159 871 1265 896 nunc
1300 871 1411 896 meae
1446 871 1534 897 erae

1315 923 1508 963 nuntiabo
1526 939 1533 963 ε

259 987 390 1037 itaque
412 997 597 1026 onustum
622 996 758 1039 pectus
779 996 893 1039 porto
915 987 1060 1027 laetitia
1080 987 1336 1039 lubentiaque

259 1065 388 1102 neque
409 1053 517 1091 lubet
538 1053 611 1091 nisi
631 1053 820 1104 gloriosse
841 1053 1054 1104 quicquam
1076 1052 1257 1104 proloqui
1279 1054 1465 1104 profecto.

204 1117 462 1157 amoenitates
483 1118 661 1157 omnium
684 1133 874 1158 uenerum
896 1126 934 1157 et
955 1127 1208 1158 uenustatum
1237 1120 1372 1159 adfero

204 1181 375 1233 ripisque
396 1191 551 1234 superat
574 1183 626 1222 mi
646 1191 765 1234 atque
785 1185 962 1223 abundat
982 1192 1119 1235 pectus
1140 1184 1287 1223 laetitia
1308 1198 1451 1224 meum.

256 1261 432 1298 propera,
457 1248 673 1296 Pinacium,
696 1250 818 1299 pedes
838 1250 1003 1297 hortare,
1028 1251 1194 1288 honesta
1214 1249 1320 1289 dicta
1340 1250 1505 1289 factis——

203 1327 308 1351 nunc
329 1313 400 1352 tibi
421 1322 594 1365 potestas
615 1314 900 1365 adipiscendist
924 1315 1098 1365 gloriam,
1121 1316 1292 1363 laudem,
1315 1317 1490 1355 decus-—

202 1391 369 1428 eraeque
391 1379 520 1429 egenti
541 1379 974 1418 subueni—›benefaeta
995 1379 1188 1419 maiorum
1210 1388 1375 1419 tuom-—

201 1456 302 1493 quae
324 1443 464 1483 misera
485 1444 524 1482 in
546 1445 840 1495 exspectatione
861 1453 920 1483 est
942 1445 1155 1496 Epignomi
1175 1446 1393 1485 aduentum
1416 1446 1498 1486 uiri.

200 1507 365 1558 proinde
394 1517 435 1548 ut
456 1510 571 1549 decet
590 1518 697 1549 amat
721 1512 849 1549 uirum
875 1524 1000 1559 suom,
1024 1510 1167 1561 cupide
1194 1511 1351 1562 expetit.
1411 1525 1528 1560 nunc,

1308 1576 1527 1625 Pinacium,

199 1651 271 1689 age
291 1646 333 1678 ut
354 1639 492 1691 placet,
516 1654 625 1680 curre
642 1649 684 1680 ut
705 1642 825 1690 lubet,
848 1655 946 1681 caue
967 1641 1209 1692 quemquam
1230 1642 1343 1681 flocci
1366 1642 1513 1691 feceris,

200 1703 343 1743 cubitis
364 1706 529 1756 depulsa
549 1707 599 1746 de
619 1706 694 1755 uia,
718 1707 970 1758 tranquillam
992 1706 1189 1746 concinna
1209 1706 1313 1749 uiam
1329 1722 1339 1756 3

200 1769 231 1808 si
251 1783 317 1809 rex
337 1771 509 1822 opstabit
529 1772 702 1821 obuiam,
725 1787 855 1824 regem
878 1773 1007 1824 ipsum
1029 1772 1126 1824 priu'
1146 1772 1372 1824 peruortito.

414 1838 488 1876 GE.
521 1837 712 1888 quidnam
733 1838 864 1877 dicam
886 1838 1091 1878 Pinacium

359 1901 680 1942 lasciuibundum
702 1911 783 1942 tam
804 1904 1008 1944 lubentem
1030 1905 1213 1943 currere?

243 2013 303 2044 271
323 2006 427 2048 satin]
447 2012 512 2039 stat
524 2006 556 2037 A
609 2006 760 2051 (aeque)
771 2014 871 2048 atque
885 2009 1060 2040 Fleckeisen
1129 2009 1188 2050 ex]
1203 2014 1238 2039 ut
1251 2008 1283 2038 A
1299 2009 1378 2049 (pro
1389 2008 1436 2040 uti
1448 2010 1527 2050 cxl)

199 2057 263 2088 275
287 2059 365 2081 erae
381 2061 476 2082 meae
499 2047 677 2082 Hermann
811 2063 872 2092 277
897 2053 987 2083 iubet
1007 2053 1040 2083 Α
1176 2054 1239 2092 278
1265 2057 1474 2085 uenustatem
1492 2053 1526 2084 Λ

199 2093 264 2124 280
281 2094 443 2136 propera]
462 2100 643 2135 propterea
659 2094 692 2125 P
810 2097 871 2127 281
897 2096 1198 2136 adipiscendastA
1324 2098 1389 2127 282
1413 2097 1527 2136 egenti

199 2135 329 2168 Merula
346 2149 353 2168 :
377 2138 471 2177 genti
494 2136 581 2170 codd.
675 2138 836 2170 malorum
854 2139 888 2170 A
979 2139 1091 2171 benef.
1111 2163 1118 2171 .
1139 2164 1146 2171 .
1164 2164 1170 2171 .
1191 2144 1282 2172 tuom
1298 2140 1367 2172 secl.
1388 2139 1526 2181 Rnsclzl,

198 2178 331 2221 Sejyffirt
349 2180 449 2221 (Berl.
469 2182 556 2213 Plzz'l.
579 2180 686 2214 Woclz.
704 2185 751 2220 16,
769 2184 847 2223 284)
863 2184 914 2225 (cf.
930 2194 957 2214 v.
974 2183 1054 2224 303)
1106 2182 1177 2214 vide
1193 2194 1232 2214 ne
1241 2184 1526 2224 proplerlzomoeo—

199 2223 334 2255 telculon
352 2224 418 2255 duo
433 2225 634 2257 hemistichia
650 2225 821 2258 exciderint
836 2237 875 2258 ex
889 2226 977 2258 codd.
1107 2227 1170 2266 283
1195 2227 1229 2257 in
1246 2237 1311 2259 om.
1330 2226 1365 2258 P
1463 2228 1527 2266 284

199 2267 309 2299 uirum
325 2273 414 2300 amat
433 2268 568 2301 Gzctclus
671 2270 803 2310 expetit
819 2270 927 2312 nunc]
947 2280 1036 2301 nunc
1049 2269 1171 2309 expedi
1188 2269 1222 2300 P
1365 2271 1430 2311 285
1454 2281 1528 2302 cur-

199 2319 274 2341 rere
297 2311 331 2342 P
459 2314 521 2352 287
546 2313 733 2345 obstabitor
757 2314 844 2345 uiam
869 2313 903 2345 P
1043 2313 1107 2344 288
1130 2313 1240 2344 dicam
1256 2323 1326 2345 om.
1342 2313 1376 2344 A
1394 2313 1454 2356 (iii.
1474 2314 1528 2356 11)

198 2354 278 2384 288³
301 2354 458 2387 lubenter
473 2356 508 2387 P

1553 632 1606 670 ΙΙ.
1630 631 1643 669 i

1553 1462 1591 1484 10

1549 1849 1587 1883 ¹5
