1783 2707
125 153 193 189 IV.
216 150 244 187 ii
619 146 664 181 T.
700 142 879 181 MACCI
911 138 1115 178 PLAVTI

215 264 283 300 BA.
318 261 402 311 quis
424 260 486 298 hic
508 260 629 296 homo
650 256 922 305 chlamydatus
944 260 1002 292 est
1028 258 1095 290 aut
1116 251 1223 289 unde
1247 256 1304 288 est
1324 256 1391 287 aut
1417 262 1533 298 quem

1319 312 1537 363 quaeritat?

213 391 413 443 peregrina
434 389 551 427 facies
572 388 727 426 uidetur
748 384 919 423 hominis
940 390 1058 432 atque
1079 379 1272 431 ignobilis.

157 473 196 496 10
216 460 347 496 Sirim.
380 456 448 493 sed
479 467 615 492 eccum
647 451 712 502 qui
743 464 788 489 ex
818 450 966 488 incerto
994 446 1108 485 faciet
1136 444 1232 483 mihi
1259 444 1367 493 quod
1394 455 1539 492 quaero
1558 448 1624 492 965

1385 508 1537 547 certius.

218 591 287 626 BA.
319 588 369 625 ad
391 600 452 623 me
472 584 553 623 adit
574 590 687 622 recta.
734 582 840 619 unde
861 593 933 630 ego
954 576 1157 617 hominem
1178 576 1284 613 hunc
1305 587 1390 612 esse
1411 573 1541 611 dicam

1338 638 1513 690 gentium
1526 639 1543 675 ?

218 720 350 758 Sirim.
383 718 479 754 heus
501 723 541 752 tu
563 713 630 763 qui
651 725 741 751 cum
762 709 943 760 hirquina
964 709 1085 747 barba
1106 714 1195 754 stas,
1218 705 1413 755 responde
1435 704 1543 754 quod

1436 782 1540 819 rogo.

220 851 289 887 BA.
323 849 408 893 eho,
432 859 481 883 au
503 858 583 882 non
604 842 699 893 priu'
722 841 895 879 salutas?
952 840 1085 877 SJMIA.
1119 838 1226 875 nulla
1246 843 1303 874 est
1324 834 1421 873 mihi
1441 835 1544 872 salus

1385 898 1542 938 dataria.

222 981 290 1017 ΒΑ.
323 991 413 1015 nam
445 977 509 1025 pol
540 974 630 1012 hinc
662 972 908 1010 tantumdem
940 967 1121 1018 accipies.
1194 969 1256 1005 Ps.
1290 965 1366 1003 iam
1399 964 1491 1002 inde
1522 977 1544 1002 a
1564 967 1699 1011 969-70

1197 1030 1389 1082 principio
1410 1030 1543 1080 probe.

166 1124 199 1154 ¹5
222 1111 353 1148 SIMIA.
387 1119 551 1156 ecquem
582 1104 621 1142 in
656 1102 862 1153 angiporto
891 1102 968 1138 hoc
1002 1098 1206 1137 hominem
1236 1104 1278 1135 tu
1308 1095 1482 1135 nouisti?
1510 1102 1549 1133 te

1443 1174 1548 1210 rogo.

225 1242 294 1278 BA.
327 1244 481 1288 egomet
504 1249 575 1273 me.
637 1236 770 1272 S1M1A.
804 1230 919 1282 pauci
939 1229 1040 1268 istuc
1067 1228 1215 1267 faciunt
1242 1226 1423 1266 homines
1443 1226 1552 1275 quod

1275 1300 1317 1331 tu
1338 1291 1550 1342 praedicas,

225 1383 315 1408 nam
338 1369 376 1406 in
398 1369 481 1406 foro
503 1365 567 1404 uix
587 1366 778 1403 decumus
800 1361 967 1411 quisque
988 1367 1046 1398 est
1067 1359 1133 1409 qui
1155 1358 1261 1408 ipsus
1282 1370 1366 1395 sese
1387 1355 1550 1395 nouerit.

228 1438 289 1473 Ps.
323 1435 451 1472 saluos
479 1445 577 1477 sum,
607 1430 683 1468 iam
715 1428 1024 1479 philosophatur.
1085 1426 1218 1463 SIMIA.
1251 1422 1454 1461 hominem
1482 1434 1554 1471 ego

1143 1489 1206 1526 hic
1228 1501 1374 1538 quaero
1395 1488 1553 1531 malum,

229 1568 463 1616 legerupam,
502 1561 666 1612 inpium,
700 1558 893 1609 peiiurum
931 1564 1051 1606 atque
1089 1554 1312 1605 inprobum.
1390 1554 1460 1590 BA.
1493 1564 1556 1589 me
1576 1563 1641 1599 975

1355 1616 1555 1668 quaeritat,

174 1712 213 1733 20
233 1710 323 1735 nam
345 1695 409 1733 illa
430 1707 516 1731 mea
536 1698 627 1730 sunt
647 1695 935 1739 cognomenta,
964 1699 1111 1724 nomen
1133 1684 1164 1723 si
1185 1691 1376 1723 memoret
1397 1683 1529 1720 modo.

233 1761 328 1812 quid
367 1767 425 1798 est
464 1758 498 1796 ei
537 1754 688 1795 homini
728 1754 904 1792 nomen?
980 1753 1113 1790 SIM1A.
1146 1751 1237 1788 leno
1278 1747 1412 1786 Ballio.
1486 1749 1557 1784 BA.

1314 1812 1438 1852 sciuin
1459 1813 1562 1861 ego?

233 1892 315 1943 ipse
343 1903 415 1941 ego
441 1889 471 1927 is
499 1901 597 1934 sum,
612 1887 854 1931 adulescens,
878 1896 996 1933 quem
1018 1889 1059 1920 tu
1080 1880 1284 1931 quaeritas.
1335 1881 1467 1918 SlMlA.
1491 1878 1562 1915 tun

1346 1958 1386 1983 es
1408 1942 1563 1982 Ballio?

236 2026 306 2062 BA.
330 2035 402 2072 ego
423 2019 528 2059 enim
549 2031 643 2056 uero
664 2016 695 2054 is
716 2029 814 2054 sum.
874 2016 1007 2052 SIMIA.
1031 2020 1074 2051 ut
1094 2012 1279 2058 uestitu's,
1303 2024 1344 2049 es
1368 2010 1563 2060 perfossor
1581 2011 1716 2056 979-80

1358 2075 1562 2126 parietum.

280 2193 341 2232 967
367 2195 438 2222 stas
454 2188 555 2219 barba
573 2186 621 2216 P:
647 2190 737 2216 astas
754 2185 783 2214 b.
807 2182 1018 2214 Camerarius
1150 2181 1215 2220 968
1239 2190 1281 2211 an
1299 2190 1363 2210 om.
1381 2178 1413 2208 A
1503 2186 1563 2216 971

237 2235 388 2266 nonuisti
406 2233 438 2263 P
588 2240 652 2269 973
677 2228 829 2268 quisquis
846 2232 896 2256 est
914 2226 947 2255 P
1055 2234 1092 2254 se
1110 2223 1143 2254 A
1290 2233 1353 2263 975
1378 2221 1566 2261 legii-upum

238 2280 394 2318 inpurum
413 2276 576 2316 peiiurum
594 2279 694 2312 atque
708 2271 846 2310 impium
864 2270 895 2299 A
913 2270 958 2310 (ii.
975 2280 994 2307 4
1006 2270 1031 2302 ’.ἢ
1121 2269 1186 2307 976
1210 2278 1283 2297 mea
1300 2277 1365 2297 om.
1386 2265 1418 2296 P
1503 2273 1566 2303 977

239 2323 396 2363 (nolmen
429 2318 558 2350 homini
584 2316 616 2346 A
750 2315 813 2353 978
839 2314 866 2343 is
897 2323 970 2343 sum
1004 2312 1184 2343 Gruterus:
1219 2312 1318 2341 istum
1350 2310 1390 2347 P,
1423 2307 1455 2338 A
1484 2317 1516 2338 n.
1545 2306 1565 2337 l.

238 2365 371 2406 quaeris
387 2363 419 2394 A
443 2363 493 2403 (cf.
514 2361 560 2392 ad
578 2364 676 2399 1132>
771 2368 844 2397 979,
860 2357 925 2396 980
951 2355 1004 2396 es]
1023 2361 1075 2387 est
1092 2355 1125 2385 P
1195 2354 1351 2394 persor-or
1366 2352 1399 2383 P
1416 2352 1446 2390 (r
1457 2356 1519 2392 pro
1534 2348 1566 2390 s)
