1783 2707
202 112 232 149 Ι.
253 111 282 147 ii

172 297 230 330 145

170 626 230 658 150

171 1017 229 1050 155

172 1530 235 1563 160

169 1856 229 1898 165

669 112 715 148 T.
749 111 928 151 MACCI
960 113 1164 150 PLAVTI

306 236 435 272 neque
456 223 557 261 adeo
579 224 696 261 hasce
717 223 795 261 emi
818 223 913 260 mihi
935 237 1008 261 nec
1029 236 1188 261 ussurae
1209 237 1345 261 meae:

305 287 359 324 illi
381 287 528 325 redemi
550 302 695 334 rusum,
718 302 740 326 a
761 302 824 326 me
844 296 1048 337 argentum
1070 288 1172 326 dedi.

305 353 402 390 haec
424 360 513 390 sunt
534 368 539 390 :
571 353 602 390 si
623 360 726 391 recte
748 366 816 390 seu
838 366 1022 402 peruorse
1043 354 1144 390 facta
1164 360 1263 399 sunt,

305 430 377 467 ego
400 431 460 455 me
485 417 623 455 fecisse
645 418 845 464 confiteor,
871 416 1159 466 Megaronides.

305 496 368 521 em
391 496 477 520 mea
498 484 715 529 malefacta,
740 496 803 521 em
825 496 954 520 meam
975 482 1177 520 auaritiam
1199 482 1270 521 tibi
1290 485 1296 521 Σ
1603 489 1665 534 185

306 549 423 586 hasce
445 548 540 585 mihi
562 557 719 598 propter
740 562 799 586 res
820 550 941 586 malas
963 549 1084 586 famas
1105 549 1243 586 ferunt.

307 615 390 651 ME.
423 617 586 651 παῦσαι;
618 612 745 651 uicisti
767 613 1039 662 castigatorem
1061 620 1172 652 tuom
1192 628 1199 651 :

306 678 469 716 occlusti
491 678 674 728 linguam,
699 678 795 715 nihil
817 685 875 716 est
896 678 962 727 qui
983 679 1255 727 respondeam.

307 744 381 782 CA.
412 757 518 781 nunc
539 757 611 793 ego
633 751 670 781 te
691 756 839 793 quaeso
860 750 903 781 ut
923 756 986 781 me
1007 756 1126 793 opera
1145 751 1183 781 et
1204 743 1368 782 consilio
1389 743 1500 782 iuues

306 808 656 858 communicesque
677 809 779 846 hanc
802 821 958 846 mecum
980 821 1108 846 meam
1129 808 1387 858 prouinciam.
1604 824 1670 860 190

308 874 390 911 ME.
424 873 612 924 polliceor
641 887 812 924 operam.
873 874 944 914 CA.
978 886 1069 924 ergo
1099 873 1167 912 ubi
1197 873 1269 913 eris
1300 876 1433 924 paullo
1462 876 1582 924 post?

1345 941 1427 977 ΜΕ.
1460 939 1579 978 domi.

308 1005 379 1044 CA.
412 1004 608 1055 numquid
638 1004 730 1044 uis?
787 1007 871 1043 ΜΕ.
904 1018 1015 1044 cures
1046 1012 1153 1043 tuam
1185 1006 1316 1044 fidem.
1377 1006 1449 1044 CA.
1481 1003 1583 1057 fi[e]t

319 1061 322 1063 Δ
1431 1071 1580 1108 sedulo.

309 1137 391 1174 ME.
425 1137 495 1175 sed
517 1136 613 1187 quid
633 1135 723 1174 ais?
780 1137 852 1176 CA.
885 1136 982 1186 quid
1008 1135 1100 1175 uis?
1158 1138 1241 1175 ΜΕ.
1274 1135 1342 1175 ubi
1367 1149 1471 1174 nunc
1492 1137 1584 1174 adu-

1261 1203 1412 1239 lescens
1433 1201 1551 1240 habet
1568 1203 1584 1239 Ρ

308 1268 380 1306 CA.
413 1267 652 1317 posticulum
675 1268 751 1305 hoc
772 1266 929 1317 recepit,
953 1280 1076 1317 quom
1096 1265 1205 1305 aedis
1227 1266 1421 1305 uendidit.

308 1334 391 1370 ΜΕ.
425 1333 524 1371 istuc
545 1333 728 1371 uolebam
751 1331 859 1370 scire.
918 1331 930 1370 i
951 1345 1045 1371 sane
1065 1331 1262 1370 nunciam.
1605 1342 1667 1379 195

307 1399 376 1436 sed
398 1397 493 1448 quid
513 1397 601 1435 ais?
631 1396 727 1447 quid
756 1410 862 1435 nunc
883 1396 1022 1447 uirgo?
1052 1409 1195 1447 nempe
1218 1397 1325 1447 apud
1346 1395 1452 1435 te'st?
1509 1397 1580 1436 CA.

1482 1460 1581 1508 itast,

308 1527 492 1578 iuxtaque
514 1542 599 1567 eam
622 1531 716 1567 curo
737 1541 827 1566 cum
850 1540 947 1565 mea.
1009 1529 1093 1565 ME.
1123 1534 1227 1565 recte
1248 1526 1352 1565 facis.

308 1594 379 1632 CA.
404 1593 598 1643 numquid
619 1593 716 1644 priu'
733 1607 852 1643 quarn
873 1593 974 1631 abeo
992 1606 1054 1631 me
1075 1594 1288 1642 rogaturu⁷s
1302 1594 1458 1631 Ρ-ΜΕ,
1482 1594 1579 1632 uale.

306 1658 403 1696 nihil
424 1666 482 1697 est
502 1660 679 1709 profecto
702 1658 857 1696 stultius
878 1671 1009 1708 neque
1030 1658 1209 1696 stolidius

305 1737 434 1773 neque
456 1723 796 1774 mendaciloquius
819 1736 948 1773 neque
971 1721 1105 1776 [adeo]
1128 1730 1306 1773 argutum
1328 1723 1460 1773 magis,
1579 1743 1582 1747 ›
1600 1736 1670 1761 200

305 1802 435 1838 neque
456 1788 832 1839 confidentiloquius
855 1802 985 1838 neque
1006 1788 1192 1839 peiiurius

304 1867 423 1903 quam
446 1854 584 1892 urbani
605 1855 761 1894 adsidui
783 1855 889 1894 ciues
912 1869 1012 1905 quos
1034 1869 1183 1893 scurras
1209 1862 1362 1893 uocant.

303 1926 422 1969 atque
443 1928 598 1969 egomet
621 1934 683 1958 me
704 1922 805 1959 adeo
828 1934 918 1958 cum
940 1920 1014 1959 illis
1035 1934 1114 1958 una
1134 1920 1282 1959 ibidem
1304 1921 1426 1968 traho,

295 2024 355 2062 183
379 2023 424 2064 si]
452 2034 511 2055 seu
539 2024 572 2055 Ρ
706 2028 765 2064 184
792 2030 924 2064 egomet
953 2024 974 2056 f.
995 2024 1028 2054 Ρ
1169 2027 1228 2064 185
1253 2035 1305 2055 em
1335 2036 1440 2056 meam
1472 2026 1580 2056 auari-

249 2077 356 2096 meam
373 2067 432 2098 A:
469 2079 542 2099 eme
563 2079 602 2099 m,
626 2079 677 2100 au.
700 2069 838 2101 Skutsclz
859 2068 1033 2109 (Pln'lolog.
1054 2078 1105 2108 59¹q
1127 2070 1206 2107 500)
1359 2071 1419 2100 186
1442 2069 1580 2100 hascine

249 2121 302 2140 me
321 2110 374 2141 P:
399 2111 538 2142 hascine
562 2112 689 2142 Pareus
790 2117 889 2152 optet
901 2112 1009 2152 Bergk
1108 2113 1301 2142 maledictas
1324 2112 1374 2142 P:
1401 2113 1580 2143 maledicas

249 2152 442 2185 Salmasius
639 2155 720 2195 fort.
751 2155 870 2196 duplex
895 2156 979 2186 lectio
1017 2156 1109 2186 hasc’
1136 2156 1216 2186 mihi
1235 2180 1240 2186 .
1262 2181 1268 2187 .
1287 2180 1293 2187 .
1315 2180 1321 2186 .
1344 2156 1523 2187 maledicas
1554 2160 1582 2187 et

252 2197 392 2229 hascine
416 2199 486 2230 mi.
508 2223 514 2231 .
539 2199 667 2230 .malas
826 2200 882 2238 187
910 2209 1014 2238 pausa
1034 2198 1067 2228 P
1220 2200 1280 2229 188
1304 2200 1395 2238 quod
1412 2200 1444 2229 A
1467 2200 1502 2240 (i.
1522 2200 1578 2240 92)

255 2251 313 2280 ¹92
339 2252 398 2273 cur
414 2247 465 2272 est
482 2242 515 2273 P
580 2243 616 2274 fit
633 2243 666 2273 P
795 2253 854 2282 194
880 2241 1045 2282 recipitA
1160 2244 1220 2281 196
1243 2243 1288 2273 ita
1306 2253 1343 2273 es
1367 2243 1400 2274 P
1521 2244 1581 2283 198

251 2295 329 2315 num
355 2296 404 2325 pr.
429 2286 462 2316 P
594 2297 655 2325 199
679 2286 824 2317 stolidus
845 2286 877 2315 A
1011 2296 1075 2316 200
1099 2286 1185 2316 adeo
1210 2297 1274 2317 om.
1296 2286 1329 2316 Ρ
1415 2286 1470 2317 vix
1485 2288 1581 2328 prius

252 2339 363 2368 neque
380 2328 499 2362 delend.
522 2330 574 2371 (cf.
595 2330 639 2360 ad
653 2329 723 2361 Mil.
746 2331 823 2371 752)
967 2340 1030 2360 202
1053 2340 1255 2368 quoscurras
1271 2330 1304 2360 A
