1783 2707
185 142 256 178 IV.
278 142 323 178 ix
689 144 735 180 T.
769 143 949 181 MACCI
983 143 1187 180 PLAVTI

279 267 442 303 sequere
462 255 545 301 hae,
569 255 734 293 scelesta
754 255 847 292 feles
868 253 1083 303 uirginaria.

222 332 259 364 15
280 332 442 369 sequere
469 321 553 366 hae,
577 333 664 358 mea
693 327 820 369 gnata,
843 333 906 357 me
936 333 1060 369 usque
1087 320 1137 357 ad
1164 321 1515 369 praetorem—VI.
1553 332 1609 357 se-

1444 397 1608 433 quor.—

783 685 1019 732 ACTVS
1066 686 1112 732 V

175 797 258 835 V.i
314 800 566 836 Tolevs
677 797 1117 834 LEMNISELENIS
1228 797 1576 834 SAGARISTIO

278 898 351 934 To.
406 895 593 934 Hostibu'
638 895 763 942 uictis,
808 894 953 933 ciuibu'
992 893 1120 940 saluis,
1162 908 1202 933 re
1246 893 1411 945 placida,
1454 892 1608 943 pacibu'

1413 957 1604 1009 perfectis,

279 1027 382 1065 bello
404 1025 607 1072 exstineto,
631 1039 670 1063 re
692 1026 793 1063 bene
813 1024 930 1074 gesta,
954 1023 1105 1074 iute'gro
1126 1024 1296 1063 exercitu
1317 1032 1355 1062 et
1375 1023 1588 1074 praesidiis,

277 1106 399 1143 quom
432 1093 534 1130 bene
574 1104 656 1136 nos,
692 1090 878 1140 Iuppiter,
912 1090 1058 1138 iuuisti,
1087 1090 1208 1140 dique
1237 1089 1301 1128 alii
1331 1103 1469 1128 omnes
1499 1089 1610 1127 caeli·
1630 1095 1695 1132 755

1416 1162 1607 1204 potentes,

279 1237 343 1262 eas
379 1222 492 1261 uobis
527 1221 643 1271 gratis
679 1220 807 1259 habeo
842 1228 961 1270 atque
991 1234 1075 1270 ago,
1109 1220 1201 1270 quia
1230 1220 1353 1270 probe
1387 1233 1474 1257 sum
1508 1220 1610 1257 ultus

1242 1298 1374 1323 meum
1395 1283 1608 1322 inimicum.

241 1369 257 1400 5
280 1367 385 1392 nunc
407 1354 459 1392 ob
480 1367 566 1392 eam
589 1366 670 1391 rem
698 1351 798 1390 inter
818 1351 1027 1402 participes
1045 1350 1222 1390 diuidam
1244 1351 1430 1400 praedam
1447 1357 1485 1388 et
1501 1351 1613 1400 parti-

1455 1414 1607 1465 cipabo.

439 1484 490 1523 ite
511 1486 611 1523 foras
629 1499 635 1522 :
666 1483 729 1522 hic
750 1485 843 1522 uolo
864 1491 954 1521 ante
975 1482 1120 1521 ostium
1142 1490 1179 1521 et
1199 1481 1356 1520 ianuam

495 1564 603 1588 meos
626 1549 832 1600 participes
853 1549 955 1587 bene
975 1549 1162 1599 accipere.
1628 1550 1716 1594 758ξι

441 1615 597 1654 statuite
619 1615 681 1653 hic
702 1616 877 1662 lectulos,
901 1614 1037 1664 ponite
1059 1614 1121 1652 hic
1143 1627 1244 1664 quae
1264 1614 1455 1652 adsolent.

495 1681 558 1719 hic
579 1680 695 1719 statui
716 1682 809 1719 uolo
831 1680 1000 1731 primum
1023 1679 1261 1730 †aquilam†,
1627 1683 1716 1724 759a

223 1761 260 1782 10
280 1747 386 1785 unde
408 1760 480 1796 ego
501 1746 628 1785 omnis
646 1746 799 1793 hilaroe,
816 1745 1003 1793 ludentis,
1016 1744 1261 1784 laetificantis
1283 1744 1422 1782 faciam
1438 1751 1481 1782 ut
1501 1745 1609 1790 fiant,
1630 1744 1698 1787 760

280 1826 446 1862 quorum
468 1825 587 1862 opera
607 1811 703 1849 mihi
724 1811 851 1850 facilia
873 1813 977 1850 factu
1005 1813 1108 1849 facta
1134 1812 1232 1849 haec
1259 1818 1350 1848 sunt
1378 1824 1478 1860 quae
1502 1809 1609 1847 uolui

1468 1874 1607 1913 ecfieri.

278 1956 368 1981 nam
391 1942 580 1993 inprobus
601 1950 659 1981 est
680 1944 801 1981 homo
823 1943 890 1993 qui
912 1942 1149 1982 beneficium
1172 1941 1243 1980 scit
1267 1941 1444 1991 accipere
1465 1948 1502 1979 et
1527 1941 1608 1979 red-

1359 2008 1450 2045 dere
1470 2005 1606 2044 nescit.

279 2076 349 2113 LE.
382 2074 521 2113 Toxile
542 2075 605 2121 mi,
630 2088 703 2125 qur
723 2089 795 2125 ego
817 2074 901 2113 sine
922 2082 959 2113 te
981 2088 1079 2121 sum,
1104 2088 1175 2124 qur
1196 2080 1236 2111 tu
1258 2080 1390 2111 autem
1412 2072 1495 2110 sine
1516 2072 1608 2110 med

1131 2141 1201 2178 es?
1258 2141 1331 2177 To.
1363 2139 1533 2188 agedum
1555 2151 1609 2175 er-

322 2255 380 2285 751
407 2245 554 2294 sceleste
571 2244 759 2294 Lanfzhimfs
893 2246 954 2285 756
979 2244 1085 2275 habeo
1098 2248 1211 2283 grates
1223 2244 1296 2274 PCD
1428 2242 1489 2282 758
1514 2241 1606 2272 velit'

279 2325 357 2363 759a
381 2299 526 2362 aquilain
537 2323 586 2354 vel
595 2298 740 2363 aliquam
755 2323 821 2354 cod.
837 2326 874 2353 ut
885 2322 947 2353 vid.
966 2323 1091 2362 (aquila
1105 2322 1185 2352 mihi
1201 2321 1282 2360 ΡΠ),
1298 2321 1407 2360 aliqua
1418 2319 1509 2359 mihi,
1527 2330 1606 2352 corr.

276 2367 421 2406 aliquam
440 2367 483 2405 B)
550 2368 632 2407 fort.
651 2368 761 2397 aulam
782 2367 929 2405 (aullam,
946 2371 1117 2406 perperam
1135 2365 1240 2404 scrz'pl.
1258 2365 1394 2405 auilam)
1413 2363 1455 2394 mi
1546 2365 1605 2402 761

277 2411 309 2440 h.
323 2421 363 2440 m.
380 2410 488 2442 facilia
506 2411 595 2442 factu
615 2412 700 2442 sacta
717 2415 795 2441 sunt
814 2410 878 2442 cod.
894 2410 1098 2451 (septemanh
1123 2409 1195 2439 irai.
1211 2408 1348 2438 Mueller
1434 2408 1495 2446 762
1519 2407 1604 2448 aco]

277 2465 408 2485 sumere
429 2455 502 2485 pen
520 2455 590 2494 (vix
605 2466 672 2486 var.
694 2455 758 2486 lect.
775 2455 808 2485 in
826 2454 909 2493 cod.)
1037 2454 1098 2493 763
1123 2457 1235 2483 autem
1252 2456 1285 2482 tu
1306 2451 1380 2482 ΡΠ)
1469 2462 1522 2481 me
1539 2450 1603 2481 cod.

955 2527 978 2537 l
