1783 2707
177 128 223 165 V.

168 508 228 539 105

196 1812 234 1836 10

246 127 292 164 iv
665 127 710 163 T.
746 125 927 164 MACCI
960 124 1163 164 PLAVTI

248 253 319 289 qur
341 252 504 277 numero
532 238 535 290 J
561 238 652 277 estis
674 237 828 284 mortui,
852 239 929 276 hoc
950 237 1130 286 exemplo
1151 243 1193 273 ut
1213 234 1452 286 pingeretis?

248 317 339 342 narn
359 303 456 341 alios
477 303 645 353 pictores
666 302 720 340 nil
742 315 872 341 moror
893 300 1122 340 huiusmodi
1143 308 1305 338 tractare
1326 300 1514 350 exempla.

302 431 381 467 HA.
398 429 437 467 di
452 430 629 478 deaeque
643 428 792 475 ornnes,
803 426 941 465 uobeis
955 426 1084 464 habeo
1099 425 1237 464 merito
1252 438 1411 475 magnas
1423 424 1575 474 gratias,

302 508 423 545 quom
445 496 518 532 hac
540 508 602 532 me
623 493 768 532 laetitia
788 492 988 531 adfecistis
1010 499 1117 529 tanta
1137 499 1175 529 et
1195 490 1312 529 tantis
1332 489 1493 540 gaudiis,
1600 500 1687 537 1275

301 567 343 597 ut
365 572 474 597 meae
495 559 635 609 gnatae
657 560 707 597 ad
730 572 792 596 me
814 557 985 596 redirent
1006 564 1043 595 et
1065 563 1300 606 potestatem
1323 568 1462 593 meam.

301 626 404 662 ADE.
438 624 489 661 mi
512 632 630 674 pater,
655 631 722 661 tua
741 623 865 674 pietas
887 625 1003 673 plane
1024 621 1163 660 nobeis
1184 620 1327 659 auxilio
1349 620 1430 658 fuit.

301 692 374 728 AG.
399 697 546 739 patrue,
566 689 683 727 facito
698 688 737 726 in
755 688 945 727 memoria
960 688 1107 725 habeas
1129 695 1236 725 tuam
1254 685 1440 724 maiorem
1458 685 1576 723 filiam

301 754 397 792 mihi
429 762 466 792 tc
498 753 768 804 despondisse.
830 754 911 791 HA.
944 751 1116 791 memini.
1176 752 1251 789 Ac.
1280 759 1318 790 et
1350 750 1452 789 dotis
1482 750 1578 800 quid

1342 815 1575 867 promiseris.

423 926 881 962 ANTAMOENIDES
992 923 1404 960 ADELPHASIVM

303 991 731 1027 ANTERAsriLls
826 989 1032 1025 HANNo
1133 989 1579 1025 AGORASTOCLES

302 1079 435 1115 ANTA.
469 1076 507 1114 Si
528 1088 600 1125 ego
629 1075 777 1113 minam
805 1088 887 1113 non
907 1076 1012 1113 ultus
1033 1075 1142 1112 fuero
1162 1073 1285 1124 probe
1305 1085 1425 1122 quam
1446 1071 1579 1110 lenoni
1603 1074 1692 1109 1280

1473 1136 1577 1184 dedi,

304 1216 388 1246 tum
405 1208 581 1258 profecto
602 1220 666 1244 me
687 1205 761 1244 sibi
782 1206 957 1244 habento
978 1217 1130 1243 scurrae
1151 1201 1378 1242 ludificatui.

304 1274 335 1313 is
357 1274 473 1313 etiarn
496 1287 559 1312 me
579 1274 630 1312 ad
651 1272 861 1324 prandium
882 1273 932 1310 ad
953 1285 994 1310 se
1014 1270 1177 1310 abduxit
1197 1269 1498 1320 ignauissumus‚

304 1340 387 1390 ipse
407 1339 502 1378 abiit
524 1341 636 1385 foras,
661 1338 723 1377 me
745 1337 900 1388 reliquit
921 1351 991 1387 pro
1011 1335 1169 1375 atriensi
1189 1335 1229 1373 in
1249 1335 1424 1374 aedibus,

304 1405 372 1444 ubi
393 1419 466 1444 nec
486 1406 577 1444 leno
598 1417 728 1454 neque
744 1403 832 1442 illae
848 1403 1014 1442 redeunt
1030 1414 1103 1440 nec
1120 1401 1229 1452 quod
1244 1400 1350 1439 edim
1366 1399 1579 1451 quicquam

1451 1466 1579 1513 datur,

303 1550 373 1587 pro
394 1535 540 1574 maiore
561 1543 671 1585 parte
692 1534 831 1585 prandi
853 1533 993 1585 pignus
1016 1532 1114 1583 cepi,
1136 1531 1214 1570 abii
1236 1533 1337 1570 foras
1354 1545 1364 1579 3
1604 1533 1688 1579 1285

304 1602 358 1640 sic
379 1602 527 1640 dedero
547 1616 553 1638 z
583 1614 672 1638 aere
693 1599 849 1638 militari
873 1599 1036 1649 tetigero
1057 1599 1325 1637 lenunculum.

304 1674 470 1705 nanctus
487 1674 545 1705 est
566 1666 767 1704 hominem
793 1664 899 1703 mina
920 1678 1038 1714 quem
1059 1662 1208 1713 argenti
1229 1662 1550 1700 circumduceret.

305 1734 375 1772 sed
396 1746 483 1770 mea
502 1732 629 1770 amica
650 1745 756 1770 nunc
779 1731 874 1769 mihi
895 1730 993 1769 irato
1014 1729 1174 1769 obuiam
1196 1728 1328 1767 ueniat
1349 1727 1469 1766 uelim
1486 1740 1493 1762 :

305 1799 382 1837 iarn
404 1800 470 1849 pol
491 1812 563 1848 ego
584 1798 690 1836 illam
712 1797 853 1848 pugnis
875 1804 997 1836 totam
1019 1795 1159 1834 faciam
1181 1795 1237 1833 uti
1259 1794 1307 1833 sit
1329 1794 1510 1841 merfflea,

305 1864 358 1902 ita
379 1863 539 1914 replebo
566 1862 570 1914 Ι
596 1863 761 1909 atritate,
785 1861 934 1900 atritior
959 1862 1084 1899 multo
1106 1868 1147 1898 ut
1168 1859 1240 1898 siet
1601 1868 1692 1904 1290

305 1942 425 1979 quam
446 1927 672 1978 Aegyptini,
694 1927 761 1978 qui
783 1927 974 1966 cortinam
997 1925 1099 1964 ludis
1120 1938 1188 1975 per
1209 1924 1355 1963 circum
1377 1925 1515 1962 ferunt.

303 1996 407 2032 ΑΒΕ.
440 2002 529 2031 tene
560 1993 610 2031 sis
639 2006 702 2031 me
728 2000 820 2039 arte,
851 2005 939 2030 mea
965 1993 1148 2041 uoluptas
1164 2005 1173 2038 3
1212 1991 1314 2028 male
1344 2002 1416 2039 ego
1446 1996 1580 2027 metuo

1425 2054 1577 2100 mssuos,

298 2147 466 2186 1272f0rt.
478 2145 594 2188 (qur).
608 2157 670 2186 qur
733 2146 814 2176 estis
830 2155 970 2175 numero
984 2144 1063 2175 Reiz
1120 2144 1175 2175 hic
1193 2143 1383 2183 exemplum
1396 2141 1430 2172 P
1497 2151 1578 2181 1275

250 2191 422 2222 adfecistis
434 2194 508 2230 post
520 2191 621 2221 tantis
633 2189 665 2219 P
735 2190 818 2228 1276
839 2193 872 2219 et
884 2189 916 2218 A
932 2192 968 2218 ut
978 2188 1039 2219 vid.
1060 2199 1066 2218 :
1091 2188 1124 2218 in
1136 2187 1169 2217 P
1243 2188 1325 2226 1278
1347 2185 1538 2217 memoriam
1550 2185 1583 2215 P

254 2236 332 2265 1281
360 2234 508 2264 habeant
533 2243 692 2264 oscurrae
713 2232 747 2262 P
837 2232 1019 2263 ludificatui
1046 2235 1081 2262 ut
1100 2231 1163 2262 vid.
1183 2231 1241 2262 A:
1276 2230 1421 2260 ludificis
1445 2229 1521 2260 catii
1544 2232 1580 2258 ut

250 2278 312 2309 vid.
334 2277 368 2307 Ρ
500 2279 581 2307 1282
608 2278 638 2317 in
655 2287 686 2316 p.
705 2276 738 2306 A
831 2276 972 2306 abduxit
986 2275 1046 2313 (Bi
1067 2275 1116 2305 vel
1129 2275 1270 2305 adduxit
1285 2273 1389 2312 (PCD)
1404 2272 1443 2311 P,
1457 2272 1488 2302 A
1507 2283 1537 2302 n.
1555 2272 1574 2303 I.

254 2323 335 2360 1283
352 2321 440 2360 abeit
456 2320 489 2350 A
595 2321 676 2359 1285
700 2320 841 2359 prande}
859 2319 890 2349 A
994 2319 1075 2349 1286
1099 2318 1194 2359 aere]
1213 2328 1232 2348 e
1252 2317 1349 2351 (veli)
1363 2316 1396 2346 A
1415 2328 1422 2347 ε
1450 2327 1469 2346 e
1486 2314 1574 2346 codd.

251 2365 414 2395 Prisciani
427 2375 453 2401 1,
469 2374 530 2402 109
545 2375 551 2394 ε
578 2374 596 2394 e
614 2374 649 2393 re
667 2363 801 2403 Seyffirt
920 2363 1000 2401 1287
1025 2372 1090 2401 que
1108 2361 1141 2391 P
1254 2370 1337 2400 1290
1359 2360 1441 2400 repl.
1461 2356 1579 2400 (earn)

250 2408 383 2447 Benthv
481 2408 612 2448 atritior
627 2406 685 2437 A:
709 2407 813 2437 atrior
829 2405 882 2437 P:
905 2406 942 2445 cf
969 2405 1100 2436 Paulus
1126 2405 1167 2435 28
1190 2404 1327 2435 ‘atritas
1348 2403 1420 2443 (leg.
1444 2403 1578 2441 atritus)

250 2450 311 2482 atri
337 2451 479 2481 coloris’
620 2459 698 2489 1291
724 2449 931 2490 Aegyptini]
951 2449 1078 2488 aegipti
1097 2453 1153 2479 aut
1166 2447 1199 2478 P
1285 2447 1416 2477 suerunt
1433 2445 1465 2476 P

956 2517 978 2527 l
