1783 2707
162 136 215 173 II.

175 512 214 553 65

182 846 219 879 70

183 1235 220 1268 75

182 1559 226 1590 80

236 134 266 171 ii
653 134 698 170 T.
733 132 912 171 MACCI
944 132 1148 169 PLAVTI

236 246 289 284 ait
309 246 417 284 illum
440 247 515 284 hoc
536 252 651 295 pacto
672 244 745 282 sibi
766 243 908 282 dixisse
929 250 1180 280 mortuom—

235 312 314 348 TH.
348 310 386 348 in
408 310 585 348 somnis?
628 311 704 346 TR.
738 308 878 346 mirum
900 307 995 357 quin
1016 305 1190 356 uigilanti
1213 304 1370 351 diceret,

236 375 302 426 qui
323 375 467 413 abhinc
489 373 686 423 sexaginta
707 373 819 411 annis
840 371 992 410 occisus
1014 372 1123 409 foret.

236 441 432 479 interdum
454 439 585 489 inepte
607 440 747 477 stultus
769 452 810 476 es
869 452 886 472 a<
947 450 964 470 21<
1025 450 1042 469 »κ
1103 449 1121 469 *

237 509 314 545 ΤΗ.
348 514 469 544 taceo.
529 507 605 542 TR.
638 505 707 542 sed
729 517 820 542 ecce
841 517 942 552 quae
963 502 1016 540 illi
1037 502 1076 539 in
1136 514 1153 534 *
1213 514 1231 535 21<

239 575 334 621 ‘ego
355 570 634 609 transmarinus
656 571 800 618 hospes
822 582 908 605 sum
932 566 1180 617 Diapontius.

237 637 300 674 hic
322 636 468 682 habito,
492 634 590 672 haec
613 633 708 671 mihi
731 633 865 671 dedita
885 640 943 670 est
964 631 1165 669 habitatio.

237 715 327 740 nam
351 715 413 739 me
433 701 726 738 Accheruntem
749 697 919 747 recipere
941 698 1066 735 Orcus
1087 695 1224 742 noluit,

238 766 329 816 quia
350 773 593 815 praemature
615 764 695 801 uita
717 776 840 801 careo.
901 775 968 812 per
990 762 1109 799 fidem

239 833 428 881 deceptus
450 843 534 868 sum
554 844 560 867 z
591 830 735 877 hospes
759 840 820 865 me
842 826 905 864 hic
926 825 1082 864 necauit
1103 825 1214 874 isque
1235 838 1298 862 me

240 895 390 934 defodit
411 894 650 944 insepultum
672 893 772 930 clam
796 888 983 943 [ibidem]
1005 890 1044 927 in
1065 890 1172 927 hisce
1192 888 1369 935 aedibus,

240 963 437 1007 scelestus,
460 959 542 998 auri
563 971 711 996 caussa.
772 970 877 994 nunc
899 964 939 994 tu
961 955 1052 993 hinc
1074 955 1228 1004 emigra.

241 1028 452 1066 †scelestae
473 1026 571 1064 hae†
593 1032 682 1062 sunt
703 1024 832 1069 aedes,
857 1021 963 1071 inpia
983 1028 1040 1059 est
1061 1019 1276 1058 habitatio.'

241 1105 341 1142 quae
362 1091 425 1129 hic
446 1098 621 1129 monstra
641 1090 739 1126 fiunt
760 1100 865 1126 anno
886 1086 950 1124 uix
970 1099 1131 1136 possum
1153 1083 1294 1134 eloqui.

241 1160 319 1195 ΤΗ.
352 1165 396 1204 st,
420 1160 476 1194 st!

241 1225 316 1261 ΤΚ.
350 1222 458 1272 quid,
472 1234 636 1271 opsecro
658 1221 800 1266 hercle,
815 1219 961 1256 factum
984 1218 1070 1255 est?
1108 1217 1187 1253 TH.
1215 1213 1444 1264 concrepuit
1464 1212 1566 1251 foris.

241 1290 317 1326 TR.
350 1287 456 1325 hicin
477 1285 666 1336 percussit
684 1288 690 1323 1
732 1286 812 1322 TH.
843 1291 993 1333 guttam
1014 1282 1121 1319 haud
1142 1280 1271 1318 habeo
1292 1278 1502 1329 sanguinis,

242 1353 377 1391 uiuom
399 1366 462 1391 me
482 1358 687 1390 accersunt
710 1350 1003 1388 Accheruntem
1025 1344 1178 1384 mortui.

242 1421 319 1457 TR.
350 1418 444 1468 perii
464 1421 469 1455 l
500 1417 621 1455 illisce
642 1415 762 1454 hodie
783 1415 885 1452 hanc
907 1411 1200 1451 conturbabunt
1220 1410 1404 1448 fabulam.

244 1484 350 1522 nimi'
372 1497 490 1533 quam
511 1481 681 1520 formido
701 1494 751 1518 ne
773 1480 996 1517 manufesto
1016 1477 1080 1515 hic
1102 1490 1164 1514 me
1185 1475 1390 1525 opprimat.

244 1551 322 1586 TH.
356 1548 451 1598 quid
472 1555 555 1585 tute
575 1555 706 1585 tecum
727 1545 918 1594 loquere?
960 1545 1037 1580 TR.
1069 1542 1238 1591 apscede
1258 1540 1308 1578 ab
1328 1539 1454 1577 ianua.

243 1616 343 1663 fuge,
366 1626 530 1664 opsecro
551 1613 691 1650 hercle.
751 1612 830 1648 TH.
863 1623 943 1659 quo
964 1607 1138 1658 fugiam?
1167 1605 1284 1644 etiam
1305 1613 1347 1643 tu
1368 1606 1465 1654 fuge.

242 1681 316 1717 TR.
350 1678 446 1716 nihil
467 1692 539 1728 ego
560 1676 741 1723 formido,
764 1689 839 1725 pax
861 1674 957 1713 mihi
978 1681 1036 1712 est
1056 1685 1145 1710 cum
1168 1670 1341 1708 mortuis.

244 1746 369 1782 INTvs
399 1746 507 1790 heus,
530 1742 677 1781 Tranio
695 1745 701 1780 ἔ
745 1744 779 1779 T
785 1754 821 1779 R.
854 1754 935 1779 non
956 1753 1019 1777 me
1038 1737 1254 1787 appellabis
1276 1736 1306 1774 si
1328 1735 1440 1786 sapis.

242 1809 338 1847 nihil
359 1823 432 1859 ego
452 1807 669 1847 commerui
690 1820 820 1857 neque
840 1806 932 1844 istas
954 1804 1125 1855 percussi
1146 1804 1257 1841 fores.

286 1924 350 1953 493
374 1915 452 1953 quin
467 1913 623 1953 Pylades:
643 1914 699 1953 qui
714 1913 779 1944 cod.
879 1913 943 1951 496
960 1911 1014 1941 ille
1027 1910 1134 1949 inquit
1145 1908 1188 1939 Β2
1287 1907 1396 1946 495—6
1412 1905 1568 1936 lacunam

243 1959 275 1988 in
300 1958 354 1988 ΡΑ
379 1959 431 1998 (cs.
458 1969 507 1989 vv.
527 1958 651 1997 517-8)
676 1958 720 1987 sic
742 1956 874 1997 explevit
897 1955 1031 1993 Sclzoell,
1061 1953 1155 1995 (4955
1181 1950 1453 1990 Theopropides,
1472 1950 1567 1989 (496)

243 2003 371 2033 somnis
389 2007 538 2032 mortuos
694 2002 758 2040 498
783 2000 902 2030 habeto
922 1999 996 2029 ΡΠ)
1016 1999 1086 2038 (pro
1104 1996 1246 2035 habeo2)
1357 1994 1470 2025 dedita
1487 1994 1568 2023 haec

245 2046 325 2076 mihi
350 2052 400 2077 est
424 2046 537 2085 Bothe,
563 2047 616 2076 cui
635 2046 743 2076 hiatus
765 2045 798 2074 in
820 2050 928 2084 pausa
949 2043 1087 2081 displicet
1232 2049 1295 2077 499
1319 2048 1394 2068 nam
1420 2038 1474 2067 ine
1497 2036 1568 2066 ΡΟ)

244 2091 367 2120 orchus
384 2089 449 2121 cod.
570 2100 635 2128 500
659 2090 762 2119 hareo
778 2087 843 2118 cod.
867 2088 944 2127 (pro
965 2086 1105 2116 KAm-:ol
1127 2084 1219 2123 (corr.
1240 2081 1303 2122 B2)
1428 2090 1487 2119 501
1515 2081 1567 2110 hic

244 2145 297 2164 me
315 2133 403 2164 cod.:
428 2137 550 2174 transp.
574 2132 706 2163 Gnatus
838 2140 901 2168 502
927 2131 1051 2160 ibidem
1069 2128 1125 2159 del.
1145 2127 1273 2165 Bentley
1404 2134 1467 2164 504
1482 2123 1563 2163 sort.

242 2179 405 2208 scelestae
422 2182 500 2208 sunt
519 2182 596 2208 (om.
617 2178 694 2209 hae)
765 2175 865 2214 impla
883 2173 947 2204 cod.
1060 2182 1122 2211 505
1148 2171 1292 2201 monitra
1310 2168 1373 2200 cod.
1395 2172 1486 2207 (corr.
1506 2166 1567 2203 132)

242 2222 305 2260 506
329 2226 359 2251 st
377 2226 406 2251 st
426 2220 606 2251 Gruterus:
631 2224 719 2250 setet
739 2220 849 2259 (sedet
870 2217 961 2247 Pet).
981 2215 1045 2246 cod.
1075 2216 1110 2246 (i.
1128 2216 1158 2253 8,
1178 2225 1209 2253 p.
1231 2213 1286 2252 27)
1413 2210 1574 2242 Tranioni

241 2265 412 2295 continuat
425 2265 490 2295 cod.
649 2273 712 2302 507
738 2262 821 2302 Ta]
840 2261 888 2291 vel
904 2260 968 2291 Tu.
1061 2258 1144 2299 Tu]
1169 2257 1219 2288 vel
1239 2257 1301 2287 ΤΒ.
1394 2256 1486 2286 sores
1500 2252 1566 2284 cod.

244 2310 335 2346 (corr.
352 2307 413 2347 32)
516 2308 580 2347 508
604 2307 666 2338 Ta.
684 2310 686 2331 l
701 2306 750 2336 vel
761 2305 862 2335 INTvs
932 2304 1041 2334 hicine
1056 2302 1121 2333 cod.
1227 2311 1291 2339 509
1315 2299 1356 2329 ad
1371 2299 1567 2329 cheruntem

246 2353 301 2391 (ad
320 2353 537 2382 acheruntem
555 2351 600 2390 R)
619 2350 684 2381 cod.
806 2358 869 2387 510
895 2348 978 2386 perii
997 2346 1100 2386 (peri)
1119 2344 1193 2376 Ital.
1212 2355 1219 2375 t
1245 2354 1305 2383 per
1322 2342 1386 2373 cod.
1505 2350 1565 2379 511

243 2395 435 2434 opprimant
452 2395 524 2425 pcD
629 2403 692 2432 5¹2
718 2397 789 2423 tute
807 2397 915 2422 tecum
936 2390 1064 2420 Merula
1080 2401 1087 2419 ι
1112 2393 1144 2418 te
1162 2392 1195 2417 tu
1214 2397 1288 2417 cum
1307 2385 1371 2416 cod.
1392 2388 1442 2424 (tu
1459 2389 1569 2414 tecum

242 2438 300 2480 ΒΞ)
322 2440 372 2480 (cs.
394 2439 470 2478 551)
565 2447 626 2476 513
652 2446 736 2476 quor
751 2435 854 2465 Bothe
920 2434 1018 2472 suges
1033 2432 1098 2463 cod.
1196 2432 1259 2469 516
1274 2428 1486 2469 quommerui
1500 2427 1566 2457 cod.

980 2523 1002 2534 l

1584 445 1649 481 495

1588 768 1655 805 500

1591 1091 1655 1128 505

1590 1417 1657 1453 510

1590 1742 1653 1778 5¹5
