1783 2707
178 161 254 198 ΙΙΙ.

213 612 254 642 30

214 998 252 1030 35

212 1327 253 1357 40

201 1814 246 1850 iv

273 160 319 197 iii
697 161 743 197 T.
777 159 957 198 MACCI
989 159 1192 196 PLAVTI

272 273 348 309 ΤΚ.
381 285 442 318 ne,
474 270 647 322 inquam,
685 270 843 317 timete;
886 269 1054 308 adsidite
1087 269 1152 307 hic
1186 268 1225 307 in
1259 283 1334 308 ara.
1393 271 1475 308 AM.
1507 268 1604 319 quid

1401 334 1520 372 istaec
1539 347 1605 372 ara

273 402 460 451 prodesse
481 400 596 439 nobis
616 398 739 451 (plus)
758 406 887 450 potest
908 412 1027 448 quam
1049 397 1203 448 signum
1225 398 1264 436 in
1285 400 1377 436 fano
1396 398 1461 436 hic
1480 398 1585 436 intus

272 466 449 512 Veneris,
492 466 601 515 quod
639 466 843 515 amplexae
882 465 1014 511 modo,
1052 465 1159 502 unde
1197 463 1382 514 abreptae
1421 477 1489 514 per
1522 463 1603 501 uim
1622 469 1691 512 690

699 537 703 540 ’
1412 527 1604 567 miserae?

273 597 349 634 TR.
382 596 516 634 sedete
546 595 610 634 hic
638 596 773 642 modo,
794 608 867 645 ego
894 594 987 632 hinc
1014 607 1085 632 uos
1113 600 1245 633 tamen
1273 594 1439 632 tutabor.
1498 607 1605 632 aram

1340 659 1482 698 habete
1502 659 1605 698 hanc

273 726 387 765 uobis
409 740 478 777 pro
500 725 645 773 castris,
670 725 828 764 moenia
849 724 941 763 hinc
963 738 1035 775 ego
1056 738 1128 763 uos
1149 725 1366 764 defensabo
1381 739 1391 772 ,-

272 791 468 842 praesidio
490 790 655 830 Veneris
676 790 848 828 malitiae
869 790 1023 828 lenonis
1044 798 1181 828 contra
1200 790 1392 829 incedam.

274 858 342 894 PA.
375 856 446 894 tibi
465 857 732 894 auscultamus
755 863 803 902 et,
826 857 964 893 Venus
985 856 1098 902 alma,
1121 855 1261 893 ambae
1281 862 1318 893 te
1339 867 1601 905 opsecramus,

272 935 378 959 aram
399 923 667 971 amplexantes
690 922 791 958 hanc
813 927 921 958 tuam
942 921 1215 968 lacrumantes‚
1237 920 1402 970 genibus
1423 919 1546 968 nixae,
1622 924 1688 971 695

272 987 310 1025 in
333 989 578 1026 custodelam
600 1000 672 1025 nos
693 994 801 1024 tuam
823 994 866 1024 ut
886 985 1051 1036 recipias
1072 994 1110 1025 et
1130 993 1281 1034 tutere3

271 1052 358 1091 illos
380 1054 565 1091 scelestos
586 1051 654 1102 qui
675 1059 785 1089 tuom
807 1052 984 1090 fecerunt
1005 1053 1140 1089 fanum
1160 1050 1270 1101 parui

271 1118 332 1155 fac
353 1124 394 1155 ut
415 1116 603 1155 ulciscare
624 1129 776 1166 nosque
797 1123 840 1154 ut
861 1117 964 1154 hanc
985 1123 1052 1154 tua
1072 1116 1168 1166 pace
1189 1130 1294 1154 aram
1316 1116 1497 1166 opsidere

272 1182 418 1233 patiare
435 1197 442 1220 ι
472 1184 600 1220 lautae
621 1182 762 1220 ambae
783 1194 920 1220 sumus
941 1194 1061 1231 opera
1082 1181 1259 1231 Neptuni
1279 1189 1411 1229 noctu,

272 1262 323 1287 ne
343 1247 549 1298 indignum
571 1247 610 1286 id
632 1247 779 1285 habeas
801 1260 904 1285 neue
925 1246 1073 1285 idcirco
1093 1246 1209 1284 nobis
1229 1246 1326 1284 uitio
1347 1254 1487 1294 uortas‚
1622 1258 1691 1294 700

272 1313 303 1350 si
324 1313 564 1364 quippiamst
585 1312 705 1350 minu'
728 1313 837 1362 quod
858 1312 961 1350 bene
983 1324 1068 1349 esse
1087 1312 1238 1349 lautum
1259 1318 1300 1348 tu
1321 1311 1515 1349 arbitrare.

271 1378 347 1415 TR.
379 1379 527 1425 Venus,
550 1391 722 1428 aequom
744 1378 814 1415 has
845 1384 979 1428 petere
1009 1375 1218 1426 intellego:
1254 1377 1368 1416 decet
1395 1390 1466 1426 aps
1495 1383 1534 1415 te
1562 1375 1604 1415 id

1379 1440 1577 1492 impetrari
1594 1456 1605 1491 5

270 1507 472 1558 ignoscere
493 1508 552 1546 his
574 1515 612 1547 te
634 1507 822 1547 conuenit
839 1522 846 1546 :
878 1514 1006 1546 metus
1027 1508 1098 1546 has
1119 1506 1160 1546 id
1180 1514 1223 1545 ut
1244 1506 1389 1546 faciant
1409 1505 1564 1557 subigit.

268 1579 305 1610 te
329 1585 376 1610 ex
396 1572 551 1610 concha
570 1579 704 1610 natam
726 1585 811 1610 esse
831 1578 1052 1619 autumant,
1074 1584 1171 1609 caue
1198 1578 1239 1609 tu
1266 1571 1404 1609 harum
1432 1571 1604 1609 conchas

926 1638 931 1643 '
1429 1648 1600 1686 spernas.

268 1702 339 1740 sed
360 1709 522 1751 optume
543 1715 683 1741 eccum
703 1703 784 1741 exit
803 1715 922 1740 senex
941 1709 1130 1753 patronus
1151 1701 1327 1751 mihique
1348 1708 1386 1740 et
1406 1700 1531 1739 uobis.
1621 1711 1688 1749 705

267 1814 584 1851 DAEMoNEs
652 1814 995 1852 TRACHALIO
1066 1814 1296 1851 LABRAX
1364 1813 1599 1851 LORARII

272 1895 349 1934 DA.
372 1894 445 1932 Exi
458 1908 479 1933 e
495 1897 597 1942 fano,
617 1903 754 1933 natum
771 1903 965 1946 quantum
982 1903 1040 1934 est
1055 1894 1265 1933 hominum
1279 1893 1598 1944 sacrilegissume.

272 1972 343 1998 uos
358 1959 396 1996 in
412 1973 519 1997 aram
534 1960 640 1998 abite
656 1973 817 1998 sessum.
861 1961 931 1998 sed
947 1959 1015 1998 ubi
1032 1967 1122 1998 sunt
1137 1961 1154 1997 ?
1193 1962 1267 1997 TR.
1290 1960 1369 1998 huc
1385 1959 1546 2010 respice.

313 2063 378 2092 688
401 2063 556 2093 adsidete
582 2063 648 2095 cod.
739 2064 806 2104 689
830 2064 906 2103 plus
923 2064 1027 2104 suppl.
1050 2064 1263 2095 Camerarzus
1349 2065 1416 2103 690
1439 2064 1601 2104 abreptae

270 2104 400 2135 Merula
418 2118 425 2135 ι
448 2111 605 2145 arreptae
630 2105 694 2138 cod.
830 2109 893 2146 692
920 2107 1036 2138 accedit
1054 2108 1087 2137 A
1104 2119 1111 2145 ;
1136 2119 1239 2148 usque
1261 2108 1309 2139 ad
1322 2118 1383 2147 727
1399 2108 1601 2148 paucissima

268 2153 395 2180 servata
484 2153 548 2188 692
573 2148 711 2193 (haec),
728 2150 807 2180 hinc
826 2149 1016 2181 Lambinus
1102 2151 1270 2191 hincsort.
1290 2163 1355 2182 om.
1368 2151 1401 2181 A
1536 2153 1601 2191 696

269 2193 455 2224 custodiam
472 2193 512 2229 P,
530 2193 563 2222 A
583 2205 613 2224 n.
633 2194 652 2224 l.
676 2195 726 2233 rcf.
746 2194 793 2223 ad
806 2193 901 2224 Mera
917 2195 994 2233 233)
1139 2197 1201 2235 697
1228 2196 1285 2235 illo
1299 2195 1349 2225 vel
1361 2206 1418 2235 eos
1433 2198 1471 2225 ut
1485 2194 1547 2225 vtd.
1564 2194 1597 2224 A

267 2237 332 2276 698
355 2247 428 2276 sqq.
454 2237 545 2267 initia
564 2237 716 2267 mutilata
733 2238 765 2266 in
779 2236 812 2266 P
826 2238 876 2276 (cf.
894 2237 941 2267 ad
953 2238 1017 2276 648
1040 2239 1129 2278 sqq.)
1220 2240 1284 2278 698
1309 2240 1360 2278 fac
1380 2244 1416 2278 ut
1438 2239 1599 2269 ulciscare

267 2280 300 2310 A
315 2291 321 2310 :
348 2290 457 2310 -scare
474 2279 508 2310 P
636 2281 701 2319 699
725 2280 1032 2320 pot(iaresslau—A
1052 2293 1058 2310 :
1083 2300 1122 2305 --
1139 2285 1195 2312 aut
1206 2292 1246 2312 ae
1257 2281 1291 2311 P
1377 2282 1540 2321 neptunei
1555 2281 1595 2321 P,

266 2328 301 2359 A
320 2339 353 2360 n.
372 2329 390 2359 l.
543 2339 607 2368 700
630 2339 712 2368 ne—
726 2325 783 2361 'Az
811 2328 990 2369 Indignum
1007 2329 1041 2360 P
1186 2340 1245 2369 701
1272 2330 1400 2361 lautum
1424 2335 1459 2360 tu
1484 2330 1596 2361 Came-

267 2373 402 2457 νὲιξνιὲιιῗ
425 2372 517 2403 lautu
533 2372 574 2411 P,
593 2371 628 2402 A
645 2383 678 2403 n.
699 2372 718 2402 l.
814 2382 876 2412 702
900 2372 1016 2404 Venus
1031 2371 1161 2405 Schoell
1173 2384 1181 2403 ε
1205 2378 1284 2413 ῃζ-
1306 2374 1400 2414 (sort.
1422 2373 1522 2414 ue—)
1539 2373 1573 2404 A
1588 2385 1597 2404 τ

266 2426 283 2445 s
305 2427 325 2446 α
341 2439 348 2447 .

953 2528 976 2538 l
