1783 2707
188 129 240 167 II.

204 521 244 542 20

206 977 246 1009 25

204 1368 245 1396 30

206 1761 247 1793 35

266 129 279 167 i
674 132 720 168 T.
754 130 935 170 MACCI
967 131 1169 168 PLAVTI

317 242 578 280 harundinem
601 244 671 280 fert
694 243 989 292 sportulamque
1011 250 1048 280 et
1069 243 1273 280 hamulum
1294 242 1513 292 piscarium.

318 308 374 343 Pi.
409 308 478 345 sed
512 309 684 354 tandem,
717 307 867 358 opinor,
899 307 1080 357 aequiust
1114 320 1220 345 eram
1254 306 1350 345 mihi
1385 320 1469 345 esse
1503 321 1588 357 sup-
1608 322 1677 358 290

1447 371 1588 421 plicem

316 446 434 487 atque
451 447 623 476 oratores
642 438 793 476 mittere
809 440 859 475 ad
878 452 940 476 me
961 439 1147 487 donaque
1161 450 1207 475 ex
1221 450 1318 475 auro
1331 445 1369 475 ct
1384 435 1590 487 quadrigas

372 503 438 553 qui
470 504 599 551 uehar,
633 517 722 541 nam
754 503 922 552 pedibus
954 502 1007 541 ire
1037 516 1118 541 non
1148 516 1263 552 queo.
1322 515 1413 551 ergo
1439 505 1589 542 †nam†

1406 575 1587 606 reuortar.

372 635 421 672 ad
445 648 506 672 me
527 634 624 672 adiri
645 642 683 672 et
704 634 913 685 supplicari
935 641 1091 684 egomet
1113 632 1208 671 mihi
1229 646 1399 683 aequom
1420 645 1575 672 censeo.

319 713 367 736 an
389 713 482 737 uero
504 713 625 749 nugas
644 713 817 747 censeaS‚
842 699 938 736 nihil
959 712 1043 737 esse
1064 700 1172 749 quod
1193 712 1265 749 ego
1286 712 1391 737 nunc
1412 698 1526 738 scio?

319 772 470 803 tantum
504 779 527 803 a
561 773 675 815 portu
709 766 878 815 adporto
913 766 1074 813 bonum,
1109 774 1187 804 tam
1222 764 1409 816 gaudium
1443 766 1590 816 grande
1610 780 1675 818 295

1442 831 1587 878 adfero,

322 895 385 933 uix
406 895 490 946 ipsa
510 895 673 934 domina
694 897 781 944 hoc,
804 896 877 935 nisi
901 896 1006 944 sciat,
1031 904 1214 947 exoptare
1235 896 1285 935 ab
1307 895 1366 935 dis
1386 897 1539 935 audeat.

322 974 427 999 nunc
456 962 556 999 ultro
586 960 626 1000 id
657 962 892 1012 deportem?
929 962 1006 1000 hau
1036 963 1163 1012 placet
1191 974 1320 1012 neque
1347 961 1387 999 id
1414 961 1485 999 uiri
1512 961 1592 1000 offi-

1289 1025 1394 1065 cium
1414 1025 1587 1065 arbitror.

320 1091 374 1130 sie
395 1093 471 1130 hoc
492 1091 647 1131 uidetur
668 1091 764 1130 mihi
785 1092 908 1143 magis
929 1105 1020 1132 meo
1040 1091 1254 1131 conuenire
1274 1091 1366 1130 huic
1388 1091 1552 1131 nuntios

317 1158 530 1197 aduorsum
551 1157 693 1206 ueniat,
718 1166 896 1209 opsecret
917 1172 958 1198 se
979 1166 1020 1197 ut
1041 1158 1182 1197 nuntio
1202 1159 1278 1196 hoe
1300 1156 1518 1208 impertiam
1534 1171 1545 1206 3

424 1224 617 1262 secundas
638 1224 813 1262 fortunas
833 1224 976 1262 decent
997 1222 1212 1274 superbiae.
1607 1235 1676 1271 300

318 1289 387 1327 sed
410 1289 569 1327 tandem
586 1302 707 1339 quom
725 1288 907 1339 recogito,
927 1288 993 1339 qui
1014 1288 1142 1338 potuit
1163 1287 1259 1327 scire
1276 1289 1373 1327 haec
1389 1288 1487 1327 scire
1504 1289 1590 1328 me?

372 1366 452 1392 non
488 1353 593 1393 enim
629 1367 789 1404 possum
826 1353 921 1404 quin
960 1361 1144 1401 reuortar,
1181 1352 1276 1404 quin
1311 1355 1458 1403 loquar,
1496 1354 1591 1404 quin

1362 1418 1590 1458 edissertem

318 1497 503 1535 eramque
523 1498 570 1524 ex
592 1498 765 1524 maerore
787 1484 965 1532 eximam,
991 1485 1093 1523 bene
1114 1485 1216 1523 facta
1236 1484 1428 1523 maiorum
1457 1498 1590 1523 meum

318 1563 530 1600 exaugeam
544 1557 663 1600 atque
679 1549 785 1588 illam
799 1563 964 1600 augeam
985 1549 1194 1600 insperato,
1210 1557 1435 1600 opportuno
1450 1551 1589 1590 modo:

319 1616 563 1654 contundam
585 1616 687 1654 facta
703 1615 893 1654 Talthubi
910 1623 1245 1666 contemnamque
1261 1615 1390 1654 omnis
1407 1615 1566 1656 nuntios
1582 1631 1592 1665 3
1611 1628 1676 1665 305

320 1680 515 1731 simulque
535 1681 587 1719 ad
607 1694 806 1719 cursuram
828 1680 1050 1720 meditabor
1070 1694 1133 1719 me
1153 1681 1204 1720 ad
1224 1681 1339 1720 ludos
1361 1681 1578 1733 Olympios.

321 1747 390 1785 sed
420 1745 589 1797 spatium
619 1747 695 1785 hoc
725 1745 893 1786 occidit:
934 1747 1091 1786 breuest
1120 1745 1312 1785 curriculo
1327 1762 1338 1795 3
1375 1760 1495 1798 quam
1529 1757 1592 1787 me

1392 1812 1565 1864 paenitet
1584 1816 1591 1852 Ξ

318 1876 414 1928 quid
436 1877 541 1916 hoe?
570 1878 770 1916 occlusam
791 1877 948 1918 ianuam
970 1877 1100 1918 uideo.
1150 1878 1217 1918 ibo
1233 1885 1271 1917 et
1291 1878 1455 1928 pultabo
1475 1880 1587 1918 fores.

263 1942 411 1994 aperite
430 1949 548 1993 atque
568 1943 839 1994 adproperate,
863 1945 964 1982 sores
991 1942 1106 1982 facite
1127 1951 1168 1982 ut
1195 1950 1368 1994 pateant,
1389 1951 1589 1982 remouete

1415 2021 1564 2048 moram
1579 2022 1590 2057 3

310 2114 374 2153 289
397 2113 531 2144 hamum
550 2113 582 2143 A
597 2113 668 2144 PCD
757 2124 820 2154 290
845 2114 899 2145 vix
915 2114 1017 2154 opino
1109 2123 1169 2152 291
1197 2114 1386 2153 donamque
1404 2112 1437 2143 A
1528 2123 1590 2153 292

265 2165 347 2197 ergo
364 2158 428 2188 iarn
445 2157 518 2188 Ital.
536 2168 543 2188 ε
557 2158 639 2197 fort.
666 2167 770 2197 ergon
795 2157 861 2188 iam
888 2156 1140 2199 (inlerrogalive)
1162 2157 1212 2188 vel
1233 2167 1314 2196 ergo
1331 2167 1409 2187 num
1428 2157 1518 2196 (nam
1539 2157 1590 2195 A)

266 2211 330 2241 293
354 2211 406 2231 me
430 2201 522 2232 adire
547 2201 580 2231 A
596 2212 602 2232 ε
628 2212 681 2232 me
707 2202 746 2232 iri
763 2200 797 2231 P
811 2201 892 2241 (pro
908 2202 982 2232 med
1009 2201 1049 2231 iri
1065 2202 1089 2240 2)
1194 2201 1383 2241 supplicare
1402 2200 1466 2238 (vel
1480 2201 1538 2241 -ri)
1555 2200 1588 2230 A

266 2244 315 2276 vel
329 2245 372 2275 mi
471 2255 596 2276 censeo
615 2255 732 2276 aecum
758 2244 792 2275 P
942 2255 1005 2284 295
1028 2255 1047 2275 a
1066 2255 1132 2276 om.
1156 2244 1189 2275 P
1285 2244 1401 2275 adsero
1418 2245 1544 2284 grande
1563 2244 1594 2274 P

266 2290 329 2327 296
353 2289 425 2319 nesi
443 2299 488 2320 sc.
508 2289 540 2319 B
560 2289 689 2328 ,forma
706 2288 857 2329 antiqua)
877 2299 884 2319 ε
908 2288 1030 2329 ῃίεςίειξ
1047 2289 1113 2327 (-at
1125 2288 1149 2326 2)
1167 2287 1200 2317 A
1292 2288 1360 2319 dist
1376 2287 1410 2318 Ρ
1527 2298 1589 2327 297

267 2331 317 2372 id]
341 2333 405 2364 hoc
422 2332 455 2363 P
541 2331 622 2374 uiri]
640 2343 722 2363 uero
738 2332 772 2362 P
856 2333 920 2372 298
943 2332 1008 2374 sic]
1026 2332 1080 2363 hic
1097 2331 1130 2362 P
1213 2330 1307 2373 huic]
1327 2332 1391 2362 huc
1409 2331 1442 2362 Ρ
1525 2341 1590 2371 299

266 2377 400 2417 ueniat]
419 2381 456 2408 ut
472 2376 587 2409 ueniat
602 2376 635 2407 P
763 2386 826 2415 302
851 2376 906 2416 qui
924 2386 976 2407 me
998 2376 1152 2407 disserte
1169 2374 1202 2406 Ρ
1328 2385 1392 2414 304
1415 2385 1457 2405 ex
1478 2375 1590 2415 inspe-

267 2425 338 2451 rato
355 2421 387 2451 P
473 2419 589 2460 modo]
608 2421 707 2451 domo
723 2419 755 2450 A
772 2431 778 2450 :
801 2419 888 2451 bono
904 2419 1099 2451 Gulielmius
1116 2419 1167 2459 (cf
1182 2420 1246 2458 338
1262 2418 1350 2449 domi
1364 2424 1426 2459 pro
1442 2418 1520 2449 boni
1536 2417 1569 2448 A
1576 2419 1588 2459 )

266 2466 332 2504 306
354 2464 405 2495 vel
416 2465 510 2496 troclae.
530 2469 685 2505 septenar.
777 2464 818 2494 ad
832 2467 860 2495 et
876 2474 927 2495 me
943 2463 1000 2495 dcl.
1021 2463 1148 2495 Ritsclzl
1233 2462 1389 2502 olimpiae
1405 2462 1438 2493 Ρ
