1783 2707
174 136 203 173 Ι.
226 135 271 171 iii
651 132 695 168 T.
732 129 911 168 MACCI
943 128 1147 165 PLAVTI

168 258 209 287 80
230 247 299 283 ΒΑ.
332 258 412 284 non
434 251 491 282 est
512 243 635 282 iustus
657 241 866 291 quisquam
882 246 1033 278 amator
1049 237 1123 276 nisi
1139 237 1206 288 qui
1226 244 1431 288 perpetuat
1446 238 1538 277 data
1546 252 1556 285 5

229 312 307 357 det,
331 311 397 348 det
418 322 543 358 usque
561 323 567 346 :
598 308 759 357 quando
780 305 834 343 nil
855 304 913 351 sit,
937 303 1052 342 simul
1073 316 1203 341 amare
1225 302 1388 341 desinat.

230 377 344 416 CAH.
369 374 475 413 nilne
496 381 533 412 te
555 371 740 411 miseret?
788 373 859 408 ΒΑ.
886 368 1013 407 inanis
1034 368 1152 415 cedis,
1176 367 1281 407 dicta
1300 381 1381 405 non
1402 374 1554 405 sonant.

228 449 346 492 atque
376 453 449 491 ego
479 448 516 478 te
546 439 681 477 uiuom
713 438 945 485 saluomque
976 435 1130 473 uellem.
1191 435 1252 471 Ps.
1286 433 1361 471 eho
1395 446 1444 470 an
1480 431 1557 470 iam

1337 499 1559 537 mortuost?

233 576 303 612 BA.
335 580 421 611 utut
434 578 505 619 est,
519 569 614 608 mihi
632 569 794 619 quidem
811 568 987 618 profecto
1004 579 1094 604 cum
1109 564 1194 604 istis
1209 563 1325 604 dictis
1339 570 1534 603 mortuost
1551 579 1557 602 :
1577 574 1648 610 310

169 648 209 688 85
231 639 321 691 ilico
342 637 437 676 uixit
458 643 619 682 amator,
643 634 711 673 ubi
732 632 865 672 lenoni
887 631 1092 682 supplicat.

231 717 385 755 semper
406 711 446 741 tu
467 702 518 740 ad
540 714 603 739 me
624 714 714 739 cum
735 706 935 749 argentata
955 697 1135 736 accedito
1158 695 1428 747 querimonia;

231 783 322 808 nam
345 769 443 827 istuc
464 767 573 817 quod
595 779 700 804 nunc
721 767 946 810 lamentare,
970 776 1051 801 non
1073 764 1157 801 esse
1178 769 1382 812 argentum
1403 759 1486 807 tibi,

230 835 337 885 apud
372 845 585 872 nouercam
620 844 792 881 querere.
854 831 915 867 Ps.
949 829 1026 867 eho
1060 841 1109 866 an
1145 840 1334 877 umquam
1369 833 1409 864 tu
1444 825 1560 863 huius

1245 890 1411 942 nupsisti
1433 889 1561 941 patri?

233 967 302 1003 BA.
336 964 376 1003 di
398 963 558 1002 meliora
580 962 699 1000 faxint
720 964 725 999 l
786 962 847 999 Ps.
881 961 964 998 face
985 959 1094 1009 quod
1115 965 1153 996 te
1177 970 1370 1007 rogamus,
1394 954 1531 1003 Ballio,
1580 965 1645 1002 315

167 1048 210 1079 90
231 1043 319 1069 mea
340 1031 428 1076 fide,
452 1028 483 1067 si
504 1028 565 1067 isti
587 1026 775 1066 formidas
796 1026 965 1065 credere.
1026 1037 1098 1074 ego
1119 1022 1159 1061 in
1180 1024 1257 1061 hoc
1278 1021 1408 1060 triduo

229 1104 296 1134 aut
318 1103 417 1134 terra
436 1102 503 1133 aut
526 1095 621 1132 mari
641 1092 826 1131 alicunde
846 1091 1030 1130 euoluam
1051 1088 1092 1127 id
1112 1095 1316 1139 argentum
1338 1086 1420 1125 tibi.

231 1163 302 1200 ΒΑ.
336 1160 405 1199 tibi
431 1173 504 1211 ego
529 1160 718 1198 credam?
786 1159 848 1195 Ps.
882 1169 954 1206 qur
981 1156 1091 1193 non?
1163 1156 1233 1192 ΒΑ.
1267 1152 1359 1203 quia
1388 1153 1454 1202 pol
1484 1151 1562 1201 qua

1172 1231 1290 1268 opera
1311 1218 1469 1256 credam
1490 1215 1561 1255 tibi

233 1306 310 1330 una
331 1305 449 1342 opera
469 1290 624 1340 alligem
646 1288 851 1339 fugitiuam
873 1287 1012 1326 canem
1033 1285 1185 1336 agninis
1206 1283 1384 1322 lactibus.

234 1360 348 1397 CALx.
382 1356 503 1395 sicine
525 1355 620 1393 mihi
641 1368 710 1405 aps
731 1362 768 1392 te
790 1354 892 1392 bene
914 1350 1079 1390 merenti
1101 1351 1202 1388 male
1222 1351 1383 1388 refertur
1403 1347 1552 1398 gratia?
1583 1360 1652 1395 320

172 1439 212 1471 95
236 1426 306 1462 ΒΑ.
339 1422 434 1473 quid
465 1435 570 1460 nunc
600 1420 688 1459 uis?
746 1421 861 1459 CAm.
895 1425 936 1457 ut
966 1415 1169 1468 opperiare
1196 1416 1268 1453 hos
1297 1427 1362 1452 sex
1389 1413 1473 1452 dies
1499 1412 1564 1451 ali-

1322 1492 1421 1529 quos
1442 1479 1564 1517 modo

234 1568 284 1593 ne
314 1554 419 1592 illam
451 1554 600 1592 uendas
631 1565 707 1590 neu
739 1564 801 1589 me
829 1550 969 1600 perdas
996 1547 1199 1587 hominem
1220 1552 1430 1585 amantem.
1491 1546 1561 1582 BA.

1227 1611 1361 1650 animo
1382 1611 1490 1649 bono
1510 1623 1561 1648 es.

234 1687 297 1724 uel
318 1699 384 1723 sex
406 1697 561 1723 menses
582 1682 803 1733 opperibor.
847 1682 962 1720 (ΞΛΜ.
996 1692 1128 1729 eugae,
1148 1679 1270 1717 homo
1286 1675 1540 1727 lepidissume
1558 1678 1563 1712 !

236 1754 305 1789 ΒΑ.
339 1750 461 1788 immo
482 1749 573 1788 uein
595 1747 712 1787 etiam
734 1755 772 1786 te
794 1746 933 1785 faciam
956 1759 1001 1784 ex
1021 1746 1125 1783 laeto
1146 1745 1357 1782 laetantem
1379 1740 1530 1791 magis?
1585 1760 1587 1764 ν

235 1818 349 1856 (ΞΛΜ.
383 1815 479 1866 quid
509 1814 619 1853 iam?
677 1815 747 1851 BA.
781 1812 872 1862 quia
893 1811 998 1850 enim
1024 1823 1104 1849 non
1125 1810 1306 1848 uenalem
1334 1807 1412 1845 iam
1436 1807 1566 1844 habeo
1585 1815 1649 1852 325

1293 1871 1563 1912 Phoenicium.

159 1963 217 1988 100
238 1949 352 1988 (ΖΑΗ.
385 1959 466 1985 non
487 1946 639 1984 habes?
698 1946 769 1982 BA.
801 1957 881 1982 non
903 1943 1033 1986 hercle
1050 1954 1154 1980 uero.
1207 1940 1323 1980 CALI.
1357 1937 1564 1983 Pseudole‚

1200 2007 1210 2044 ι’
1230 2018 1386 2044 accerse
1406 2003 1568 2050 hostias,

279 2111 343 2149 306
368 2109 491 2150 iustus]
511 2118 574 2139 usu
589 2107 666 2148 (-ui)
684 2107 756 2138 Ital.
829 2106 1006 2146 quicquam
1022 2104 1054 2134 A
1145 2113 1207 2143 307
1234 2103 1290 2133 det
1308 2101 1381 2142 det]
1401 2101 1526 2140 detque
1538 2099 1572 2130 P

238 2155 301 2194 308
326 2153 376 2195 te]
395 2159 499 2185 temet
521 2152 553 2182 Ρ
569 2153 603 2193 (i.
619 2163 642 2183 e.
671 2156 704 2181 te
730 2151 794 2181 mei
809 2153 836 2187 12)
928 2151 1028 2180 cedes
1045 2149 1162 2185 P(1.e.
1187 2148 1264 2187 -isn
1401 2154 1462 2184 311
1489 2154 1567 2184 sup-

238 2197 355 2239 plicat]
375 2197 484 2237 placet
500 2196 533 2227 P
644 2206 707 2234 312
732 2205 834 2234 quom
852 2193 885 2224 P
901 2193 1030 2232 (forma
1047 2193 1199 2231 antiques.
1318 2199 1380 2229 313
1405 2189 1516 2219 istunc
1531 2186 1565 2217 A

238 2242 417 2272 clametare
434 2240 467 2270 Ρ
597 2249 660 2278 315
685 2240 717 2269 di
736 2239 855 2269 melius
873 2237 998 2268 faciant
1039 2236 1094 2269 Ps.
1121 2236 1170 2266 sac
1189 2235 1251 2265 hoc
1270 2234 1359 2273 quod
1377 2232 1409 2262 Ρ
1505 2233 1569 2270 316

237 2286 286 2316 vel
301 2285 374 2316 istic
486 2294 549 2324 317
574 2283 752 2322 aliquonde
769 2281 802 2311 A
822 2282 954 2321 (forma
970 2281 1122 2320 antiqua)
1237 2278 1285 2319 id]
1306 2278 1340 2307 in
1357 2276 1389 2306 A
1505 2275 1568 2313 318

238 2339 323 2368 quor
339 2328 372 2359 A
464 2338 587 2368 operas
605 2326 637 2356 Ρ
774 2336 839 2366 319
862 2324 1006 2356 tactibus
1024 2325 1056 2354 A
1191 2332 1252 2361 321
1279 2319 1427 2360 aliquos]
1449 2318 1567 2349 saltem

238 2373 272 2403 P
365 2382 428 2412 323
452 2372 532 2411 fuge
556 2370 589 2401 A
711 2380 774 2409 325
799 2369 878 2408 quid
897 2368 975 2409 iam]
995 2368 1130 2408 quidam
1150 2366 1301 2405 (quidum
1315 2365 1339 2403 ἕ)
1359 2363 1391 2393 A
1484 2361 1566 2402 iam]

239 2427 291 2447 am
311 2415 345 2446 Ρ
474 2416 538 2455 326
556 2425 576 2445 o
589 2414 751 2454 pseudole
769 2413 802 2444 P
899 2413 925 2454 i]
945 2411 975 2442 ei
992 2411 1044 2442 A:
1062 2421 1128 2441 om.
1144 2410 1175 2441 P
1191 2410 1243 2449 <cf
1259 2409 1340 2448 330)
1441 2405 1568 2437 accersi

241 2461 340 2501 (arc-9
356 2459 389 2490 Ρ
404 2460 499 2501 (ἒῂνό
515 2468 652 2490 accerse
670 2458 695 2497 i)
1196 2475 1200 2479 >

963 2523 985 2533 l
