1731 2713
668 114 1021 152 FRAGMENTA

180 229 260 279 Qui
282 229 358 280 regi
380 227 642 268 latrocinatu’s
662 238 787 264 annos
808 225 946 263 decem
971 221 1183 261 Demetrio.
1527 234 1549 255 ιι

182 295 391 333 Pulchrum
413 302 451 332 et
472 294 714 331 luculentum
736 291 811 328 hoc
833 287 947 328 nobis
968 286 1087 326 hodie
1108 285 1239 326 euenit
1260 284 1461 336 proelium.
1525 299 1564 320 ιιι

181 359 282 398 Mihi
304 360 483 397 Lauerna
502 357 542 395 in
563 356 672 395 furtis
693 353 917 394 celebrassit
938 366 1088 391 manus.
1526 364 1559 384 ιν

180 423 260 472 Qui
279 430 413 461 amant
432 421 613 461 ancillam
635 433 762 459 meam
786 418 1025 458 Phidullium
1046 416 1225 456 oculitus.
1527 430 1547 448 v

116 494 159 539 65
933 485 1006 521 Em
1027 490 1066 522 te
1086 494 1261 533 opsecro,
1526 493 1561 514 vx

182 554 301 606 Lyde,
325 555 485 606 pilleum
508 567 651 601 meum,
675 554 728 591 mi
749 550 904 598 sodalis,
928 563 1016 589 mea
1035 548 1259 588 Salubritas.

183 623 284 661 Face
304 624 411 660 olant
431 622 549 660 aedes
568 619 733 658 arabice.
1531 620 1579 640 ΥΠ

707 701 990 742 DYSCOLVS

182 808 188 815 .
213 776 334 826 Virgo
354 789 440 814 sum
461 791 467 814 :
498 775 675 814 nondum
698 772 819 813 didici
839 779 963 823 nupta
982 770 1103 810 uerba
1123 768 1263 809 dicere.

644 854 1051 893 FAENERATRIX

186 931 299 969 Heus
320 936 361 967 tu
379 931 384 966 t
417 927 457 966 in
478 926 656 966 barbaria
676 926 785 976 quod
805 924 948 963 dixisse
969 922 1110 962 dicitur
1532 934 1545 956 ι

122 1012 167 1047 70
184 995 346 1034 libertus
366 1006 459 1032 suae
479 1000 678 1043 patronae,
701 990 741 1029 id
762 1002 834 1040 ego
856 988 946 1028 dico
965 987 1071 1040 (tibi)
1089 1002 1096 1026 ε

188 1065 196 1081 ‘
211 1059 387 1099 Libertas
408 1059 514 1097 salue
531 1060 538 1096 Ξ
569 1057 712 1107 uapula
733 1054 910 1106 Papiria.'

186 1126 300 1175 Quae
321 1136 393 1174 ego
413 1122 614 1174 populabo
634 1121 768 1172 probe.
1549 1132 1559 1153 1

739 1202 972 1240 FRETVM

187 1279 305 1317 Nunc
325 1276 421 1315 illud
437 1283 495 1314 est
511 1275 620 1326 quod
639 1277 893 1324 ‘responsum
908 1271 1036 1311 Arreti
1050 1273 1056 1289 ²
1070 1270 1173 1312 ludis
1189 1268 1340 1321 magnis
1353 1267 1517 1309 dicitur:

240 1342 377 1395 peribo
397 1341 428 1380 si
450 1354 529 1380 non
551 1341 703 1379 fecero:
739 1338 770 1377 si
791 1339 890 1385 fam,
913 1337 1123 1388 uapulabo.

671 1420 1024 1459 FRIVOLARIA

125 1504 168 1541 75
189 1490 416 1532 Commodo
436 1487 672 1528 dictitemus.
1540 1499 1550 1520 1

190 1559 230 1597 Is
251 1555 347 1595 mihi
368 1562 448 1594 erat
468 1553 567 1601 bilis,
590 1564 693 1603 aqua
713 1551 895 1598 intercus,
917 1562 1135 1601 querquera
1155 1548 1282 1588 tussis.
1542 1563 1566 1584 ιι

235 1655 261 1677 11
292 1645 390 1677 Varro
412 1644 511 1685 Ling.
534 1644 609 1675 Lat.
635 1653 664 1683 7,
689 1652 729 1682 52
755 1641 884 1683 (latro),
903 1639 1036 1672 Nonius
1057 1649 1117 1679 134
1140 1636 1356 1678 (latrocinari,
1381 1635 1525 1668 militare

192 1689 361 1728 mercede)
453 1687 684 1719 latrocinatu’s
705 1696 770 1717 non
788 1690 868 1724 -tus,
889 1695 970 1715 nam
989 1683 1122 1714 Nonius
1135 1682 1181 1713 sic
1202 1683 1434 1722 interpretatur
1450 1679 1526 1720 ‘qui

193 1735 281 1775 apud
293 1743 408 1773 regem
421 1733 454 1763 in
469 1730 641 1763 latrocinio
654 1730 758 1767 suisti,
772 1728 979 1769 stipendium
992 1726 1201 1767 acceptitasti
1213 1726 1222 1743 ‘
1248 1744 1256 1748 —
1291 1725 1408 1756 decem
1418 1733 1526 1755 annos

193 1777 258 1810 cod.
273 1777 431 1809 Varronis
479 1774 670 1816 Demetrio]
687 1773 879 1805 mercedem
900 1772 932 1803 in
951 1771 1072 1803 tiberio
1084 1769 1173 1802 codd.
1186 1768 1288 1800 Nouii
1342 1777 1383 1799 111
1398 1767 1529 1798 Nonius

193 1825 236 1862 63
254 1820 489 1863 (luculentum)
581 1829 618 1850 ιν
642 1818 774 1849 Nonius
794 1826 853 1856 134
872 1816 1057 1857 (Laverna)
1135 1814 1216 1845 mihi
1235 1811 1432 1844 Lauernain
1447 1809 1528 1842 Sca-

193 1867 290 1908 liger:
331 1865 551 1897 militaueram
578 1874 654 1894 nam
676 1863 708 1893 in
722 1860 811 1893 codd.
895 1860 983 1903 (ita)
996 1860 1077 1890 mihi
1090 1860 1125 1891 L.
1144 1857 1318 1889 Buecheler
1333 1858 1450 1897 (praec.
1466 1855 1526 1891 -ia)

195 1911 243 1942 vel
263 1910 436 1942 celerassit
533 1907 665 1939 manius
684 1906 772 1938 codd.
914 1915 938 1935 v
960 1905 1092 1936 Nonius
1116 1913 1175 1943 147
1205 1900 1381 1941 (oculitus)
1481 1899 1528 1929 se-

195 1955 321 1987 dulium
355 1953 443 1986 codd.
597 1961 632 1981 vr
658 1950 790 1982 Nonius
816 1961 880 1982 220
899 1949 1037 1990 (pilleus
1057 1959 1132 1990 gen.
1161 1946 1286 1985 neutri)
1419 1943 1466 1974 Te
1483 1953 1528 1973 au

197 2000 259 2031 Em
283 2003 316 2031 te
339 2000 446 2031 incert.
472 1996 560 2029 codd.
694 2005 744 2026 vu
769 1994 944 2026 Diomedes
968 1995 1032 2032 383
1061 1991 1185 2032 (olant)
1312 1988 1384 2019 sace
1409 1987 1529 2018 Goetz:

196 2043 307 2075 facere
330 2042 443 2074 codd.:
467 2043 517 2074 sac
541 2052 599 2074 ere
625 2039 797 2072 Buecheler
927 2038 1034 2069 Dvsc.
1062 2035 1177 2067 Festus
1196 2044 1257 2073 170
1275 2034 1394 2072 (nupta
1410 2029 1529 2071 verba)

196 2097 272 2118 cunt
298 2087 407 2119 Paulo
435 2096 491 2125 171
650 2084 756 2115 FAEN.
779 2094 792 2114 1
818 2083 935 2115 Festus
962 2091 1025 2122 372
1051 2079 1189 2122 (uapula
1213 2076 1354 2116 Papiria,
1370 2073 1527 2117 proverb.)

197 2142 217 2162 2
241 2142 305 2171 ego
321 2132 352 2162 d.
375 2130 431 2162 tibi
453 2129 614 2170 Scaliger:
649 2138 690 2159 eo
714 2128 789 2158 dico
808 2140 825 2156 ιι
845 2139 861 2155 κ
879 2125 943 2158 cod.
1079 2134 1100 2164 3
1126 2123 1279 2154 Libertas
1307 2119 1346 2151 O.
1371 2117 1529 2150 Mueller:

197 2175 315 2208 1³¹)erta
331 2174 396 2206 cod.
490 2183 514 2205 11
540 2171 717 2204 Diomedes
731 2181 792 2209 401
813 2169 969 2211 (populo)
1018 2178 1125 2209 proue
1143 2166 1231 2198 codd.
1286 2164 1312 2195 F
1315 2172 1388 2194 ρετ.
1411 2161 1531 2193 Gellius

197 2229 229 2259 3,
244 2229 274 2260 3,
291 2228 308 2258 7
320 2218 472 2259 (historia
488 2216 611 2248 oraculi
625 2214 792 2254 Arretini)
885 2222 899 2243 1
926 2223 951 2244 r.
965 2211 1078 2243 Arreti
1095 2211 1197 2243 Hertz
1212 2221 1218 2240 :
1243 2207 1384 2240 arretini
1398 2216 1423 2237 r.
1437 2203 1527 2236 codd.

199 2263 246 2301 (v.
263 2265 297 2302 4)
398 2260 508 2300 magis
523 2259 612 2290 codd.
717 2257 744 2289 F
746 2267 818 2289 mv.
841 2266 852 2287 1
875 2256 1044 2287 Charisius
1063 2264 1124 2294 193
1142 2254 1194 2294 (cf.
1222 2254 1298 2293 196)
1322 2248 1530 2290 (commodo)

200 2316 226 2337 11
250 2305 382 2337 Paulus
398 2306 461 2343 256
478 2303 698 2343 (querquera)
716 2311 792 2332 cum
809 2300 903 2331 Festo
917 2308 991 2339 257,
1010 2298 1203 2329 Pn'scianus
1222 2305 1250 2334 1,
1267 2306 1327 2335 271
1348 2292 1530 2333 (intercus)

200 2359 288 2389 aqua
303 2349 451 2380 intercus
466 2357 532 2377 om.
552 2345 640 2377 codd.
663 2344 766 2375 Pauli
850 2351 1040 2383 querquera
1056 2341 1159 2372 tussis
1172 2339 1261 2371 edd.:
1283 2340 1531 2379 querqueratus

202 2392 290 2424 codd.
314 2391 433 2423 Pauli:
459 2391 562 2422 tussis
586 2389 691 2420 febris
715 2386 802 2419 codd.
827 2384 993 2418 Pm'sa'am'
1017 2384 1145 2425 (glossa
1174 2382 1364 2424 marginali,
1391 2385 1428 2412 ut
1451 2378 1527 2419 vid„

203 2436 377 2476 inculcata)
