1731 2713
47 303 156 348 664·5

93 758 163 801 670

92 1083 159 1127 675

94 1478 164 1512 680

636 117 1045 157 TRVCVLENTVS
1428 115 1504 151 ΙΙΙ.

180 244 232 274 tat
254 240 260 275 ἕ
290 234 424 286 ecquis
446 233 598 272 intust?
627 229 761 280 ecquis
782 229 858 267 hoc
878 227 1000 278 a'perit
1020 226 1163 264 ostium
1182 226 1198 263 ?

180 305 246 339 As.
279 300 375 350 quid
396 299 528 337 isttic?
555 296 713 336 alienun
734 307 786 340 es,
809 292 964 339 amabO‚
987 290 1039 329 mi
1062 291 1235 337 Strabax,

179 366 244 416 qui
266 379 347 403 non
363 364 561 413 extemplo
573 358 710 414 <intro>
725 358 811 397 ieris
827 359 844 396 ?
901 358 1047 395 STRM‘„
1079 369 1182 394 anne
1199 354 1369 405 oportuit
1386 357 1401 393 ?

179 433 246 468 As.
280 429 332 468 ita
352 437 390 467 te.
410 427 581 478 quidem,
604 425 671 475 qui
693 437 733 462 es
755 421 963 462 familiaris
1023 423 1170 459 Srfmn.
1204 420 1330 461 ibitur.

180 509 230 535 ne
251 508 314 534 me
335 493 475 533 morari
497 490 796 531 censeas-As.
820 487 950 538 lepide
970 486 1075 525 facis.

417 606 830 642 TRx·chENTx·s
941 600 1279 636 ASTAPHIVM

181 690 257 729 ΤΗ.
290 687 438 726 Mirum
459 685 616 724 uidetur
635 696 721 721 rure
741 682 875 721 erilem
897 680 1019 719 filium

182 754 407 793 Strabacem
428 764 508 789 non
530 749 714 796 rediisse3
743 746 818 786 nisi
838 746 869 785 si
890 747 1113 785 clanculum

180 820 389 868 conlapsus
409 824 467 856 est
487 815 551 854 hic
571 814 610 853 in
632 814 894 864 corruptelam
914 825 1035 851 suam.

180 886 247 922 As.
279 883 355 921 iam
376 883 442 934 pol
463 880 541 919 illic
561 878 789 918 inclamabit
810 892 873 916 me
894 877 925 916 si
945 876 1146 927 aspexerit.

180 950 254 987 ΤΗ.
286 947 409 986 nimio
430 946 550 985 minu'
571 958 710 984 saeuos
731 943 808 982 iam
830 956 926 990 sum,
951 942 1198 993 Astaphium,
1221 954 1340 993 quam
1361 940 1426 988 fui,

180 1014 282 1055 †iam
304 1026 384 1051 non
405 1025 492 1051 sum
513 1012 793 1056 truculentust,
817 1008 897 1047 noli
919 1015 1103 1047 metuere.

180 1078 294 1131 (quid
317 1078 373 1116 ais
389 1076 423 1129 Ρ)
479 1079 545 1115 As.
569 1075 665 1126 quid
689 1074 778 1113 uis?
834 1075 909 1111 ΤΗ.
934 1072 1028 1123 quin
1051 1080 1158 1111 tuam
1180 1080 1365 1123 exspecto
1386 1085 1510 1110 oscu-

1301 1137 1507 1176 lentiam.

181 1210 255 1258 dic,
278 1209 426 1260 impera
446 1207 542 1247 mihi
563 1206 659 1257 quid
682 1206 789 1244 lubet
811 1218 890 1255 quo
911 1204 971 1243 uis
998 1205 1130 1243 modo.

181 1288 307 1314 nouos
328 1273 456 1314 omnis
477 1285 604 1312 mores
626 1272 765 1318 habeo,
789 1277 940 1309 ueteres
967 1268 1131 1320 perdidi.

183 1342 246 1380 uel
264 1353 395 1379 amare
414 1351 576 1389 possum
596 1338 660 1375 uel
681 1335 757 1374 iam
780 1342 952 1374 scortum
973 1335 1127 1373 ducere.

182 1408 250 1445 As,
283 1405 412 1456 lepide
433 1410 627 1442 mecastor
647 1400 816 1440 nuntias.
876 1401 945 1439 sed
966 1399 1030 1438 dic
1051 1399 1160 1448 mihi,

182 1471 444 1510 haben—TR.
477 1467 689 1519 parasitum
711 1473 749 1505 te
769 1467 931 1504 fortasse
952 1463 1110 1504 dicere?

183 1539 250 1575 As.
273 1533 494 1574 intellexisti
514 1532 645 1584 lepide
665 1531 762 1582 quid
782 1544 855 1581 ego
875 1530 1057 1569 dicerem.

183 1603 258 1639 ΤΗ.
290 1602 388 1639 heus
408 1608 449 1639 tu
468 1603 473 1638 !
505 1599 581 1638 iam
603 1596 875 1649 postquamin
897 1595 1034 1634 urbem
1056 1595 1193 1634 crebro
1213 1607 1406 1642 commeo,

183 1666 294 1705 dicax
317 1680 402 1704 sum
423 1667 558 1705 factus.
618 1664 695 1703 iam
719 1677 804 1701 sum
829 1662 1070 1701 caullator
1092 1660 1249 1710 probus.

227 1773 291 1811 663
328 1776 416 1803 tatec
444 1772 501 1812 qui
529 1771 555 1802 si
588 1770 679 1801 nulla
706 1774 758 1801 est
786 1774 819 1799 et
845 1767 919 1807 quis
943 1764 1053 1806 aperit
1076 1764 1138 1796 hoc
1156 1764 1278 1795 ostium
1303 1763 1396 1795 cod.:
1430 1773 1508 1795 corr.

186 1816 403 1852 Camerarius,
421 1815 568 1856 Spengel,
588 1814 690 1845 Bothe
802 1814 884 1851 664-
891 1821 909 1850 5
935 1820 972 1841 es
988 1808 1177 1840 Lambmus
1194 1819 1201 1839 :
1223 1813 1275 1838 est
1290 1806 1358 1838 cod.
1448 1808 1513 1838 666

184 1859 364 1891 introieris
379 1859 486 1890 Brix:
512 1859 560 1890 ire
576 1859 604 1890 si
621 1857 688 1889 cod.
802 1857 868 1895 669
885 1854 995 1885 rurier
1009 1853 1088 1884 item
1109 1851 1212 1883 filium
1225 1850 1291 1881 cod.
1309 1861 1316 1881 :
1339 1861 1416 1882 corr.
1434 1849 1509 1882 Ital.

183 1905 247 1942 672
272 1913 325 1934 me
350 1903 541 1934 inclamauit
560 1913 596 1933 se
621 1912 649 1932 a.
672 1900 762 1932 cod.:
789 1910 867 1930 corr.
893 1897 1017 1929 Bothe:
1043 1907 1096 1927 me
1123 1895 1353 1925 inclamauerit
1378 1893 1515 1934 Seyffert

183 1947 233 1978 vel
245 1947 294 1978 sei
427 1948 490 1986 673
516 1946 617 1977 nimio
642 1945 764 1976 inissae
783 1953 844 1975 uos
867 1943 932 1973 iam
954 1950 1068 1972 sumas
1093 1939 1284 1979 astaphium
1310 1937 1375 1969 cod.
1396 1949 1402 1968 ε
1428 1948 1508 1968 corr.

183 1991 256 2022 Ital.
279 1991 329 2031 (cf.
348 1990 463 2021 Amer.
478 1990 602 2028 Journ.
623 1988 708 2019 Pln‘l.
732 1998 782 2027 17,
799 1988 879 2027 442)
1012 1987 1075 2025 674
1101 1994 1167 2015 non
1193 1981 1301 2025 (ego)
1317 1981 1404 2012 Leo:
1433 1992 1513 2012 noe-

186 2045 263 2066 num
281 2034 382 2064 Botlte
436 2039 575 2064 truncus
591 2033 704 2063 lentus
721 2031 853 2072 Ussing,
862 2030 944 2071 sort.
966 2034 1040 2061 recte
1058 2029 1109 2069 (cf.
1125 2028 1172 2059 ad
1185 2038 1213 2058 v.
1227 2027 1306 2065 266)
1361 2029 1513 2056 metuere

184 2078 258 2109 Ital.
277 2088 283 2108 :
307 2077 468 2108 metueris
483 2077 552 2108 cod.
684 2077 748 2114 675
772 2075 852 2115 quid
875 2074 924 2105 ais
948 2073 1023 2104 cedd.
1050 2071 1178 2103 Scltoell
1264 2070 1346 2110 quin
1366 2068 1510 2100 Schoell:

185 2122 241 2162 qui
258 2121 323 2152 cod.
393 2126 556 2160 expector
571 2119 636 2151 rod.
710 2129 777 2150 osc.
797 2119 838 2158 cf.
857 2117 958 2149 Class.
980 2116 1058 2148 Rev.
1084 2127 1132 2153 10,
1152 2125 1215 2155 334
1305 2113 1371 2152 676
1386 2111 1512 2152 impera

185 2165 257 2196 Ital.
277 2177 284 2196 ε
308 2165 455 2205 incipera
471 2163 536 2195 cod.
557 2165 599 2194 (v.
621 2165 655 2198 8)
769 2162 818 2193 vel
832 2161 875 2192 mi
985 2161 1063 2200 quid
1089 2159 1149 2190 tibi
1174 2164 1208 2190 et
1229 2168 1296 2198 quo
1319 2155 1385 2187 cod.
1402 2167 1408 2186 :
1433 2165 1511 2187 corr.

187 2208 359 2240 Buecheler
507 2208 571 2248 678
595 2207 650 2237 uel
675 2207 738 2237 iam
765 2205 997 2237 Camerarius:
1022 2203 1142 2234 uellam
1160 2202 1225 2234 cod.
1338 2201 1452 2231 dicere
1479 2198 1513 2229 B

185 2253 251 2284 680
274 2252 382 2283 haben
400 2251 551 2293 Lipsius:
577 2251 700 2282 habent
715 2249 782 2281 cod.
877 2248 1057 2288 marsipum
1078 2247 1141 2278 Leo
1160 2245 1233 2287 (sed
1246 2245 1282 2285 cs:
1303 2244 1406 2275 class.
1426 2243 1507 2274 Rev.

190 2306 237 2334 10,
256 2298 336 2335 334)
415 2299 450 2326 te
465 2295 539 2326 Ital.
557 2306 562 2324 :
589 2299 622 2325 et
638 2293 703 2324 cod.
805 2293 869 2323 682
886 2301 1038 2322 commeo
1056 2289 1287 2321 Camerarius:
1312 2297 1511 2319 commoneo

186 2339 300 2379 (-obeo
318 2339 361 2380 Β)
380 2338 446 2370 cod.
466 2340 509 2378 (v.
527 2339 560 2378 8)
709 2337 773 2375 683
796 2336 850 2366 hic
875 2345 992 2366 axsum
1020 2336 1134 2376 (axum
1159 2332 1248 2374 PCD)
1274 2332 1396 2362 sactum
1420 2330 1509 2361 cod.:

184 2393 262 2415 corr.
285 2382 497 2414 Cmnerart'us
586 2380 762 2412 cauillator
777 2378 844 2410 cod.

1526 115 1539 152 i

1528 306 1569 330 20

1529 598 1557 634 ii

1529 952 1547 984 5

1533 1344 1572 1368 10

1534 1673 1570 1705 15
