<?xml version="1.0" encoding="UTF-8"?>
<!DOCTYPE html PUBLIC "-//W3C//DTD XHTML 1.0 Transitional//EN"
    "http://www.w3.org/TR/xhtml1/DTD/xhtml1-transitional.dtd">
<html xmlns="http://www.w3.org/1999/xhtml" xml:lang="en" lang="en">
 <head>
  <title>
</title>
<meta http-equiv="Content-Type" content="text/html;charset=utf-8" />
  <meta name='ocr-system' content='tesseract 3.04.00' />
  <meta name='ocr-capabilities' content='ocr_page ocr_carea ocr_par ocr_line ocrx_word'/>
</head>
<body>
  <div class='ocr_page' id='page_1' title='image "./tmacciplauticomo02plauuoft_0208.png"; bbox 0 0 1783 2707; ppageno 0'>
   <div class='ocr_carea' id='block_1_1' title="bbox 208 123 1124 172">
    <p class='ocr_par' dir='ltr' id='par_1_1' title="bbox 208 123 1124 172">
     <span class='ocr_line' id='line_1_1' title="bbox 208 123 1124 172; baseline -0.013 0"><span class='ocrx_word' id='word_1_1' title='bbox 208 145 327 172; x_wconf 82' lang='lat' dir='ltr'><strong>PRoL.</strong></span> <span class='ocrx_word' id='word_1_2' title='bbox 625 130 670 166; x_wconf 88' lang='lat' dir='ltr'><strong>T.</strong></span> <span class='ocrx_word' id='word_1_3' title='bbox 705 127 886 166; x_wconf 81' lang='lat' dir='ltr'>MACCI</span> <span class='ocrx_word' id='word_1_4' title='bbox 919 123 1124 162; x_wconf 91' lang='lat' dir='ltr'><strong>PLAVTI</strong></span> 
     </span>
    </p>
   </div>
   <div class='ocr_carea' id='block_1_2' title="bbox 316 234 1616 2050">
    <p class='ocr_par' dir='ltr' id='par_1_2' title="bbox 316 234 1356 290">
     <span class='ocr_line' id='line_1_2' title="bbox 316 234 1356 290; baseline -0.014 -6"><span class='ocrx_word' id='word_1_5' title='bbox 316 246 347 284; x_wconf 91' lang='lat' dir='ltr'><strong>si</strong></span> <span class='ocrx_word' id='word_1_6' title='bbox 369 245 488 283; x_wconf 89' lang='lat' dir='ltr'><strong>minu&#39;</strong></span> <span class='ocrx_word' id='word_1_7' title='bbox 510 241 711 287; x_wconf 87' lang='lat' dir='ltr'><strong>curassint,</strong></span> <span class='ocrx_word' id='word_1_8' title='bbox 736 240 858 290; x_wconf 80' lang='lat' dir='ltr'><strong>quom</strong></span> <span class='ocrx_word' id='word_1_9' title='bbox 881 237 933 276; x_wconf 94' lang='lat' dir='ltr'><strong>eri</strong></span> <span class='ocrx_word' id='word_1_10' title='bbox 955 234 1159 275; x_wconf 89' lang='lat' dir='ltr'><strong>reueniant</strong></span> <span class='ocrx_word' id='word_1_11' title='bbox 1181 234 1356 272; x_wconf 89' lang='lat' dir='ltr'><strong>domum.</strong></span> 
     </span>
    </p>

    <p class='ocr_par' dir='ltr' id='par_1_3' title="bbox 317 303 1064 359">
     <span class='ocr_line' id='line_1_3' title="bbox 317 303 1064 359; baseline -0.013 -10"><span class='ocrx_word' id='word_1_12' title='bbox 317 310 487 349; x_wconf 80' lang='lat' dir='ltr'><strong>nutrices</strong></span> <span class='ocrx_word' id='word_1_13' title='bbox 508 321 649 359; x_wconf 84' lang='lat' dir='ltr'><strong>pueros</strong></span> <span class='ocrx_word' id='word_1_14' title='bbox 670 304 828 344; x_wconf 86' lang='lat' dir='ltr'><strong>infantis</strong></span> <span class='ocrx_word' id='word_1_15' title='bbox 850 303 1064 341; x_wconf 85' lang='lat' dir='ltr'><strong>minutulos</strong></span> 
     </span>
    </p>

    <p class='ocr_par' dir='ltr' id='par_1_4' title="bbox 319 363 1362 423">
     <span class='ocr_line' id='line_1_4' title="bbox 319 363 1362 423; baseline -0.015 -9"><span class='ocrx_word' id='word_1_16' title='bbox 319 375 427 415; x_wconf 90' lang='lat' dir='ltr'><strong>domi</strong></span> <span class='ocrx_word' id='word_1_17' title='bbox 449 382 489 412; x_wconf 91' lang='lat' dir='ltr'><strong>ut</strong></span> <span class='ocrx_word' id='word_1_18' title='bbox 511 378 719 423; x_wconf 88' lang='lat' dir='ltr'><strong>procurent</strong></span> <span class='ocrx_word' id='word_1_19' title='bbox 741 383 817 408; x_wconf 92' lang='lat' dir='ltr'><strong>neu</strong></span> <span class='ocrx_word' id='word_1_20' title='bbox 840 382 940 418; x_wconf 90' lang='lat' dir='ltr'><strong>quae</strong></span> <span class='ocrx_word' id='word_1_21' title='bbox 962 373 1181 416; x_wconf 88' lang='lat' dir='ltr'><strong>spectatum</strong></span> <span class='ocrx_word' id='word_1_22' title='bbox 1202 363 1362 408; x_wconf 87' lang='lat' dir='ltr'><strong>adferat,</strong></span> 
     </span>
    </p>

    <p class='ocr_par' dir='ltr' id='par_1_5' title="bbox 318 431 1605 549">
     <span class='ocr_line' id='line_1_5' title="bbox 319 431 1605 489; baseline -0.016 -10"><span class='ocrx_word' id='word_1_23' title='bbox 319 456 368 479; x_wconf 95' lang='lat' dir='ltr'><strong>ne</strong></span> <span class='ocrx_word' id='word_1_24' title='bbox 389 448 426 479; x_wconf 91' lang='lat' dir='ltr'><strong>et</strong></span> <span class='ocrx_word' id='word_1_25' title='bbox 447 439 554 489; x_wconf 83' lang='lat' dir='ltr'><strong>ipsae</strong></span> <span class='ocrx_word' id='word_1_26' title='bbox 575 436 706 475; x_wconf 79' lang='lat' dir='ltr'>sitiant</span> <span class='ocrx_word' id='word_1_27' title='bbox 727 443 764 474; x_wconf 92' lang='lat' dir='ltr'><strong>et</strong></span> <span class='ocrx_word' id='word_1_28' title='bbox 785 433 895 484; x_wconf 89' lang='lat' dir='ltr'><strong>pueri</strong></span> <span class='ocrx_word' id='word_1_29' title='bbox 915 438 1076 483; x_wconf 90' lang='lat' dir='ltr'><strong>pereant</strong></span> <span class='ocrx_word' id='word_1_30' title='bbox 1097 431 1200 468; x_wconf 87' lang='lat' dir='ltr'><strong>farne</strong></span> <span class='ocrx_word' id='word_1_31' title='bbox 1558 435 1605 470; x_wconf 90' lang='lat'><strong>30</strong></span> 
     </span>
     <span class='ocr_line' id='line_1_6' title="bbox 318 493 1273 549; baseline -0.016 -5"><span class='ocrx_word' id='word_1_32' title='bbox 318 518 419 543; x_wconf 86' lang='lat' dir='ltr'><strong>neue</strong></span> <span class='ocrx_word' id='word_1_33' title='bbox 441 503 674 542; x_wconf 86' lang='lat' dir='ltr'><strong>essurientes</strong></span> <span class='ocrx_word' id='word_1_34' title='bbox 695 499 759 538; x_wconf 90' lang='lat' dir='ltr'><strong>hic</strong></span> <span class='ocrx_word' id='word_1_35' title='bbox 780 497 892 549; x_wconf 82' lang='lat' dir='ltr'>quasi</span> <span class='ocrx_word' id='word_1_36' title='bbox 913 496 1030 535; x_wconf 87' lang='lat' dir='ltr'><strong>haedi</strong></span> <span class='ocrx_word' id='word_1_37' title='bbox 1051 493 1273 544; x_wconf 85' lang='lat' dir='ltr'><strong>obuagiant.</strong></span> 
     </span>
    </p>

    <p class='ocr_par' dir='ltr' id='par_1_6' title="bbox 320 559 1247 615">
     <span class='ocr_line' id='line_1_7' title="bbox 320 559 1247 615; baseline -0.015 -6"><span class='ocrx_word' id='word_1_38' title='bbox 320 578 521 609; x_wconf 81' lang='lat' dir='ltr'><strong>matronae</strong></span> <span class='ocrx_word' id='word_1_39' title='bbox 543 567 683 606; x_wconf 80' lang='lat' dir='ltr'>tacitae</span> <span class='ocrx_word' id='word_1_40' title='bbox 704 571 897 615; x_wconf 76' lang='lat' dir='ltr'>spectent,</span> <span class='ocrx_word' id='word_1_41' title='bbox 918 561 1059 600; x_wconf 80' lang='lat' dir='ltr'>tacitae</span> <span class='ocrx_word' id='word_1_42' title='bbox 1080 559 1247 605; x_wconf 83' lang='lat' dir='ltr'>rideant,</span> 
     </span>
    </p>

    <p class='ocr_par' dir='ltr' id='par_1_7' title="bbox 319 628 1172 676">
     <span class='ocr_line' id='line_1_8' title="bbox 319 628 1172 676; baseline -0.015 -1"><span class='ocrx_word' id='word_1_43' title='bbox 319 649 463 675; x_wconf 87' lang='lat' dir='ltr'><strong>canora</strong></span> <span class='ocrx_word' id='word_1_44' title='bbox 484 633 547 672; x_wconf 84' lang='lat' dir='ltr'><strong>hic</strong></span> <span class='ocrx_word' id='word_1_45' title='bbox 568 646 667 671; x_wconf 92' lang='lat' dir='ltr'><strong>uoce</strong></span> <span class='ocrx_word' id='word_1_46' title='bbox 689 644 758 669; x_wconf 83' lang='lat' dir='ltr'><strong>sua</strong></span> <span class='ocrx_word' id='word_1_47' title='bbox 779 628 921 667; x_wconf 89' lang='lat' dir='ltr'><strong>tinnire</strong></span> <span class='ocrx_word' id='word_1_48' title='bbox 942 632 1172 676; x_wconf 80' lang='lat' dir='ltr'><strong>temperent,</strong></span> 
     </span>
    </p>

    <p class='ocr_par' dir='ltr' id='par_1_8' title="bbox 320 692 1166 740">
     <span class='ocr_line' id='line_1_9' title="bbox 320 692 1166 740; baseline -0.014 -1"><span class='ocrx_word' id='word_1_49' title='bbox 320 703 485 740; x_wconf 86' lang='lat' dir='ltr'><strong>domum</strong></span> <span class='ocrx_word' id='word_1_50' title='bbox 507 710 707 737; x_wconf 82' lang='lat' dir='ltr'><strong>sermones</strong></span> <span class='ocrx_word' id='word_1_51' title='bbox 729 693 931 733; x_wconf 87' lang='lat' dir='ltr'><strong>fabulandi</strong></span> <span class='ocrx_word' id='word_1_52' title='bbox 952 692 1166 736; x_wconf 88' lang='lat' dir='ltr'><strong>conferant,</strong></span> 
     </span>
    </p>

    <p class='ocr_par' dir='ltr' id='par_1_9' title="bbox 320 755 1604 881">
     <span class='ocr_line' id='line_1_10' title="bbox 320 755 1604 804; baseline -0.013 0"><span class='ocrx_word' id='word_1_53' title='bbox 320 780 370 804; x_wconf 91' lang='lat' dir='ltr'><strong>ne</strong></span> <span class='ocrx_word' id='word_1_54' title='bbox 391 773 428 804; x_wconf 88' lang='lat' dir='ltr'><strong>et</strong></span> <span class='ocrx_word' id='word_1_55' title='bbox 449 765 512 802; x_wconf 90' lang='lat' dir='ltr'><strong>hic</strong></span> <span class='ocrx_word' id='word_1_56' title='bbox 533 763 624 802; x_wconf 80' lang='lat' dir='ltr'><strong>uiris</strong></span> <span class='ocrx_word' id='word_1_57' title='bbox 646 761 723 800; x_wconf 90' lang='lat' dir='ltr'><strong>sint</strong></span> <span class='ocrx_word' id='word_1_58' title='bbox 743 768 781 799; x_wconf 91' lang='lat' dir='ltr'><strong>et</strong></span> <span class='ocrx_word' id='word_1_59' title='bbox 802 758 910 798; x_wconf 91' lang='lat' dir='ltr'><strong>domi</strong></span> <span class='ocrx_word' id='word_1_60' title='bbox 932 755 1146 796; x_wconf 87' lang='lat' dir='ltr'><strong>molestiae.</strong></span> <span class='ocrx_word' id='word_1_61' title='bbox 1563 761 1604 797; x_wconf 86' lang='lat'><strong>35</strong></span> 
     </span>
     <span class='ocr_line' id='line_1_11' title="bbox 321 820 1178 881; baseline -0.013 -12"><span class='ocrx_word' id='word_1_62' title='bbox 321 831 510 881; x_wconf 82' lang='lat' dir='ltr'><strong>quodque</strong></span> <span class='ocrx_word' id='word_1_63' title='bbox 530 829 581 867; x_wconf 88' lang='lat' dir='ltr'><strong>ad</strong></span> <span class='ocrx_word' id='word_1_64' title='bbox 602 828 785 865; x_wconf 85' lang='lat' dir='ltr'><strong>ludorum</strong></span> <span class='ocrx_word' id='word_1_65' title='bbox 807 831 1004 863; x_wconf 85' lang='lat' dir='ltr'><strong>curatores</strong></span> <span class='ocrx_word' id='word_1_66' title='bbox 1024 820 1178 868; x_wconf 81' lang='lat' dir='ltr'><strong>attinet,</strong></span> 
     </span>
    </p>

    <p class='ocr_par' dir='ltr' id='par_1_10' title="bbox 321 884 1212 945">
     <span class='ocr_line' id='line_1_12' title="bbox 321 884 1212 945; baseline -0.013 -11"><span class='ocrx_word' id='word_1_67' title='bbox 321 910 370 934; x_wconf 91' lang='lat' dir='ltr'><strong>ne</strong></span> <span class='ocrx_word' id='word_1_68' title='bbox 391 896 522 945; x_wconf 85' lang='lat' dir='ltr'><strong>palma</strong></span> <span class='ocrx_word' id='word_1_69' title='bbox 542 894 656 932; x_wconf 91' lang='lat' dir='ltr'><strong>detur</strong></span> <span class='ocrx_word' id='word_1_70' title='bbox 677 889 894 941; x_wconf 83' lang='lat' dir='ltr'><strong>quoiquam</strong></span> <span class='ocrx_word' id='word_1_71' title='bbox 914 886 1052 926; x_wconf 86' lang='lat' dir='ltr'><strong>artifici</strong></span> <span class='ocrx_word' id='word_1_72' title='bbox 1073 884 1212 923; x_wconf 90' lang='lat' dir='ltr'><strong>iniuria</strong></span> 
     </span>
    </p>

    <p class='ocr_par' dir='ltr' id='par_1_11' title="bbox 323 952 1229 999">
     <span class='ocr_line' id='line_1_13' title="bbox 323 952 1229 999; baseline -0.014 1"><span class='ocrx_word' id='word_1_73' title='bbox 323 961 414 999; x_wconf 89' lang='lat' dir='ltr'><strong>niue</strong></span> <span class='ocrx_word' id='word_1_74' title='bbox 435 957 661 998; x_wconf 84' lang='lat' dir='ltr'><strong>ambitionis</strong></span> <span class='ocrx_word' id='word_1_75' title='bbox 683 969 821 994; x_wconf 82' lang='lat' dir='ltr'><strong>caussa</strong></span> <span class='ocrx_word' id='word_1_76' title='bbox 842 954 1096 992; x_wconf 77' lang='lat' dir='ltr'><strong>extrudantur</strong></span> <span class='ocrx_word' id='word_1_77' title='bbox 1117 952 1229 996; x_wconf 91' lang='lat' dir='ltr'><strong>foras,</strong></span> 
     </span>
    </p>

    <p class='ocr_par' dir='ltr' id='par_1_12' title="bbox 323 1016 1094 1077">
     <span class='ocr_line' id='line_1_14' title="bbox 323 1016 1094 1077; baseline -0.014 -12"><span class='ocrx_word' id='word_1_78' title='bbox 323 1040 403 1077; x_wconf 80' lang='lat' dir='ltr'><strong>quo</strong></span> <span class='ocrx_word' id='word_1_79' title='bbox 424 1024 635 1064; x_wconf 88' lang='lat' dir='ltr'><strong>deteriores</strong></span> <span class='ocrx_word' id='word_1_80' title='bbox 656 1027 947 1071; x_wconf 87' lang='lat' dir='ltr'><strong>anteponantur</strong></span> <span class='ocrx_word' id='word_1_81' title='bbox 967 1016 1094 1056; x_wconf 83' lang='lat' dir='ltr'><strong>bonis.</strong></span> 
     </span>
    </p>

    <p class='ocr_par' dir='ltr' id='par_1_13' title="bbox 324 1077 1613 1201">
     <span class='ocr_line' id='line_1_15' title="bbox 324 1077 1613 1140; baseline -0.013 -10"><span class='ocrx_word' id='word_1_82' title='bbox 324 1100 361 1130; x_wconf 84' lang='lat' dir='ltr'><strong>et</strong></span> <span class='ocrx_word' id='word_1_83' title='bbox 381 1093 458 1129; x_wconf 92' lang='lat' dir='ltr'><strong>hoc</strong></span> <span class='ocrx_word' id='word_1_84' title='bbox 480 1102 639 1140; x_wconf 81' lang='lat' dir='ltr'><strong>quoque</strong></span> <span class='ocrx_word' id='word_1_85' title='bbox 660 1087 777 1125; x_wconf 87' lang='lat' dir='ltr'><strong>etiam</strong></span> <span class='ocrx_word' id='word_1_86' title='bbox 800 1085 909 1135; x_wconf 83' lang='lat' dir='ltr'><strong>quod</strong></span> <span class='ocrx_word' id='word_1_87' title='bbox 930 1096 1055 1134; x_wconf 89' lang='lat' dir='ltr'><strong>paene</strong></span> <span class='ocrx_word' id='word_1_88' title='bbox 1077 1080 1221 1120; x_wconf 86' lang='lat' dir='ltr'><strong>oblitus</strong></span> <span class='ocrx_word' id='word_1_89' title='bbox 1242 1077 1320 1117; x_wconf 86' lang='lat' dir='ltr'><strong>fui:</strong></span> <span class='ocrx_word' id='word_1_90' title='bbox 1566 1090 1613 1123; x_wconf 84' lang='lat'><strong>40</strong></span> 
     </span>
     <span class='ocr_line' id='line_1_16' title="bbox 324 1144 1187 1201; baseline -0.015 -6"><span class='ocrx_word' id='word_1_91' title='bbox 324 1158 419 1195; x_wconf 88' lang='lat' dir='ltr'><strong>dum</strong></span> <span class='ocrx_word' id='word_1_92' title='bbox 441 1154 524 1193; x_wconf 88' lang='lat' dir='ltr'><strong>ludi</strong></span> <span class='ocrx_word' id='word_1_93' title='bbox 546 1155 655 1199; x_wconf 87' lang='lat' dir='ltr'><strong>fiunt,</strong></span> <span class='ocrx_word' id='word_1_94' title='bbox 679 1152 719 1189; x_wconf 94' lang='lat' dir='ltr'><strong>in</strong></span> <span class='ocrx_word' id='word_1_95' title='bbox 740 1151 941 1201; x_wconf 88' lang='lat' dir='ltr'><strong>popinam,</strong></span> <span class='ocrx_word' id='word_1_96' title='bbox 966 1144 1187 1198; x_wconf 80' lang='lat' dir='ltr'><strong>pedisequi,</strong></span> 
     </span>
    </p>

    <p class='ocr_par' dir='ltr' id='par_1_14' title="bbox 325 1210 1277 1271">
     <span class='ocr_line' id='line_1_17' title="bbox 325 1210 1277 1271; baseline -0.014 -11"><span class='ocrx_word' id='word_1_97' title='bbox 325 1220 591 1271; x_wconf 85' lang='lat' dir='ltr'><strong>inruptionem</strong></span> <span class='ocrx_word' id='word_1_98' title='bbox 612 1217 753 1263; x_wconf 77' lang='lat' dir='ltr'><strong>facite3</strong></span> <span class='ocrx_word' id='word_1_99' title='bbox 783 1228 889 1253; x_wconf 90' lang='lat' dir='ltr'><strong>nunc</strong></span> <span class='ocrx_word' id='word_1_100' title='bbox 911 1215 1007 1252; x_wconf 87' lang='lat' dir='ltr'><strong>dum</strong></span> <span class='ocrx_word' id='word_1_101' title='bbox 1030 1210 1185 1250; x_wconf 86' lang='lat' dir='ltr'><strong>occasio</strong></span> <span class='ocrx_word' id='word_1_102' title='bbox 1207 1216 1277 1256; x_wconf 88' lang='lat' dir='ltr'><strong>est,</strong></span> 
     </span>
    </p>

    <p class='ocr_par' dir='ltr' id='par_1_15' title="bbox 326 1275 1254 1332">
     <span class='ocr_line' id='line_1_18' title="bbox 326 1275 1254 1332; baseline -0.014 -7"><span class='ocrx_word' id='word_1_103' title='bbox 326 1300 431 1326; x_wconf 94' lang='lat' dir='ltr'><strong>nunc</strong></span> <span class='ocrx_word' id='word_1_104' title='bbox 453 1287 547 1324; x_wconf 87' lang='lat' dir='ltr'><strong>dum</strong></span> <span class='ocrx_word' id='word_1_105' title='bbox 571 1282 780 1322; x_wconf 87' lang='lat' dir='ltr'><strong>scribilitae</strong></span> <span class='ocrx_word' id='word_1_106' title='bbox 807 1281 811 1332; x_wconf 59' lang='grc' dir='ltr'>ἱ</span> <span class='ocrx_word' id='word_1_107' title='bbox 837 1286 1028 1324; x_wconf 87' lang='lat' dir='ltr'><strong>aestuant,</strong></span> <span class='ocrx_word' id='word_1_108' title='bbox 1052 1275 1254 1321; x_wconf 89' lang='lat' dir='ltr'><strong>occurrite,</strong></span> 
     </span>
    </p>

    <p class='ocr_par' dir='ltr' id='par_1_16' title="bbox 328 1339 1336 1401">
     <span class='ocr_line' id='line_1_19' title="bbox 328 1339 1336 1401; baseline -0.014 -10"><span class='ocrx_word' id='word_1_109' title='bbox 328 1355 424 1391; x_wconf 88' lang='lat' dir='ltr'><strong>haec</strong></span> <span class='ocrx_word' id='word_1_110' title='bbox 446 1351 635 1401; x_wconf 89' lang='lat' dir='ltr'><strong>imperata</strong></span> <span class='ocrx_word' id='word_1_111' title='bbox 655 1362 756 1399; x_wconf 83' lang='lat' dir='ltr'><strong>quae</strong></span> <span class='ocrx_word' id='word_1_112' title='bbox 778 1353 867 1384; x_wconf 89' lang='lat' dir='ltr'><strong>sunt</strong></span> <span class='ocrx_word' id='word_1_113' title='bbox 888 1358 959 1396; x_wconf 91' lang='lat' dir='ltr'><strong>pro</strong></span> <span class='ocrx_word' id='word_1_114' title='bbox 980 1341 1144 1393; x_wconf 92' lang='lat' dir='ltr'><strong>imperio</strong></span> <span class='ocrx_word' id='word_1_115' title='bbox 1165 1339 1336 1386; x_wconf 88' lang='lat' dir='ltr'><strong>histrico,</strong></span> 
     </span>
    </p>

    <p class='ocr_par' dir='ltr' id='par_1_17' title="bbox 327 1402 1611 1533">
     <span class='ocr_line' id='line_1_20' title="bbox 328 1402 1611 1462; baseline -0.015 -5"><span class='ocrx_word' id='word_1_116' title='bbox 328 1419 479 1457; x_wconf 86' lang='lat' dir='ltr'><strong>bonum</strong></span> <span class='ocrx_word' id='word_1_117' title='bbox 500 1417 630 1454; x_wconf 86' lang='lat' dir='ltr'><strong>hercle</strong></span> <span class='ocrx_word' id='word_1_118' title='bbox 651 1416 797 1452; x_wconf 84' lang='lat' dir='ltr'><strong>facturn</strong></span> <span class='ocrx_word' id='word_1_119' title='bbox 819 1425 890 1462; x_wconf 90' lang='lat' dir='ltr'><strong>pro</strong></span> <span class='ocrx_word' id='word_1_120' title='bbox 911 1424 952 1449; x_wconf 91' lang='lat' dir='ltr'><strong>se</strong></span> <span class='ocrx_word' id='word_1_121' title='bbox 973 1408 1140 1459; x_wconf 86' lang='lat' dir='ltr'><strong>quisque</strong></span> <span class='ocrx_word' id='word_1_122' title='bbox 1161 1413 1203 1444; x_wconf 94' lang='lat' dir='ltr'><strong>ut</strong></span> <span class='ocrx_word' id='word_1_123' title='bbox 1225 1402 1456 1443; x_wconf 86' lang='lat' dir='ltr'><strong>meminerit.</strong></span> <span class='ocrx_word' id='word_1_124' title='bbox 1569 1413 1611 1450; x_wconf 85' lang='lat'><strong>45</strong></span> 
     </span>
     <span class='ocr_line' id='line_1_21' title="bbox 327 1474 1149 1533; baseline -0.015 -11"><span class='ocrx_word' id='word_1_125' title='bbox 327 1485 377 1522; x_wconf 88' lang='lat' dir='ltr'><strong>ad</strong></span> <span class='ocrx_word' id='word_1_126' title='bbox 398 1488 672 1533; x_wconf 81' lang='lat' dir='ltr'><strong>argumentum</strong></span> <span class='ocrx_word' id='word_1_127' title='bbox 694 1491 800 1516; x_wconf 91' lang='lat' dir='ltr'><strong>nunc</strong></span> <span class='ocrx_word' id='word_1_128' title='bbox 821 1474 1035 1515; x_wconf 88' lang='lat' dir='ltr'><strong>uicissatim</strong></span> <span class='ocrx_word' id='word_1_129' title='bbox 1056 1474 1149 1511; x_wconf 88' lang='lat' dir='ltr'><strong>uolo</strong></span> 
     </span>
    </p>

    <p class='ocr_par' dir='ltr' id='par_1_18' title="bbox 327 1540 1252 1599">
     <span class='ocr_line' id='line_1_22' title="bbox 327 1540 1252 1599; baseline -0.015 -11"><span class='ocrx_word' id='word_1_130' title='bbox 327 1548 543 1599; x_wconf 77' lang='lat' dir='ltr'><strong>remigrare,</strong></span> <span class='ocrx_word' id='word_1_131' title='bbox 567 1554 610 1584; x_wconf 92' lang='lat' dir='ltr'><strong>ut</strong></span> <span class='ocrx_word' id='word_1_132' title='bbox 629 1558 755 1595; x_wconf 82' lang='lat' dir='ltr'><strong>aeque</strong></span> <span class='ocrx_word' id='word_1_133' title='bbox 777 1556 933 1581; x_wconf 87' lang='lat' dir='ltr'><strong>mecum</strong></span> <span class='ocrx_word' id='word_1_134' title='bbox 955 1540 1036 1579; x_wconf 89' lang='lat' dir='ltr'><strong>sitis</strong></span> <span class='ocrx_word' id='word_1_135' title='bbox 1057 1550 1252 1589; x_wconf 87' lang='lat' dir='ltr'><strong>gnarures.</strong></span> 
     </span>
    </p>

    <p class='ocr_par' dir='ltr' id='par_1_19' title="bbox 329 1605 1122 1662">
     <span class='ocr_line' id='line_1_23' title="bbox 329 1605 1122 1662; baseline -0.015 -8"><span class='ocrx_word' id='word_1_136' title='bbox 329 1615 411 1654; x_wconf 92' lang='lat' dir='ltr'><strong>eius</strong></span> <span class='ocrx_word' id='word_1_137' title='bbox 433 1628 538 1652; x_wconf 92' lang='lat' dir='ltr'><strong>nunc</strong></span> <span class='ocrx_word' id='word_1_138' title='bbox 560 1612 749 1662; x_wconf 82' lang='lat' dir='ltr'><strong>regiones,</strong></span> <span class='ocrx_word' id='word_1_139' title='bbox 772 1608 926 1653; x_wconf 84' lang='lat' dir='ltr'><strong>limites,</strong></span> <span class='ocrx_word' id='word_1_140' title='bbox 950 1605 1122 1645; x_wconf 89' lang='lat' dir='ltr'><strong>confinia</strong></span> 
     </span>
    </p>

    <p class='ocr_par' dir='ltr' id='par_1_20' title="bbox 330 1668 1278 1724">
     <span class='ocr_line' id='line_1_24' title="bbox 330 1668 1278 1724; baseline -0.015 -5"><span class='ocrx_word' id='word_1_141' title='bbox 330 1678 603 1719; x_wconf 86' lang='lat' dir='ltr'><strong>determinabo</strong></span> <span class='ocrx_word' id='word_1_142' title='bbox 621 1692 627 1714; x_wconf 89' lang='lat'>:</span> <span class='ocrx_word' id='word_1_143' title='bbox 657 1675 692 1714; x_wconf 92' lang='lat' dir='ltr'><strong>ei</strong></span> <span class='ocrx_word' id='word_1_144' title='bbox 713 1675 767 1714; x_wconf 89' lang='lat' dir='ltr'><strong>rei</strong></span> <span class='ocrx_word' id='word_1_145' title='bbox 788 1687 861 1724; x_wconf 82' lang='lat' dir='ltr'><strong>ego</strong></span> <span class='ocrx_word' id='word_1_146' title='bbox 883 1686 969 1711; x_wconf 90' lang='lat' dir='ltr'><strong>sum</strong></span> <span class='ocrx_word' id='word_1_147' title='bbox 991 1673 1116 1709; x_wconf 89' lang='lat' dir='ltr'><strong>factus</strong></span> <span class='ocrx_word' id='word_1_148' title='bbox 1137 1668 1278 1707; x_wconf 91' lang='lat' dir='ltr'><strong>finitor.</strong></span> 
     </span>
    </p>

    <p class='ocr_par' dir='ltr' id='par_1_21' title="bbox 330 1734 1616 1855">
     <span class='ocr_line' id='line_1_25' title="bbox 332 1734 1616 1787; baseline -0.014 -4"><span class='ocrx_word' id='word_1_149' title='bbox 332 1746 401 1784; x_wconf 91' lang='lat' dir='ltr'><strong>sed</strong></span> <span class='ocrx_word' id='word_1_150' title='bbox 422 1743 495 1782; x_wconf 85' lang='lat' dir='ltr'><strong>nisi</strong></span> <span class='ocrx_word' id='word_1_151' title='bbox 517 1744 776 1787; x_wconf 87' lang='lat' dir='ltr'><strong>molestumst,</strong></span> <span class='ocrx_word' id='word_1_152' title='bbox 800 1752 948 1777; x_wconf 84' lang='lat' dir='ltr'><strong>nornen</strong></span> <span class='ocrx_word' id='word_1_153' title='bbox 969 1738 1061 1776; x_wconf 87' lang='lat' dir='ltr'><strong>dare</strong></span> <span class='ocrx_word' id='word_1_154' title='bbox 1082 1734 1196 1774; x_wconf 81' lang='lat' dir='ltr'><strong>uobis</strong></span> <span class='ocrx_word' id='word_1_155' title='bbox 1217 1734 1310 1772; x_wconf 84' lang='lat' dir='ltr'><strong>uolo</strong></span> <span class='ocrx_word' id='word_1_156' title='bbox 1573 1740 1616 1776; x_wconf 85' lang='lat'><strong>50</strong></span> 
     </span>
     <span class='ocr_line' id='line_1_26' title="bbox 330 1803 1151 1855; baseline -0.013 -6"><span class='ocrx_word' id='word_1_157' title='bbox 330 1808 576 1855; x_wconf 72' lang='lat' dir='ltr'><strong>comoediai,</strong></span> <span class='ocrx_word' id='word_1_158' title='bbox 605 1807 665 1845; x_wconf 88' lang='lat' dir='ltr'><strong>sin</strong></span> <span class='ocrx_word' id='word_1_159' title='bbox 687 1805 829 1852; x_wconf 82' lang='lat' dir='ltr'><strong>odiost,</strong></span> <span class='ocrx_word' id='word_1_160' title='bbox 854 1803 985 1843; x_wconf 91' lang='lat' dir='ltr'><strong>dicam</strong></span> <span class='ocrx_word' id='word_1_161' title='bbox 1006 1810 1151 1847; x_wconf 89' lang='lat' dir='ltr'><strong>tamen,</strong></span> 
     </span>
    </p>

    <p class='ocr_par' dir='ltr' id='par_1_22' title="bbox 331 1865 1335 1926">
     <span class='ocr_line' id='line_1_27' title="bbox 331 1865 1335 1926; baseline -0.014 -12"><span class='ocrx_word' id='word_1_162' title='bbox 331 1875 526 1926; x_wconf 85' lang='lat' dir='ltr'><strong>siquidem</strong></span> <span class='ocrx_word' id='word_1_163' title='bbox 548 1872 681 1911; x_wconf 87' lang='lat' dir='ltr'><strong>licebit</strong></span> <span class='ocrx_word' id='word_1_164' title='bbox 702 1885 770 1921; x_wconf 93' lang='lat' dir='ltr'><strong>per</strong></span> <span class='ocrx_word' id='word_1_165' title='bbox 792 1870 879 1909; x_wconf 90' lang='lat' dir='ltr'><strong>illos</strong></span> <span class='ocrx_word' id='word_1_166' title='bbox 901 1869 1045 1920; x_wconf 88' lang='lat' dir='ltr'><strong>quibus</strong></span> <span class='ocrx_word' id='word_1_167' title='bbox 1066 1874 1125 1905; x_wconf 90' lang='lat' dir='ltr'><strong>est</strong></span> <span class='ocrx_word' id='word_1_168' title='bbox 1145 1865 1183 1904; x_wconf 91' lang='lat' dir='ltr'><strong>in</strong></span> <span class='ocrx_word' id='word_1_169' title='bbox 1207 1876 1335 1902; x_wconf 89' lang='lat' dir='ltr'><strong>manu.</strong></span> 
     </span>
    </p>

    <p class='ocr_par' dir='ltr' id='par_1_23' title="bbox 333 1932 1144 1992">
     <span class='ocr_line' id='line_1_28' title="bbox 333 1932 1144 1992; baseline -0.011 -13"><span class='ocrx_word' id='word_1_170' title='bbox 333 1941 586 1992; x_wconf 74' lang='grc' dir='ltr'>Καρχηδόνιος</span> <span class='ocrx_word' id='word_1_171' title='bbox 606 1946 770 1977; x_wconf 91' lang='lat' dir='ltr'><strong>uocatur</strong></span> <span class='ocrx_word' id='word_1_172' title='bbox 791 1938 888 1975; x_wconf 87' lang='lat' dir='ltr'><strong>haec</strong></span> <span class='ocrx_word' id='word_1_173' title='bbox 910 1932 1119 1974; x_wconf 89' lang='lat' dir='ltr'><strong>comoedia</strong></span> <span class='ocrx_word' id='word_1_174' title='bbox 1135 1947 1144 1979; x_wconf 78' lang='lat'><em>3</em></span> 
     </span>
    </p>

    <p class='ocr_par' dir='ltr' id='par_1_24' title="bbox 331 1996 1250 2050">
     <span class='ocr_line' id='line_1_29' title="bbox 331 1996 1250 2050; baseline -0.011 -6"><span class='ocrx_word' id='word_1_175' title='bbox 331 2006 450 2045; x_wconf 87' lang='lat' dir='ltr'><strong>latine</strong></span> <span class='ocrx_word' id='word_1_176' title='bbox 472 2006 633 2043; x_wconf 87' lang='lat' dir='ltr'><strong>Plautus</strong></span> <span class='ocrx_word' id='word_1_177' title='bbox 658 1997 869 2041; x_wconf 69' lang='lat' dir='ltr'><strong>‘Patruos&#39;¹</strong></span> <span class='ocrx_word' id='word_1_178' title='bbox 890 1996 1250 2050; x_wconf 82' lang='lat' dir='ltr'><strong>Pultiphagonides.</strong></span> 
     </span>
    </p>
   </div>
   <div class='ocr_carea' id='block_1_3' title="bbox 220 2097 1556 2416">
    <p class='ocr_par' dir='ltr' id='par_1_25' title="bbox 220 2097 1556 2416">
     <span class='ocr_line' id='line_1_30' title="bbox 268 2097 1556 2152; baseline -0.013 -8"><span class='ocrx_word' id='word_1_179' title='bbox 268 2124 308 2152; x_wconf 86' lang='lat'><strong>27</strong></span> <span class='ocrx_word' id='word_1_180' title='bbox 335 2112 513 2143; x_wconf 83' lang='lat' dir='ltr'><strong>reueniant</strong></span> <span class='ocrx_word' id='word_1_181' title='bbox 535 2110 663 2141; x_wconf 74' lang='lat' dir='ltr'><strong>Bothe:</strong></span> <span class='ocrx_word' id='word_1_182' title='bbox 688 2109 827 2140; x_wconf 86' lang='lat' dir='ltr'><strong>ueniant</strong></span> <span class='ocrx_word' id='word_1_183' title='bbox 851 2107 915 2138; x_wconf 87' lang='lat' dir='ltr'><strong>cod.</strong></span> <span class='ocrx_word' id='word_1_184' title='bbox 944 2106 1003 2137; x_wconf 80' lang='lat' dir='ltr'><strong>(iii.</strong></span> <span class='ocrx_word' id='word_1_185' title='bbox 1031 2105 1066 2145; x_wconf 75' lang='grc'><strong>3)</strong></span> <span class='ocrx_word' id='word_1_186' title='bbox 1200 2113 1242 2142; x_wconf 83' lang='grc' dir='ltr'><strong>3ο</strong></span> <span class='ocrx_word' id='word_1_187' title='bbox 1266 2104 1401 2141; x_wconf 79' lang='lat' dir='ltr'><strong>pertant</strong></span> <span class='ocrx_word' id='word_1_188' title='bbox 1423 2097 1488 2129; x_wconf 85' lang='lat' dir='ltr'><strong>cod.</strong></span> <span class='ocrx_word' id='word_1_189' title='bbox 1510 2097 1556 2137; x_wconf 92' lang='lat' dir='ltr'><strong>(T</strong></span> 
     </span>
     <span class='ocr_line' id='line_1_31' title="bbox 220 2143 1556 2199; baseline -0.013 -11"><span class='ocrx_word' id='word_1_190' title='bbox 220 2164 282 2199; x_wconf 76' lang='lat' dir='ltr'><strong>pro</strong></span> <span class='ocrx_word' id='word_1_191' title='bbox 300 2157 342 2197; x_wconf 86' lang='lat' dir='ltr'><strong>E)</strong></span> <span class='ocrx_word' id='word_1_192' title='bbox 362 2156 464 2186; x_wconf 61' lang='lat' dir='ltr'><strong>(unde</strong></span> <span class='ocrx_word' id='word_1_193' title='bbox 479 2156 628 2195; x_wconf 88' lang='lat' dir='ltr'><strong>peritent</strong></span> <span class='ocrx_word' id='word_1_194' title='bbox 651 2154 685 2192; x_wconf 82' lang='lat' dir='ltr'><strong>T,</strong></span> <span class='ocrx_word' id='word_1_195' title='bbox 706 2156 849 2192; x_wconf 86' lang='lat' dir='ltr'><strong>pereant</strong></span> <span class='ocrx_word' id='word_1_196' title='bbox 866 2151 953 2185; x_wconf 62' lang='lat' dir='ltr'>PCD‘)</span> <span class='ocrx_word' id='word_1_197' title='bbox 1100 2157 1142 2187; x_wconf 85' lang='lat'><strong>32</strong></span> <span class='ocrx_word' id='word_1_198' title='bbox 1166 2147 1300 2177; x_wconf 88' lang='lat' dir='ltr'><strong>rediant</strong></span> <span class='ocrx_word' id='word_1_199' title='bbox 1312 2143 1378 2175; x_wconf 88' lang='lat' dir='ltr'><strong>cod.</strong></span> <span class='ocrx_word' id='word_1_200' title='bbox 1513 2143 1556 2180; x_wconf 88' lang='lat'><strong>36</strong></span> 
     </span>
     <span class='ocr_line' id='line_1_32' title="bbox 225 2185 1554 2240; baseline -0.013 -8"><span class='ocrx_word' id='word_1_201' title='bbox 225 2203 267 2232; x_wconf 85' lang='lat' dir='ltr'><strong>ad</strong></span> <span class='ocrx_word' id='word_1_202' title='bbox 286 2212 349 2231; x_wconf 85' lang='lat' dir='ltr'><strong>om.</strong></span> <span class='ocrx_word' id='word_1_203' title='bbox 371 2200 402 2230; x_wconf 82' lang='lat' dir='ltr'><em>B</em></span> <span class='ocrx_word' id='word_1_204' title='bbox 533 2209 573 2237; x_wconf 83' lang='lat'><strong>43</strong></span> <span class='ocrx_word' id='word_1_205' title='bbox 598 2196 737 2240; x_wconf 84' lang='lat' dir='ltr'><strong>(aestu)</strong></span> <span class='ocrx_word' id='word_1_206' title='bbox 756 2199 912 2226; x_wconf 85' lang='lat' dir='ltr'><strong>aestuant</strong></span> <span class='ocrx_word' id='word_1_207' title='bbox 932 2194 1029 2224; x_wconf 75' lang='lat' dir='ltr'><strong>Goelz</strong></span> <span class='ocrx_word' id='word_1_208' title='bbox 1118 2202 1158 2230; x_wconf 89' lang='lat'><strong>44</strong></span> <span class='ocrx_word' id='word_1_209' title='bbox 1182 2200 1269 2230; x_wconf 88' lang='lat' dir='ltr'><strong>quae</strong></span> <span class='ocrx_word' id='word_1_210' title='bbox 1286 2190 1449 2228; x_wconf 84' lang='lat' dir='ltr'><strong>imperata</strong></span> <span class='ocrx_word' id='word_1_211' title='bbox 1464 2185 1530 2216; x_wconf 88' lang='lat' dir='ltr'><strong>cod.</strong></span> <span class='ocrx_word' id='word_1_212' title='bbox 1547 2196 1554 2214; x_wconf 75' lang='grc' dir='ltr'><strong><em>ι</em></strong></span> 
     </span>
     <span class='ocr_line' id='line_1_33' title="bbox 227 2228 1552 2281; baseline -0.014 -5"><span class='ocrx_word' id='word_1_213' title='bbox 227 2246 299 2276; x_wconf 70' lang='lat' dir='ltr'><strong>irai.</strong></span> <span class='ocrx_word' id='word_1_214' title='bbox 321 2243 542 2278; x_wconf 73' lang='lat' dir='ltr'><strong>Camerarius,</strong></span> <span class='ocrx_word' id='word_1_215' title='bbox 567 2241 717 2281; x_wconf 52' lang='lat' dir='ltr'><strong>rstvffnno</strong></span> <span class='ocrx_word' id='word_1_216' title='bbox 741 2238 909 2269; x_wconf 79' lang='lat' dir='ltr'><strong>consulens</strong></span> <span class='ocrx_word' id='word_1_217' title='bbox 1056 2246 1095 2274; x_wconf 86' lang='lat'><strong>47</strong></span> <span class='ocrx_word' id='word_1_218' title='bbox 1122 2236 1300 2274; x_wconf 84' lang='lat' dir='ltr'><strong>ignarures</strong></span> <span class='ocrx_word' id='word_1_219' title='bbox 1330 2230 1395 2262; x_wconf 86' lang='lat' dir='ltr'><strong>cod.</strong></span> <span class='ocrx_word' id='word_1_220' title='bbox 1431 2232 1467 2260; x_wconf 81' lang='lat' dir='ltr'><strong>ut</strong></span> <span class='ocrx_word' id='word_1_221' title='bbox 1489 2228 1552 2259; x_wconf 81' lang='lat' dir='ltr'><strong>vid.</strong></span> 
     </span>
     <span class='ocr_line' id='line_1_34' title="bbox 228 2272 1556 2328; baseline -0.014 -8"><span class='ocrx_word' id='word_1_222' title='bbox 228 2300 269 2328; x_wconf 88' lang='lat'><strong>49</strong></span> <span class='ocrx_word' id='word_1_223' title='bbox 294 2289 367 2319; x_wconf 83' lang='lat' dir='ltr'><strong>eius</strong></span> <span class='ocrx_word' id='word_1_224' title='bbox 378 2286 465 2318; x_wconf 83' lang='lat' dir='ltr'><strong>codd.</strong></span> <span class='ocrx_word' id='word_1_225' title='bbox 481 2286 584 2317; x_wconf 78' lang='lat' dir='ltr'><strong>Nonii</strong></span> <span class='ocrx_word' id='word_1_226' title='bbox 599 2294 632 2315; x_wconf 82' lang='lat'><strong>11</strong></span> <span class='ocrx_word' id='word_1_227' title='bbox 741 2283 853 2313; x_wconf 71' lang='lat' dir='ltr'><strong>finitor</strong></span> <span class='ocrx_word' id='word_1_228' title='bbox 863 2282 971 2312; x_wconf 85' lang='lat' dir='ltr'><strong>sactus</strong></span> <span class='ocrx_word' id='word_1_229' title='bbox 990 2290 1062 2311; x_wconf 85' lang='lat' dir='ltr'><strong>sum</strong></span> <span class='ocrx_word' id='word_1_230' title='bbox 1077 2279 1236 2315; x_wconf 80' lang='lat' dir='ltr'><strong>Muretus,</strong></span> <span class='ocrx_word' id='word_1_231' title='bbox 1256 2275 1313 2306; x_wconf 84' lang='lat' dir='ltr'><strong>sed</strong></span> <span class='ocrx_word' id='word_1_232' title='bbox 1327 2275 1362 2315; x_wconf 82' lang='lat' dir='ltr'><strong>cs.</strong></span> <span class='ocrx_word' id='word_1_233' title='bbox 1380 2272 1556 2311; x_wconf 79' lang='lat' dir='ltr'><strong>Netllesln&#39;p</strong></span> 
     </span>
     <span class='ocr_line' id='line_1_35' title="bbox 229 2315 1555 2371; baseline -0.014 -8"><span class='ocrx_word' id='word_1_234' title='bbox 229 2333 365 2371; x_wconf 25' lang='lat' dir='ltr'><strong>(Journi</strong></span> <span class='ocrx_word' id='word_1_235' title='bbox 384 2331 469 2361; x_wconf 73' lang='lat' dir='ltr'><em>Plzz&#39;l.</em></span> <span class='ocrx_word' id='word_1_236' title='bbox 492 2341 543 2368; x_wconf 84' lang='lat'><strong>24,</strong></span> <span class='ocrx_word' id='word_1_237' title='bbox 565 2329 646 2367; x_wconf 63' lang='lat'>229)</span> <span class='ocrx_word' id='word_1_238' title='bbox 780 2336 823 2365; x_wconf 87' lang='lat'><strong>50</strong></span> <span class='ocrx_word' id='word_1_239' title='bbox 848 2334 971 2355; x_wconf 85' lang='lat' dir='ltr'><strong>nomen</strong></span> <span class='ocrx_word' id='word_1_240' title='bbox 997 2324 1079 2354; x_wconf 81' lang='lat' dir='ltr'><strong>dare</strong></span> <span class='ocrx_word' id='word_1_241' title='bbox 1102 2322 1197 2353; x_wconf 81' lang='lat' dir='ltr'><strong>Ital.:</strong></span> <span class='ocrx_word' id='word_1_242' title='bbox 1222 2331 1290 2351; x_wconf 87' lang='lat' dir='ltr'><strong>non</strong></span> <span class='ocrx_word' id='word_1_243' title='bbox 1311 2318 1473 2349; x_wconf 84' lang='lat' dir='ltr'><strong>mendare</strong></span> <span class='ocrx_word' id='word_1_244' title='bbox 1490 2315 1555 2346; x_wconf 90' lang='lat' dir='ltr'><strong>cod.</strong></span> 
     </span>
     <span class='ocr_line' id='line_1_36' title="bbox 229 2367 1105 2416; baseline -0.013 -9"><span class='ocrx_word' id='word_1_245' title='bbox 229 2386 270 2416; x_wconf 81' lang='lat'><strong>53</strong></span> <span class='ocrx_word' id='word_1_246' title='bbox 291 2379 367 2416; x_wconf 83' lang='lat' dir='ltr'><strong>post</strong></span> <span class='ocrx_word' id='word_1_247' title='bbox 384 2375 471 2405; x_wconf 82' lang='lat' dir='ltr'><em>lzunc</em></span> <span class='ocrx_word' id='word_1_248' title='bbox 485 2383 615 2404; x_wconf 82' lang='lat' dir='ltr'><strong>versum</strong></span> <span class='ocrx_word' id='word_1_249' title='bbox 632 2372 789 2402; x_wconf 78' lang='lat' dir='ltr'><strong>laczmam</strong></span> <span class='ocrx_word' id='word_1_250' title='bbox 807 2369 952 2409; x_wconf 48' lang='lat' dir='ltr'><strong>sig-navit</strong></span> <span class='ocrx_word' id='word_1_251' title='bbox 968 2367 1105 2408; x_wconf 80' lang='lat' dir='ltr'><strong>Geppert</strong></span> 
     </span>
    </p>
   </div>
   <div class='ocr_carea' id='block_1_4' title="bbox 978 2520 1000 2531">
    <p class='ocr_par' dir='ltr' id='par_1_26' title="bbox 978 2520 1000 2531">
     <span class='ocr_line' id='line_1_37' title="bbox 978 2520 1000 2531; baseline 0 0"><span class='ocrx_word' id='word_1_252' title='bbox 978 2520 1000 2531; x_wconf 70' lang='lat' dir='ltr'><em>l</em></span> 
     </span>
    </p>
   </div>
  </div>
 </body>
</html>
