1783 2707
167 140 221 177 ΙΙ.
246 139 292 175 vi
658 134 703 170 T.
739 130 919 170 MACCI
951 128 1155 167 PLAVTI

192 263 232 293 30
251 247 346 298 quid
368 247 419 285 illi
439 260 484 285 ex
500 253 610 284 utero
632 243 785 282 exitiost
803 241 899 292 priu'
913 253 1030 290 quam
1053 245 1204 290 poterat
1224 237 1278 275 ire
1299 236 1338 274 in
1360 234 1582 287 proelium?

252 316 318 352 As.
352 323 594 361 consequere
615 317 732 359 atque
754 307 858 345 illam
880 307 1004 344 saluta
1031 311 1068 343 et
1098 304 1288 354 gratulare
1309 301 1374 340 illi.
1433 302 1580 339 STRAT.

1428 378 1580 416 sequor.

252 446 324 482 PH.
358 442 425 481 ubi
447 441 520 488 illa,
545 441 722 491 opsecro,
743 446 800 477 est
828 450 928 488 quae
958 449 1022 474 me
1046 434 1110 473 hic
1130 432 1297 484 reliquit,
1320 444 1438 483 eapse
1457 430 1585 470 abiit?

1448 495 1585 535 uffim?

252 577 320 613 As.
352 574 504 619 adsum,
520 571 678 611 adduco
694 569 764 609 tibi
786 574 1011 619 exoptatum
1034 566 1349 616 Stratophanem.
1410 564 1483 600 PH.
1516 561 1584 600 ubi

1244 629 1276 667 is
1296 635 1365 675 est,
1388 628 1585 678 opsecro?

254 708 400 744 STRAT.
435 705 542 741 Mars
574 714 732 752 peregre
761 699 977 739 adueniens
1008 699 1149 736 salutat
1179 695 1393 734 Nerienem
1423 705 1583 732 uxorem
1604 707 1668 745 515

1460 771 1581 796 suam.

194 853 232 884 35
255 850 376 888 quom
397 843 438 874 tu
460 841 564 874 recte
584 831 800 884 prouenisti
821 843 1023 881 quomque
1044 842 1084 868 es
1105 834 1219 867 aucta
1239 824 1381 871 liberis

255 903 434 952 gratulor,
459 912 579 950 quom
603 897 697 936 mihi
719 896 869 946 tibique
890 907 1077 945 magnum
1098 891 1282 944 peperisti
1304 892 1434 930 decus.

259 969 330 1005 PH.
363 967 480 1012 salue,
504 964 570 1015 qui
592 977 655 1002 me
676 960 902 1001 interfecisti
923 973 1049 1011 paene
1068 958 1149 997 uita
1169 965 1207 997 et
1226 955 1375 995 lumine

256 1032 470 1083 †quiquem
491 1030 569 1070 ibi†
590 1027 721 1079 magni
742 1026 889 1066 doloris
910 1039 978 1076 per
998 1025 1242 1074 uoluptatem
1260 1029 1371 1060 tuam

257 1095 467 1137 condidisti
490 1095 529 1133 in
551 1107 703 1145 corpus,
727 1106 807 1143 quo
828 1104 934 1130 nunc
955 1090 1072 1129 etiam
1095 1089 1233 1127 morbo
1254 1087 1394 1125 misera
1415 1099 1512 1124 sum.
1609 1095 1677 1132 520

195 1177 237 1208 40
258 1166 404 1203 STRAT.
438 1161 552 1200 heia!
587 1160 694 1199 haud
723 1159 773 1197 ab
803 1171 853 1204 re,
878 1170 964 1196 mea
995 1156 1187 1205 uoluptas,
1210 1152 1281 1192 tibi
1311 1151 1396 1190 istic
1426 1149 1589 1189 obuenit

1452 1216 1563 1254 labos
1582 1229 1588 1253 :

259 1294 381 1333 filium
403 1291 597 1344 peperisti,
621 1290 686 1341 qui
708 1289 817 1329 aedis
838 1287 971 1339 spoliis
993 1285 1169 1337 opplebit
1190 1292 1286 1323 tuas.

260 1362 333 1397 PH.
365 1359 489 1396 multo
510 1364 661 1396 ecastor
683 1354 804 1405 magis
825 1352 993 1404 oppletis
1014 1350 1128 1390 tritici
1149 1357 1265 1400 opust
1285 1348 1479 1399 granariis,

260 1439 319 1472 ne,
343 1424 406 1463 ille
427 1422 522 1474 priu'
544 1435 661 1472 quarn
683 1419 807 1471 spolia
827 1419 965 1470 capiat,
988 1417 1080 1456 hinc
1101 1429 1173 1455 nos
1193 1414 1354 1454 extinxit
1374 1415 1506 1452 fames.

263 1494 412 1531 STRAT.
444 1490 546 1528 habe
569 1489 718 1527 bonum
741 1486 928 1525 animum.
990 1486 1063 1523 PH.
1089 1482 1241 1522 sanium
1263 1481 1314 1520 sis
1335 1485 1474 1532 †pete†
1498 1478 1590 1518 hinc
1611 1489 1674 1526 525

1140 1550 1242 1587 —ah
1264 1551 1269 1586 ἔ
1300 1560 1455 1597 nequeo
1475 1552 1591 1596 caput

202 1635 240 1666 45
264 1624 409 1668 tollere,
433 1621 484 1659 ita
505 1621 613 1659 dolet
634 1619 765 1669 itaque
786 1631 859 1669 ego
882 1617 1101 1662 †n]eclirlo†‚
1125 1627 1254 1664 neque
1275 1612 1392 1651 etiam
1414 1624 1516 1662 queo

263 1687 431 1739 pedibus
462 1699 548 1724 mea
582 1692 722 1735 sponte
756 1684 967 1722 ambulare.
1039 1684 1185 1718 STRAT.
1218 1678 1248 1717 si
1284 1679 1413 1716 hercle
1445 1690 1508 1715 me
1546 1690 1591 1714 ex

1038 1748 1041 1751 ’
1344 1742 1475 1782 medio
1496 1740 1592 1780 mari

307 1866 369 1897 512
394 1855 553 1896 gratulari
571 1855 635 1885 cod.
773 1864 836 1893 513
861 1853 909 1883 vel
926 1852 1019 1883 illaec
1093 1855 1143 1882 est
1163 1851 1306 1881 obsecro
1324 1848 1426 1879 Bothe
1492 1845 1594 1888 ab<iit

264 1900 373 1943 ub)ist
390 1901 472 1931 Leo:
509 1898 606 1930 abisti
623 1897 689 1929 cod.
818 1907 879 1936 514
904 1897 1034 1928 adduco
1051 1895 1124 1926 Ital.
1143 1906 1148 1924 :
1180 1894 1309 1924 adduce
1330 1891 1397 1923 cod.
1489 1894 1595 1921 strato

265 1955 351 1984 pane
370 1943 492 1975 nubilis
509 1947 561 1973 est
578 1941 642 1973 cod.
659 1954 665 1974 :
692 1952 770 1974 corr.
791 1940 863 1971 Ital.
939 1949 1003 1979 515
1028 1948 1192 1969 uoxorcm
1210 1937 1242 1967 Β
1259 1937 1336 1977 (pro
1353 1935 1446 1972 nex-3
1532 1934 1596 1972 516

265 1998 362 2028 quam
379 1998 444 2027 qua
461 1997 498 2017 es
514 1986 580 2017 cod.
671 1995 733 2025 517
760 1984 922 2025 peperisti
939 1983 1068 2014 Merula
1085 1993 1090 2011 :
1117 1981 1237 2012 dei-isti
1254 1980 1318 2011 cod.
1338 1991 1344 2010 :
1368 1980 1422 2010 vix
1437 1977 1594 2009 decoristi

266 2033 328 2071 518
353 2032 421 2062 uita
447 2030 682 2061 Camerarius:
716 2029 783 2070 [ut]
811 2028 879 2059 ulta
906 2027 972 2058 cod.
995 2028 1050 2066 (iv.
1077 2026 1110 2065 3)
1132 2036 1138 2056 ε
1172 2029 1206 2056 et
1231 2024 1298 2056 uita
1322 2023 1395 2053 Ital.
1532 2031 1596 2060 519

267 2076 400 2114 uimque
431 2074 512 2105 mihi
540 2073 733 2104 Buecheler:
768 2072 890 2111 quique
923 2071 1001 2101 mihi
1028 2072 1185 2110 (magnos
1213 2066 1362 2103 dolores)
1388 2066 1488 2097 I!al.:
1511 2065 1592 2104 fort.

266 2119 354 2158 quiq'
370 2118 414 2149 mi
431 2119 498 2149 uim
589 2127 648 2156 521
675 2116 758 2147 Cela
771 2116 812 2146 ad
826 2116 868 2146 ob
887 2125 957 2145 rem
970 2113 1035 2145 cod.
1054 2125 1061 2144 z
1084 2123 1163 2144 corr.
1179 2111 1389 2143 Camerarius
1457 2109 1595 2139 obuenit

266 2163 360 2193 labos
374 2163 457 2194 istec
470 2161 539 2193 cod.
556 2173 562 2191 :
587 2161 660 2191 trai.
683 2159 807 2191 Goeller
915 2168 977 2197 522
1003 2156 1153 2197 oppleuit
1170 2155 1233 2186 cod.
1259 2155 1288 2185 i.
1304 2166 1325 2184 e.
1345 2153 1421 2189 -bit)
1531 2161 1596 2191 523

265 2216 352 2246 opus
385 2211 437 2237 est
470 2205 571 2236 tritici
603 2204 688 2235 cod.:
730 2202 801 2233 Irai.
837 2202 941 2233 Bothe
1040 2200 1186 2239 granarii
1218 2198 1293 2229 PCD
1439 2206 1502 2235 524
1541 2195 1595 2226 hic

266 2250 428 2290 Angelius
604 2257 667 2287 525
691 2247 777 2278 habe
808 2246 934 2277 bonum
960 2245 1110 2276 animum
1139 2243 1236 2274 Ital:
1271 2241 1402 2272 habebo
1427 2249 1494 2270 unu
1526 2249 1595 2269 ma-

268 2293 426 2325 nuntcod.
443 2293 513 2333 (vii.
531 2302 561 2331 p.
582 2292 656 2330 103)
749 2295 825 2329 pete
842 2290 919 2320 hinc
931 2289 977 2319 sis
990 2287 1112 2318 Bothe:
1137 2298 1179 2316 an
1198 2286 1243 2317 sis
1257 2291 1373 2325 petere
1384 2284 1484 2314 hinc?
1552 2282 1594 2312 ah

267 2337 392 2368 Botlze:
416 2337 457 2367 ab
480 2335 546 2366 cod.
561 2334 716 2375 tbproh)
816 2335 880 2373 526
897 2333 986 2363 dolet
1001 2331 1144 2371 Spengel
1159 2342 1165 2361 :
1191 2330 1233 2360 do
1251 2333 1284 2359 ut
1302 2327 1367 2359 cod.
1383 2328 1455 2368 (pro
1472 2326 1555 2357 dolit
1567 2327 1592 2364 2)

268 2391 332 2420 ego
350 2390 402 2411 me
421 2379 519 2410 doleo
538 2378 610 2409 Ital.
629 2390 634 2408 :
666 2382 801 2416 egomet
819 2378 850 2407 d.
870 2376 1012 2417 Spengel
1107 2375 1208 2405 etiam
1228 2372 1459 2403 Camerarius:
1496 2369 1593 2400 eliam

267 2423 335 2455 cod.
429 2433 490 2463 527
517 2423 543 2453 si
560 2421 672 2452 hercle
690 2431 742 2451 mc
761 2420 887 2451 Luchs:
914 2420 963 2450 sih
984 2419 1083 2459 plane
1103 2418 1241 2459 (plame)
1260 2415 1326 2446 cod.
1405 2414 1504 2444 maria
1520 2412 1594 2443 ΡΠ)

969 2512 1004 2533 l-
