1783 2707
49 120 101 157 II.
125 119 154 155 ii

113 232 154 273 65

117 694 158 730 70

118 1022 155 1054 75

119 1472 159 1502 So

590 118 635 154 T.
670 115 849 155 MACCI
882 115 1084 152 PLAVTI

173 228 290 278 uigila
311 228 483 278 inquam,
502 225 766 277 expergiscere
787 224 960 274 inquam,
984 224 1087 262 lucet
1109 224 1185 261 hoc
1206 221 1377 272 inquam.
1430 224 1499 261 PA.

1367 287 1497 326 audio.

176 361 242 396 PE.
266 357 386 397 uiden
404 357 526 396 hostis
543 355 612 395 tibi
634 356 772 394 adesse
788 361 937 404 tuoque
958 361 1066 403 tergo
1082 352 1305 403 opsidium?
1325 353 1498 399 consule,

172 423 296 473 arripe
327 435 444 473 opem
474 420 741 470 auxiliumque
771 420 820 458 ad
846 421 948 457 hanc
974 432 1079 456 rem:
1112 430 1275 467 propere
1304 418 1391 464 hoc,
1420 430 1500 454 non
1521 427 1589 452 220

1199 481 1354 532 placide
1374 482 1497 520 decet.

173 553 357 592 anteueni
378 552 519 602 aliqua,
542 551 675 601 aliquo
696 552 795 589 saltu
817 548 1069 587 circumduce
1091 547 1314 593 exercitum,

176 632 272 669 coge
293 619 332 656 in
354 617 551 668 opsidium
572 615 794 667 perduellis,
818 614 959 653 nostris
980 613 1217 664 praesidium
1239 626 1330 663 para
1348 627 1355 655 ;

177 685 393 723 interclude
414 682 581 721 inimicis
602 688 880 727 commeatum,
903 680 974 719 tibi
995 679 1105 718 muni
1126 679 1229 717 uiam

176 763 253 800 qua
273 749 426 787 cibatus
447 755 772 797 commeatusque
792 747 843 785 ad
864 753 901 784 te
923 753 960 784 et
981 744 1155 795 legiones
1176 751 1260 782 tuas

175 822 261 853 tuto
282 813 403 864 possit
424 811 628 863 peruenire
646 827 652 850 z
683 813 784 850 hanc
806 810 887 849 re'm
907 823 989 860 age,
1013 823 1072 848 res
1093 808 1278 848 subitaria
1298 816 1365 847 est.

177 879 313 930 reperi,
334 877 644 923 comminiscere,
667 878 767 915 cedo
788 876 960 914 calidum
982 874 1189 913 consilium
1210 873 1299 921 cito,

177 958 278 994 quae
299 943 362 982 hic
383 949 473 981 sunt
495 942 578 980 uisa
600 949 642 980 ut
663 941 746 980 uisa
767 954 816 979 ne
838 940 924 987 sint,
949 942 1051 978 facta
1071 940 1215 978 infecta
1235 953 1284 977 ne
1305 939 1414 977 sient.

179 1023 360 1060 magnam
381 1009 460 1047 illic
481 1010 603 1047 homo
623 1022 704 1046 rem
726 1007 927 1058 incipissit,
952 1020 1094 1057 magna
1115 1005 1241 1044 munit
1262 1005 1428 1044 moenia.

177 1084 259 1114 tute
280 1088 380 1113 unus
401 1074 430 1112 si
453 1073 624 1124 recipere
644 1074 720 1111 hoc
743 1070 826 1125 [ad]
849 1080 886 1110 te
907 1071 1015 1117 dicis,
1039 1071 1314 1110 confidentiast

177 1154 248 1179 nos
269 1139 449 1178 inimicos
470 1138 674 1189 profligare
695 1151 821 1188 posse.
883 1139 951 1175 ΡΑ.
983 1136 1075 1175 dico
1095 1143 1133 1174 et
1153 1135 1298 1185 recipio

176 1207 226 1245 ad
257 1218 328 1243 mc.
392 1206 458 1242 PE.
492 1211 530 1242 et
557 1217 630 1253 ego
658 1203 864 1254 impetrare
891 1202 983 1241 dico
1005 1202 1043 1240 id
1065 1202 1172 1252 quod
1194 1201 1303 1252 petis.
1365 1203 1432 1239 ΡΑ.
1465 1208 1503 1239 at

1268 1274 1306 1305 te
1328 1265 1504 1316 Iuppiter

179 1337 279 1375 bene
299 1343 402 1374 amet
421 1339 426 1374 ἶ
487 1338 554 1373 PE.
586 1336 717 1373 auden
744 1334 975 1385 participare
1004 1347 1066 1371 me
1087 1334 1195 1382 quod
1216 1332 1504 1370 commentu's?

1306 1398 1372 1434 PA.
1405 1403 1501 1438 tace.

179 1469 274 1506 dum
297 1467 334 1504 in
357 1466 555 1516 regionem
576 1465 806 1504 astutiarum
829 1477 1003 1503 mearum
1026 1471 1063 1502 te
1086 1463 1241 1508 induco,
1266 1469 1307 1500 ut
1327 1461 1426 1499 scias

179 1532 283 1571 iuxta
305 1545 461 1570 mecum
483 1545 569 1570 mea
590 1530 764 1569 consilia.
826 1531 894 1568 PE.
928 1530 1036 1567 salua
1056 1541 1187 1567 sumes
1208 1526 1395 1565 indidem.

180 1599 248 1635 ΡΑ.
281 1598 359 1635 eru'
381 1609 490 1635 meus
511 1595 710 1646 elephanti
732 1594 839 1634 corio
861 1594 1169 1639 circumtentust‚
1193 1605 1273 1630 non
1295 1604 1377 1638 suo,

178 1673 308 1711 neque
328 1661 447 1699 habet
468 1662 554 1711 plus
575 1659 779 1711 sapientiai
801 1673 918 1710 quam
942 1659 1050 1709 lapis.
1102 1660 1170 1696 PE.
1203 1670 1275 1708 ego
1291 1657 1390 1695 istuc
1411 1655 1508 1695 scio:

222 1767 285 1796 218
309 1767 469 1805 expergis
486 1766 549 1797 cod.
573 1767 665 1799 (corr.
685 1766 750 1808 ΒΞ)
844 1767 909 1798 hoc
928 1767 1028 1806 inqua
1047 1765 1111 1796 cod.
1135 1764 1226 1803 (corr.
1247 1762 1308 1801 ΒΩ)
1443 1772 1506 1801 219

177 1810 296 1840 uident
320 1809 388 1841 cod.
417 1813 511 1849 (corr.
541 1810 602 1850 B'2)
694 1816 790 1850 tergo
818 1810 985 1850 Pylades:
1017 1820 1100 1849 ergo
1125 1807 1184 1838 cod
1279 1805 1409 1837 consuli
1437 1806 1502 1838 cod.

178 1863 242 1884 220
265 1853 391 1892 arripet
407 1852 471 1884 cod.
500 1854 592 1893 (corr.
611 1854 669 1894 32)
765 1864 945 1894 properem
965 1853 1030 1885 cod.
1047 1854 1140 1893 (corr.
1153 1851 1216 1887 132>
1306 1859 1366 1880 221
1393 1849 1506 1889 aliquo

177 1896 264 1927 saltu
284 1896 472 1937 Kiessling:
504 1897 633 1936 aliquos
655 1902 733 1928 autu
762 1901 834 1937 (aut
858 1902 893 1928 tu
918 1897 964 1933 Β)
996 1896 1085 1927 cod.:
1126 1900 1183 1926 aut
1203 1897 1236 1925 tu
1265 1893 1503 1934 aliquomsum

178 1940 243 1971 Leo
375 1950 438 1970 222
462 1951 545 1979 coge
569 1941 804 1972 Camerarius:
828 1951 886 1972 cor
905 1940 970 1972 cod.
1117 1949 1180 1978 223
1203 1937 1389 1969 interclude
1408 1937 1480 1968 Ital.
1498 1949 1505 1968 ε

179 1983 395 2014 intercludite
405 1983 473 2015 cod.
496 1988 572 2024 (pro
586 1985 788 2016 intercludet
803 1987 812 2016 2
837 1982 1024 2025 sirepissime
1036 1981 1358 2024 perlmncfabulam
1376 1985 1388 2011 t
1403 1980 1505 2011 littera

173 2032 345 2068 perperam
371 2026 543 2068 adscripta.
572 2033 608 2059 ut
631 2029 665 2059 in
694 2039 742 2059 vv.
774 2039 841 2067 119,
871 2037 946 2067 215,
974 2030 1052 2067 220)
1199 2027 1263 2057 226
1287 2024 1413 2065 reperit
1438 2024 1502 2056 cod.

180 2071 274 2111 (corr.
303 2070 364 2110 BJ)
500 2082 562 2111 227
588 2072 660 2103 uisa
681 2082 723 2102 ne
743 2071 839 2104 Ital.:
864 2072 912 2103 tui
936 2082 1018 2102 sane
1039 2070 1104 2102 cod.
1194 2068 1336 2104 insecta]
1361 2073 1396 2099 ut
1419 2067 1503 2099 saeta

179 2113 320 2155 Spengel
415 2114 481 2145 siet
506 2115 572 2146 cod.
717 2116 782 2146 228
805 2116 905 2146 homo
931 2125 1001 2146 rem
1027 2113 1215 2145 Mem-sius:
1246 2113 1411 2144 honorem
1436 2111 1504 2143 cod.

179 2157 297 2197 incipis
312 2158 372 2189 sed
389 2168 509 2197 magna
525 2158 662 2190 munitis
683 2160 795 2190 menia
815 2158 881 2190 cod.
901 2170 907 2189 :
931 2169 1008 2190 corr.
1027 2157 1217 2189 Salmasius
1346 2166 1410 2194 229
1434 2159 1504 2186 tute

180 2212 209 2232 u.
231 2201 332 2234 Reiz:
360 2202 442 2233 tude
460 2212 490 2233 u.
510 2201 577 2234 cod.
596 2214 603 2233 :
627 2207 663 2233 tu
680 2212 788 2233 oenus
805 2201 913 2243 Bergk
969 2197 976 2204 ⁹
1001 2207 1034 2233 te
1050 2201 1180 2242 scripsi:
1204 2205 1274 2232 atte
1288 2202 1321 2234 (a
1332 2204 1365 2230 te
1377 2199 1423 2235 Β]
1437 2198 1502 2230 cod.

182 2245 215 2275 (i.
229 2255 253 2274 e.
276 2245 318 2275 ad
338 2246 386 2283 te)
538 2255 601 2285 230
625 2246 730 2285 possit
753 2245 818 2277 cod.
968 2255 1027 2285 231
1054 2250 1087 2275 et
1103 2268 1110 2276 .
1131 2269 1138 2276 .
1156 2268 1164 2276 .
1184 2244 1273 2284 petis
1289 2242 1509 2274 Palaestraebm‘

180 2290 348 2319 continuat
361 2288 510 2328 Appttlzn
590 2299 688 2328 egom
706 2289 910 2329 impetrarem
931 2289 999 2330 (-re
1015 2288 1079 2329 ΒΞ)
1101 2288 1208 2318 dicom
1227 2286 1292 2318 cod.
1398 2295 1504 2324 231—2‘

179 2336 236 2362 at.
257 2356 264 2362 .
283 2355 290 2362 .
314 2336 405 2362 amet
425 2332 677 2372 Pem‘plecomem'
695 2332 845 2373 Appulm
987 2342 1050 2371 232
1075 2336 1132 2362 aut
1160 2331 1292 2370 inpar-te
1318 2329 1394 2360 mici
1422 2338 1504 2369 pare

178 2374 272 2406 cod.:
306 2385 378 2406 corr:
402 2374 520 2415 Bugge
651 2386 713 2415 234
738 2376 865 2407 saluam
883 2376 948 2407 cod.
1085 2383 1148 2413 235
1172 2374 1414 2405 circumtentus
1429 2382 1503 2403 sum

180 2419 247 2459 (est
265 2418 326 2455 3²)
345 2418 410 2450 cod.
426 2430 433 2451 z
459 2419 700 2450 circumtectus
718 2424 770 2450 est
788 2419 876 2451 codd.
892 2419 1021 2450 Donati
1035 2417 1082 2449 ad
1095 2418 1170 2449 Hec.
1191 2427 1222 2455 2,
1243 2426 1269 2457 1,
1292 2426 1328 2455 17
1440 2417 1504 2454 236

178 2461 356 2502 sapientiai
373 2460 535 2493 Mueller:
558 2463 780 2502 sapientiame
795 2463 861 2495 cod.
954 2461 1087 2503 aegomi
1104 2461 1250 2493 stuescio
1271 2458 1337 2491 cod.
1357 2458 1503 2501 (egomet

181 2506 267 2540 istuc
284 2506 353 2536 scio
369 2504 454 2545 BQ:
480 2517 557 2537 corr.
581 2505 703 2548 7:177le
991 2529 1013 2539 Ι

1524 1600 1589 1637 235
