1783 2707
200 140 241 176 Il

202 453 244 484 50

133 1139 241 1178 III.i

225 1574 241 1605 5

206 1900 245 1922 10

678 139 723 175 T.
759 138 937 176 MACCI
971 138 1173 175 PLAVTI

314 248 490 299 colaphis
511 248 672 299 quidem
694 250 824 287 hercle
845 255 954 286 tuom
977 247 1053 285 iam
1075 246 1238 286 dilidam
1261 255 1388 297 caput,

316 312 388 351 nisi
409 320 475 351 aut
495 314 691 352 auscultas
712 313 866 351 aut—is
887 312 926 350 in
948 313 1090 350 malam
1112 324 1279 349 crucem.
1606 324 1673 362 ζ195

318 379 386 416 Lv.
419 379 562 416 malam
584 390 739 416 crucem
761 378 828 417 ibo
848 376 988 428 potius.
1049 378 1181 414 ANTA.
1213 383 1453 415 certumnest
1473 375 1575 414 tibi?

318 444 388 481 ΙΝ.
420 449 581 481 certum.
632 444 766 480 ANTA.
798 449 880 480 turn
902 449 943 480 tu
965 440 1080 491 igitur
1099 440 1164 480 die
1184 440 1303 488 bono,
1330 439 1587 491 Aphrodisiis,

315 505 458 546 addice
479 513 586 545 tuam
609 506 703 545 mihi
726 506 970 546 meretricem
993 506 1265 544 minusculam.

316 574 388 611 ΙΝ.
418 571 472 610 ita
492 585 551 610 res
572 571 708 611 diuina
728 571 824 609 mihi
845 570 940 610 fuit:
971 584 1030 610 res
1051 570 1168 610 serias

315 636 443 675 omnis
464 638 610 675 extollo
631 650 676 675 cx
697 637 773 675 hoc
794 636 858 675 die
879 636 918 674 in
939 636 1058 675 alium
1079 635 1196 675 diem.
1611 649 1678 685 500

316 702 509 753 profestos
530 703 650 740 festos
673 702 840 740 habeam
861 702 1064 740 decretum
1087 708 1144 740 est
1166 701 1273 739 mihi.

317 780 421 805 nunc
442 766 535 805 hinc
556 779 691 805 eamus
712 766 824 805 intro.
867 779 1029 817 sequere
1051 767 1124 805 hac
1145 768 1410 805 me-ANTA.
1435 778 1586 816 sequor.

315 831 354 870 in
375 832 480 870 hunc
501 830 606 871 diem
628 830 704 870 iam
727 833 805 870 tuo'
827 843 913 870 sum
933 830 1290 871 mercennarius.—

742 1038 979 1086 ACTVS
1032 1038 1110 1084 III

505 1140 952 1176 AGORASTOCLES
1062 1139 1355 1176 ADVOCATI

261 1233 335 1269 AG.
369 1230 430 1270 Ita
456 1244 520 1270 me
547 1231 588 1270 di
611 1238 755 1278 ament,
785 1231 898 1269 tardo
927 1230 1056 1269 amico
1080 1229 1176 1268 nihil
1204 1237 1261 1269 est
1287 1229 1500 1281 quicquam
1527 1245 1591 1271 ne-

1462 1297 1589 1346 quius,

262 1362 487 1413 praesertim
505 1362 656 1401 homini
677 1361 835 1409 amanti,
854 1361 921 1412 qui
938 1360 1133 1412 quidquid
1153 1361 1231 1412 agit
1248 1368 1429 1412 properat
1446 1362 1588 1401 omnia.
1613 1372 1676 1410 505

263 1427 362 1466 sicut
383 1440 456 1477 ego
477 1428 549 1466 hos
571 1428 676 1466 duco
697 1428 924 1475 aduocatos,
948 1426 1130 1465 homines
1150 1425 1542 1477 spissigradsswmos,

263 1492 452 1532 tardiores
473 1506 591 1543 quam
613 1492 786 1532 corbitae
808 1500 899 1531 sunt
920 1492 960 1530 in
982 1491 1192 1542 tranquillo
1214 1492 1321 1530 mari.

261 1566 380 1610 atque
400 1558 585 1610 equidem
607 1560 737 1598 hercle
757 1557 892 1597 dedita
912 1571 1029 1608 opera
1050 1557 1198 1596 amicos
1219 1557 1380 1608 fugitaui
1402 1571 1514 1597 senes
1531 1573 1538 1597 :

262 1623 411 1663 scibam
431 1623 548 1663 aetati
566 1624 765 1672 tardiores,
789 1623 909 1662 metui
932 1637 1022 1662 meo
1042 1623 1164 1662 amori
1187 1637 1347 1662 moram.

262 1689 503 1740 nequiquam
526 1691 598 1728 hos
620 1702 760 1740 procos
783 1689 835 1727 mi
858 1689 956 1739 elegi
979 1689 1186 1740 loripedes,
1209 1689 1476 1728 tardissumos.
1612 1699 1680 1736 510

263 1754 357 1805 quin
379 1754 410 1793 si
431 1753 519 1793 ituri
540 1754 660 1793 hodie
682 1753 784 1802 estis,
809 1754 871 1801 ite,
896 1761 962 1793 aut
984 1754 1035 1793 ite
1057 1754 1149 1793 hinc
1170 1754 1210 1792 in
1232 1755 1375 1793 malam
1396 1761 1573 1794 crucem'

263 1819 385 1858 sicine
406 1827 560 1870 oportet
580 1819 634 1858 ire
654 1819 802 1858 amicos
823 1819 976 1858 homini
996 1819 1144 1858 amanti
1165 1833 1322 1870 operam
1346 1822 1512 1859 datum?

264 1898 354 1923 nam
377 1884 611 1935 istequidem
633 1886 775 1935 gradus
799 1893 1016 1924 succretust
1037 1885 1165 1924 cribro
1185 1885 1416 1936 pollinario:

263 1950 336 1988 nisi
357 1963 447 1988 cum
468 1949 618 2000 pedicis
635 1949 915 1989 condedicistis
936 1950 1035 1989 istoc
1054 1951 1216 2000 grassari
1239 1952 1372 2001 gradu.

262 2017 367 2053 ADV.
400 2016 496 2054 heus
517 2021 569 2062 tu,
594 2028 835 2066 quamquam
866 2029 939 2054 nos
968 2016 1149 2054 uidemur
1174 2016 1244 2055 tibi
1265 2016 1408 2067 plebeii
1435 2024 1473 2055 et
1499 2029 1591 2066 pau·
1611 2029 1675 2066 515

1467 2095 1588 2132 peres.

264 2145 294 2183 si
316 2158 388 2184 nee
409 2152 512 2184 recte
533 2145 631 2184 dicis
652 2146 766 2185 nobis
788 2146 899 2186 diues
921 2148 970 2186 de
992 2160 1148 2185 summo
1168 2148 1268 2194 loco,

308 2262 369 2292 494
395 2251 515 2283 elidam
528 2251 562 2282 P
647 2262 711 2292 495
735 2258 790 2283 aut
804 2257 854 2292 pr.
875 2263 941 2284 0111.
958 2252 991 2282 P
1076 2263 1138 2292 497
1164 2252 1335 2292 aphrodiis
1348 2251 1381 2282 P
1465 2262 1530 2290 500
1547 2263 1591 2282 ex

264 2305 329 2327 om.
349 2296 381 2326 A
485 2305 613 2334 501-71
641 2296 724 2327 deest
740 2297 772 2326 A
879 2306 939 2334 501
960 2297 1011 2326 vel
1023 2296 1133 2327 ΑΝΤΑ.
1156 2306 1204 2336 pr.
1278 2295 1447 2335 profestos
1470 2295 1587 2326 Turne-

266 2338 345 2369 bus:
365 2339 534 2378 profectos
552 2339 618 2370 cod.
763 2349 827 2378 504
852 2339 948 2369 nihili
975 2340 1043 2372 cod.
1158 2339 1314 2379 inequius
1339 2338 1415 2369 PBC
1442 2339 1512 2379 (vis
1527 2343 1591 2378 pro

265 2382 424 2421 iniquius)
501 2392 564 2421 505
590 2393 654 2422 que
671 2381 737 2415 cod.
758 2384 852 2419 (corr.
870 2383 914 2423 Β)
1006 2394 1069 2422 507
1095 2383 1242 2414 corbitae
1258 2381 1389 2412 Nonius
1403 2391 1468 2420 533
1485 2393 1490 2411 :
1517 2391 1590 2412 cor-

265 2426 353 2456 ditae
369 2425 434 2457 cod.
455 2426 577 2466 (Dpro
597 2426 638 2467 Β)
745 2426 794 2468 in]
814 2431 846 2457 et
865 2427 896 2456 in
915 2425 1001 2457 codd.
1022 2426 1126 2457 Nom'z'
1269 2435 1329 2464 511
1357 2430 1413 2456 aut
1430 2425 1475 2456 ite
1491 2423 1564 2456 Ital.
1583 2435 1590 2455 ε

265 2469 378 2500 audite
395 2470 460 2499 cod.

945 2519 967 2529 t
