1783 2707
209 133 240 169 I.

202 508 242 538 80

203 1294 245 1326 90

263 132 292 168 ii
684 130 730 166 T.
765 128 944 167 MACCI
976 126 1180 164 PLAVTI

261 243 331 280 As.
371 255 453 292 qur,
481 253 655 291 opsecro,
685 252 775 289 ergo
809 245 900 277 ante
935 236 1078 276 ostium
1108 249 1179 287 pro
1210 234 1345 286 ignoto
1378 233 1587 283 alienoque
1610 241 1672 279 175

1457 306 1559 337 astas
1572 300 1589 336 ?

260 370 307 424 (i)
327 371 439 419 intro,
461 371 568 409 harid
588 369 738 409 alienus
760 376 801 407 tu
823 367 984 419 quidem
1006 380 1046 406 es
1062 382 1072 415 ,-
1100 380 1192 405 nam
1218 372 1369 404 ecastor
1388 363 1589 402 neminem

1470 428 1590 467 hodie

264 515 375 552 mage
395 508 500 539 amat
520 501 638 540 corde
658 507 776 550 atque
795 498 928 538 animo
949 511 1030 545 suo,
1047 497 1078 536 si
1099 495 1260 547 quidem
1281 495 1403 533 habes
1423 495 1589 532 fundum

1330 567 1448 609 atque
1468 558 1586 597 aedis.

265 634 330 670 D1.
364 631 403 670 in
425 632 539 670 melle
561 638 650 669 sunt
671 630 825 680 linguae
847 628 942 667 sitae
963 634 1118 666 nostrae
1138 633 1256 676 atque
1277 623 1483 670 orationes,

264 699 365 735 facta
385 704 503 746 atque
524 697 644 735 corda
664 695 704 733 in
725 697 813 734 felle
835 701 924 732 sunt
946 693 1018 731 sita
1038 700 1157 742 atque
1179 691 1321 729 acerbo
1341 696 1453 727 aceto
1471 703 1477 726 :

265 776 313 801 eo
333 763 438 801 dicta
458 761 590 811 lingua
610 760 740 800 dulcia
761 759 864 806 dati'‚
888 760 1007 797 corde
1027 770 1158 796 amara
1179 755 1314 794 facitis.

264 828 332 865 AS.
365 834 541 865 amantes
563 825 593 864 si
615 825 681 875 qui
703 838 784 863 non
806 825 1095 862 danunt—non
1117 820 1237 860 didici
1259 819 1433 859 fabulari.

230 904 241 911 “
267 894 334 930 D1.
365 891 555 932 †amantis
572 891 603 929 si
624 890 686 929 cui
703 891 810 941 quod
828 890 933 928 dabo
949 902 1030 927 non
1047 891 1267 928 est†—non
1281 885 1401 924 didici
1418 884 1591 924 fabulari.

265 960 330 996 As.
364 971 445 995 non
465 957 595 1005 istaec,
620 970 706 995 mea
726 955 958 1006 benignitaS,
981 953 1115 993 decuit
1135 961 1172 992 te
1194 951 1368 998 fabulari,

264 1024 333 1062 sed
355 1023 455 1061 istos*
470 1022 536 1073 qui
558 1036 648 1061 cum
669 1021 792 1072 geniis
814 1021 892 1059 suis
914 1019 1143 1070 belligerant
1164 1015 1419 1068 parcepromi.

264 1090 329 1128 D1.
374 1090 476 1127 mala
505 1102 545 1127 es
579 1096 697 1138 atque
732 1088 871 1126 eadem
901 1100 1002 1137 quae
1037 1087 1138 1124 soles
1173 1083 1380 1122 inlecebra.
1439 1083 1509 1120 AS.
1552 1088 1594 1119 ut

1348 1154 1593 1198 exspectatus

265 1233 423 1270 peregre
443 1218 638 1258 aduenisti
656 1221 662 1257 1
693 1232 795 1265 nam,
818 1230 997 1268 opsecro,
1017 1215 1201 1266 cupiebat
1222 1221 1259 1252 te
1280 1227 1344 1252 era
1363 1213 1510 1252 uidere.

267 1286 335 1323 D1.
370 1284 466 1335 quid
494 1285 684 1323 tandem?
740 1285 811 1321 As.
841 1290 878 1321 te
906 1295 1029 1320 unum
1060 1295 1106 1319 ex
1136 1279 1320 1318 omnibus
1350 1285 1467 1317 amat.
1526 1280 1595 1317 D1.

1096 1347 1218 1394 erigae
1236 1347 1242 1381 1
1273 1343 1385 1381 fundi
1406 1350 1443 1381 et
1463 1344 1593 1390 aedes,

265 1429 333 1466 per
367 1423 522 1466 tempus
562 1413 803 1453 subuenisti'.
863 1413 933 1451 sed
972 1410 1068 1462 quid
1102 1410 1169 1457 ais,
1204 1407 1470 1460 Astaphium?
1526 1410 1593 1447 As.

1392 1474 1487 1525 quid
1507 1473 1596 1512 uis?

268 1547 333 1584 D1.
377 1553 488 1584 estne
526 1545 630 1583 intus
665 1558 770 1583 nunc
811 1542 1101 1581 Phronesir'un?
1157 1543 1225 1579 As.
1269 1546 1356 1578 utut
1393 1539 1488 1586 aliis,
1525 1538 1596 1577 tibi

1296 1604 1456 1655 quidem
1478 1603 1593 1642 intus.

267 1679 332 1715 D1.
365 1677 550 1715 ualetne?
606 1677 674 1714 As.
708 1674 830 1713 immo
852 1674 994 1724 edepol
1022 1671 1151 1711 meliu'
1173 1671 1250 1709 iarn
1278 1672 1359 1708 fore
1380 1683 1504 1720 spero,
1527 1668 1594 1707 ubi

1371 1742 1409 1773 te
1430 1733 1591 1773 uidebit.

268 1808 333 1844 D1.
379 1807 454 1844 hoc
493 1804 607 1844 nobis
647 1804 786 1843 uitium
826 1810 1101 1850 maxumumst‚
1139 1814 1260 1851 quom
1298 1812 1476 1838 amamus
1510 1806 1594 1836 tum

1398 1877 1594 1914 penmus:

315 1984 375 2014 175
400 1986 464 2014 ego
485 1974 551 2006 cod.
635 1974 749 2014 ignato
766 1973 832 2004 cod.
927 1973 988 2012 176
1004 1972 1012 2002 i
1031 1971 1104 2002 add.
1119 1971 1193 2001 Ital.
1262 1980 1298 2000 es
1309 1970 1383 2000 Ital.
1404 1980 1411 2000 ε
1436 1979 1511 2000 esse
1525 1967 1592 1999 cod.

274 2020 332 2058 178
349 2019 465 2049 accedit
479 2019 511 2048 A
626 2018 723 2048 melie
741 2017 773 2047 P
926 2026 986 2055 179
1011 2015 1111 2056 sacta]
1134 2015 1184 2045 fac
1201 2014 1234 2044 P
1249 2016 1323 2054 (pro
1339 2013 1399 2050 fae,
1419 2013 1436 2044 i.
1451 2025 1473 2044 e.
1493 2013 1593 2049 sacta)

269 2062 357 2094 belle
373 2063 405 2093 P
491 2072 615 2093 aceruo
634 2062 663 2092 Ρ
679 2062 711 2102 (i.
725 2071 747 2092 e.
773 2061 837 2093 -bol
959 2061 1019 2090 180
1046 2059 1186 2098 Linguis
1205 2058 1286 2097 (om.
1307 2058 1362 2092 eo)
1382 2057 1470 2087 dicta
1486 2055 1595 2086 dulcia

270 2108 302 2138 d.
316 2117 342 2138 c.
363 2116 475 2137 amare
493 2106 587 2136 factis
607 2105 640 2134 Ρ
788 2105 845 2134 181
872 2114 938 2134 om.
957 2105 988 2133 A
1094 2102 1246 2132 Amantis
1270 2102 1296 2131 si
1313 2101 1385 2140 quit
1404 2101 1436 2139 (i.
1453 2111 1476 2131 e.
1498 2099 1594 2139 quid)

270 2161 338 2181 non
356 2151 483 2181 danunt
501 2160 567 2180 non
586 2149 686 2179 didici
705 2148 853 2178 fabulare
871 2147 903 2177 Ρ
917 2147 969 2187 (cf.
989 2145 1035 2177 ad
1049 2146 1118 2176 le.
1137 2146 1214 2185 371)
1381 2145 1455 2174 181³
1480 2154 1547 2174 om.
1565 2141 1599 2172 P

271 2194 323 2234 (cf.
343 2194 390 2224 ad
405 2193 499 2225 Merc.
518 2195 596 2232 319)
757 2193 817 2222 182
843 2192 956 2222 docuit
984 2191 1017 2221 Ρ
1171 2191 1230 2227 183
1255 2187 1482 2228 parcepromis
1502 2190 1593 2221 (corr.

269 2241 337 2275 -os)
356 2239 388 2267 A
526 2238 585 2275 184
609 2236 781 2266 inlecebru
800 2235 832 2265 P
846 2237 883 2276 <u
905 2240 964 2275 pro
981 2237 1012 2265 al
1150 2234 1210 2272 185
1236 2232 1329 2273 nam]
1347 2242 1445 2271 quarn
1462 2230 1597 2270 Seyffert

273 2282 335 2312 186
359 2291 401 2319 en
428 2281 603 2319 ome-nibus
629 2280 721 2320 adr-fit
749 2279 780 2308 A
895 2279 997 2309 funde
1022 2277 1055 2308 Ρ
1082 2278 1157 2317 (pro
1179 2277 1246 2307 -dei
1264 2277 1290 2317 2)
1437 2276 1494 2313 187
1520 2274 1592 2304 sub.

272 2325 386 2366 [mihi]
414 2324 447 2355 P
469 2324 524 2363 giv.
545 2324 579 2364 2)
656 2323 723 2364 [ut]
752 2322 831 2362 quid
858 2333 889 2353 u.
915 2322 949 2352 Ρ
1080 2321 1140 2351 188
1163 2320 1271 2351 estine
1296 2319 1329 2350 A
1421 2322 1493 2348 utut
1521 2317 1595 2347 aliis

270 2380 334 2400 om.
356 2368 388 2398 Ρ
475 2369 557 2408 fort.
579 2368 684 2397 intust
701 2367 733 2396 A
872 2367 931 2404 189
954 2375 1025 2403 eam
1043 2365 1075 2395 A
1167 2364 1269 2394 credo
1287 2363 1357 2393 fore
1374 2361 1406 2392 Ρ
1421 2364 1505 2403 (pro
1522 2361 1595 2391 sore

271 2413 372 2443 credo
386 2414 411 2451 Ζ)
502 2417 533 2441 te
552 2411 605 2441 ubi
623 2411 754 2441 uideret
772 2410 803 2440 A
825 2409 871 2450 <R
884 2415 946 2450 pro
965 2409 1008 2447 B)

956 2517 978 2527 l

1614 756 1681 791 180

1619 886 1703 921 181a

1617 1217 1679 1261 185

1618 1811 1682 1845 190
