1731 2713
622 92 1034 130 TRVCVLENTVS
1462 95 1491 131 I.
1516 93 1543 130 ii

163 206 199 245 et
221 206 393 237 nostram
415 207 452 238 et
470 199 621 238 illorum
641 199 779 239 uicem.
842 202 906 238 1)1.
940 200 1007 251 qui
1024 201 1152 240 istuc?
1199 204 1266 240 As.
1300 203 1489 242 rationem

249 271 255 275 '
1336 268 1465 306 dicam
1484 283 1490 307 :

78 334 144 369 160
162 328 253 379 quia
274 329 339 379 qui
360 332 523 367 alterum
546 330 697 368 incusat
718 330 864 380 probri,
883 345 1041 381 sumpse
1062 331 1207 370 enitere
1228 340 1392 382 oportet.

162 402 202 432 tu
223 408 245 432 a
272 394 386 433 nobis
407 395 562 445 sapiens
590 396 686 434 nihil
714 397 861 443 habes3
890 410 961 435 nos
989 410 1159 446 nequam
1187 411 1255 447 aps
1284 397 1320 435 te
1349 398 1487 437 habea-

1387 477 1483 502 mus.

162 526 227 562 1)1.
273 538 296 562 o
335 516 582 575 Astaphium,
615 527 722 564 haud
759 526 858 564 istoc
897 527 1017 565 modo
1056 526 1169 565 solita
1215 541 1255 566 es
1295 541 1357 566 me
1396 537 1486 567 ante
1507 538 1547 580 65

1277 595 1483 643 appellare,

159 656 227 693 sed
250 655 405 703 blande,
428 669 549 706 quom
572 656 663 695 illuc
691 658 799 707 quod
825 658 931 707 apud
959 670 1030 695 uos
1052 671 1156 696 nunc
1184 665 1242 696 est
1266 660 1372 708 apud
1394 659 1486 698 med

1285 724 1483 763 haberem.

158 788 224 823 As.
258 788 352 824 dum
374 786 482 833 uiuit,
506 786 708 825 hominem
730 787 910 825 noueris:
941 787 1007 825 ubi
1030 795 1232 834 mortuost,
1257 788 1441 838 quiescat.

74 855 135 899 165
158 859 194 889 te
216 853 310 889 dum
333 852 494 890 uiuebas
516 866 714 890 noueram.
776 855 842 891 I)1.
874 867 923 891 an
945 867 1008 891 me
1030 861 1226 891 mortuom
1247 854 1462 893 arbitrare?

156 918 224 954 As.
271 916 337 966 qui
372 917 473 967 potis
504 915 607 969 [est],
633 917 788 965 amabo,
810 917 993 968 planius?
1032 918 1098 968 qui
1132 920 1299 957 antehac
1333 928 1484 958 amator

1304 997 1482 1024 summus

154 1046 384 1100 habitu⁷s[t]‚
407 1062 513 1087 nunc
533 1050 584 1087 ad
604 1048 771 1086 amicam
793 1047 903 1086 uenis
925 1047 1211 1098 querimoniam
1232 1051 1382 1088 referre.
1503 1069 1542 1102 70

155 1114 220 1151 D1.
254 1122 384 1151 nostra
404 1115 534 1152 hercle
555 1114 701 1151 factum
723 1112 872 1160 iniuria,
897 1126 997 1162 quae
1019 1114 1295 1163 properauistis
1316 1115 1408 1153 olim
1427 1131 1434 1154 :

152 1192 286 1229 rapere
306 1178 431 1217 otiose
451 1177 635 1228 oportuit,
657 1177 725 1217 diu
746 1186 787 1215 ut
808 1191 934 1216 essem
956 1177 1164 1216 incolumis
1186 1179 1312 1218 uobis.

69 1253 134 1288 170
152 1246 222 1282 As.
260 1252 412 1282 amator
445 1243 608 1282 similest
643 1242 780 1294 oppidi
818 1242 983 1282 hostilis.
1044 1245 1110 1281 D1.
1159 1257 1239 1293 quo
1277 1258 1480 1295 argumen-

1337 1309 1449 1364 to[st]
1464 1314 1480 1350 ?

151 1377 219 1413 As.
252 1388 369 1425 quam
398 1374 567 1425 primum
595 1373 806 1424 expugnari
833 1373 935 1425 potis
965 1372 1067 1427 [est]‚
1094 1382 1174 1413 tam
1202 1374 1242 1413 id
1269 1383 1476 1425 optumum

112 1435 121 1441 ’
1235 1448 1293 1479 est
1313 1441 1476 1480 amicae.

151 1507 215 1543 D1.
248 1519 320 1556 ego
340 1507 474 1552 fateor,
497 1506 566 1544 sed
587 1506 702 1555 longe
722 1504 833 1543 aliter
853 1512 911 1543 est
931 1504 1082 1544 amicus
1102 1513 1221 1556 atque
1241 1513 1415 1545 amator:
1497 1521 1533 1555 75

148 1577 251 1608 certe
272 1572 401 1609 hercle
421 1584 539 1620 quam
560 1577 805 1608 ueterrumus
826 1569 978 1608 homini
998 1578 1201 1620 optumust
1221 1570 1384 1610 amicus.

147 1649 228 1674 non
249 1636 378 1674 hercle
397 1650 414 1671 *
437 1634 576 1683 occidi,
599 1642 689 1673 sunt
711 1634 764 1672 mi
785 1634 903 1674 etiam
925 1635 1037 1674 fundi
1058 1644 1095 1675 et
1115 1637 1247 1674 aedes.
1297 1643 1301 1648 '

193 1751 254 1780 159
277 1741 333 1781 qui
353 1740 581 1772 Camerarius:
609 1740 685 1780 quia
710 1739 775 1771 cod.
926 1742 987 1771 160
1011 1741 1089 1780 quia
1111 1741 1189 1780 quia
1212 1740 1254 1772 al.
1277 1740 1342 1772 cod.
1362 1752 1369 1771 :
1392 1753 1469 1774 corr.

143 1784 220 1816 Ital.
318 1784 463 1824 sumpsit
488 1784 624 1815 seniteri
649 1783 739 1816 cod.:
779 1789 855 1816 corr.
884 1784 991 1825 Bmgk
1140 1787 1196 1814 161
1224 1785 1279 1815 ted
1312 1785 1473 1817 habemus

143 1828 320 1859 Abraham
344 1828 431 1860 stud.
459 1828 571 1859 Plaut.
598 1830 661 1868 238
827 1831 886 1859 162
912 1829 1114 1868 Ostaphium
1140 1828 1215 1858 PCD
1324 1834 1375 1859 est
1403 1830 1468 1861 cod.

143 1873 307 1912 appellari
324 1871 389 1903 cod.
547 1874 607 1912 163
631 1873 754 1904 biande
773 1873 838 1904 cod.
953 1873 1116 1903 habebam
1137 1871 1294 1902 Luehbert
1314 1871 1364 1910 (cf
1390 1875 1471 1914 381)

147 1917 207 1955 164
230 1917 385 1956 quiescas
405 1915 470 1948 cod.
492 1928 499 1948 t
523 1927 603 1948 corr.
623 1916 727 1948 Bothe
858 1945 861 1949 .
883 1918 942 1956 165
969 1927 1129 1947 noueram
1153 1926 1196 1946 an
1218 1925 1270 1946 me
1288 1915 1387 1947 Ital.:
1413 1927 1471 1947 no-

144 1970 244 1991 ueras
260 1961 324 1991 siat
341 1971 394 1990 me
417 1959 509 1991 cod.:
532 1961 615 2000 fort.
645 1971 674 1992 n.
702 1961 790 1991 satin
816 1960 906 2000 (me)
1083 1962 1144 1990 166
1167 1961 1217 1991 vel
1240 1963 1351 1999 potest
1376 1961 1468 1999 (—ist)

146 2005 205 2042 167
230 2004 363 2034 habitus
379 2008 410 2035 st
428 2004 472 2043 (si
492 2003 546 2035 B:
579 2008 631 2034 est
655 2004 745 2041 PCD)
774 2004 882 2035 istunc
906 2003 972 2035 cod.
993 2015 1000 2034 ε
1023 2014 1101 2035 corr.
1127 2003 1269 2045 Spengel
1356 2004 1470 2035 neruis

144 2046 272 2086 (uerius
289 2047 377 2084 PCD)
396 2048 580 2078 uerimonia
596 2047 660 2079 cod.
682 2059 689 2078 ε
712 2059 792 2080 corr.
805 2047 980 2079 Buecheler
1064 2048 1293 2088 querimonias
1314 2047 1469 2078 Camera-

143 2092 216 2121 rius
303 2091 437 2122 deserre
461 2091 536 2122 Ital.
665 2093 724 2122 168
757 2092 986 2132 properauitis
1017 2091 1083 2122 cod.
1105 2102 1112 2121 :
1145 2102 1223 2124 corr.
1256 2092 1471 2124 Camerarius

146 2145 208 2174 170
231 2138 276 2165 -st
292 2134 350 2165 del.
369 2135 443 2166 Ital.
591 2144 647 2174 171
675 2136 724 2166 vel
738 2140 850 2175 potest
870 2135 959 2176 (ἀεῖ)
1052 2140 1119 2166 tam
1144 2136 1177 2166 id
1201 2135 1364 2178 Spengel:
1387 2136 1470 2166 amit

143 2178 245 2216 (amat
262 2177 350 2219 PCD)
363 2178 429 2209 cod.
520 2179 627 2209 amica
643 2183 676 2209 et
692 2179 759 2210 cod.
779 2191 786 2210 :
810 2189 891 2210 corr.
910 2178 985 2210 Ital.
1108 2189 1169 2218 172
1193 2180 1279 2210 alter
1295 2178 1470 2210 Acidalz'us

144 2221 216 2260 (sed
229 2222 265 2262 cf
285 2222 305 2260 i,
324 2232 355 2261 p.
376 2223 432 2262 29)
568 2232 628 2261 173
653 2222 781 2253 homini
794 2221 981 2253 Saracenus
998 2233 1005 2252 ε
1031 2221 1116 2263 [am]
1136 2223 1238 2252 omini
1256 2223 1321 2254 cod.
1341 2223 1467 2253 (antici-

136 2269 274 2306 paverat
284 2266 385 2296 scriba
395 2265 523 2296 amicus
539 2276 546 2304 ;
563 2265 603 2296 iv.
617 2267 664 2306 3),
679 2265 766 2296 unde
782 2270 846 2296 tarn
864 2265 992 2297 homini
1003 2264 1219 2296 Studemund
1320 2266 1467 2306 optimus

141 2308 208 2340 cod.
329 2319 388 2349 174
412 2309 467 2340 vix
481 2309 618 2340 hercule
707 2308 793 2351 <ego
810 2308 965 2352 omnino)
982 2308 1057 2340 add.
1082 2308 1169 2339 Brz'x
1256 2311 1374 2341 occide
1395 2309 1462 2341 cod.

142 2353 225 2393 (pro
248 2352 315 2383 -dei
330 2354 355 2392 ἕ)
373 2364 379 2383 :
403 2353 460 2383 vix
475 2352 622 2383 occecidi
712 2353 792 2384 mihi
809 2352 875 2384 cod.
967 2352 1149 2383 etiamdum
1170 2352 1316 2394 Spengel

183 2405 301 2428 PLAVT.
323 2405 348 2426 11
1378 2398 1420 2428 32
