1783 2707
169 148 199 185 I.

138 533 194 564 ¹55

135 1053 197 1086 160

134 1510 192 1553 165

149 1814 196 1851 iv

222 147 266 184 iii
636 150 682 186 T.
716 149 897 188 MACCI
930 150 1131 187 PLAVTI

220 259 289 297 sed
310 257 393 296 sine
413 257 575 309 argento
596 260 732 298 frustra
754 273 794 298 es
815 259 882 310 qui
904 274 967 299 me
987 260 1042 299 tui
1064 260 1235 300 misereri
1256 263 1442 312 postulas.

220 325 317 362 haee
337 332 461 363 meast
482 325 686 373 sententia,
709 333 751 363 ut
772 333 813 363 tu
835 326 927 364 hinc
948 339 1064 376 porro
1085 326 1181 376 quid
1202 340 1292 377 agas
1313 329 1505 367 consulas.

220 390 333 428 (ΞΛ-[Ι.
376 389 505 429 iamne
543 390 657 428 abis?
716 393 785 428 ΒΑ.
827 391 958 441 negoti
998 405 1103 430 nunc
1143 405 1229 430 sum
1268 394 1541 443 plenusg—Ps.
1564 396 1633 440 380

1149 459 1281 506 paullo
1301 465 1389 507 post
1410 458 1542 508 magis.

217 519 294 558 illic
322 521 443 559 homo
471 534 580 559 meus
602 528 673 567 est,
695 521 767 560 uisi
793 535 931 560 omnes
953 521 991 560 di
1015 535 1077 560 me
1097 529 1215 572 atque
1236 522 1416 562 homines
1438 525 1546 562 dese-

1443 597 1542 628 runt.

216 652 408 691 exossabo
429 666 502 702 ego
523 652 632 691 illum
654 652 829 692 simulter
850 653 986 692 itidem
1008 661 1049 691 ut
1071 667 1273 692 murenam
1296 667 1456 704 coquos.

217 731 333 764 nunc,
361 717 555 765 Candore,
584 727 620 757 te
651 718 745 756 mihi
776 732 936 769 operam
967 720 1059 758 dare
1090 720 1192 758 uolo.
1255 720 1368 759 CAH.
1403 720 1545 770 ecquid

1349 784 1516 836 imperas
1530 787 1546 824 ?

218 849 278 886 ΡΞ.
312 849 388 887 hoc
409 861 482 897 ego
503 848 694 898 oppidum
715 848 944 887 admoenire
966 857 1006 887 ut
1028 849 1147 888 hodie
1169 849 1343 900 capiatur
1363 852 1480 899 uolo3

216 915 267 953 ad
297 927 383 952 eam
414 927 495 952 rem
526 922 635 953 usust
665 914 868 953 hominem
898 922 1082 962 astutum,
1110 916 1284 962 doctum,
1317 923 1476 954 cautum
1507 925 1544 955 et
1564 917 1630 962 385

266 980 269 981 ⁷
287 979 293 981 ξ
1344 981 1542 1030 callidum,

217 1045 283 1096 qui
306 1045 493 1096 imperata
515 1046 663 1084 ecfecta
684 1047 833 1094 reddat,
856 1059 937 1084 non
958 1046 1025 1096 qui
1047 1046 1211 1097 uigilans
1233 1046 1411 1085 dormiat.

219 1113 332 1150 CALI.
367 1112 466 1150 cedo
494 1111 601 1158 mihi,
625 1111 719 1162 quid
741 1125 781 1150 es
809 1113 1009 1150 facturus?
1067 1114 1128 1150 Ps.
1163 1112 1325 1163 temperi
1356 1125 1428 1164 ego
1458 1114 1547 1152 faxo

1433 1179 1542 1218 scies.

217 1244 310 1281 nolo
332 1242 391 1280 bis
413 1242 549 1288 iterari,
575 1250 631 1280 sat
653 1242 707 1280 sic
729 1244 869 1293 longae
892 1244 990 1280 fiunt
1012 1243 1177 1281 fabulae.

218 1308 332 1348 CALI.
370 1316 578 1358 optumum
617 1315 735 1358 atque
774 1308 1069 1358 aequissumum
1110 1321 1206 1346 oras.
1268 1310 1330 1347 Ps.
1368 1323 1542 1360 propera,

1075 1374 1207 1412 adduc
1227 1374 1430 1413 hominem
1452 1375 1540 1415 cito.

216 1441 330 1480 CALI.
364 1440 478 1490 pauci
499 1454 545 1479 ex
566 1440 698 1479 multis
720 1448 809 1479 sunt
830 1440 957 1488 amici,
981 1440 1133 1479 homini
1154 1441 1247 1479 certi
1269 1440 1336 1490 qui
1357 1440 1467 1480 sient.
1562 1455 1632 1491 390

215 1508 276 1544 Ps.
310 1519 383 1556 ego
404 1505 485 1544 seio
507 1505 616 1544 istuc.
677 1520 768 1556 ergo
789 1515 1000 1556 utrumque
1020 1506 1091 1545 tibi
1112 1520 1218 1544 nunc
1240 1506 1429 1545 dilectum
1450 1520 1542 1558 para

213 1584 260 1610 ex
277 1572 420 1618 multis,
431 1570 565 1623 [atque
579 1570 753 1624 exquire]
765 1572 891 1610 exillis
907 1571 1042 1622 paucis
1057 1585 1179 1610 unum
1194 1571 1260 1622 qui
1271 1579 1414 1611 certust
1428 1573 1539 1611 cedo.

215 1637 329 1677 CALI.
363 1636 440 1676 iam
457 1636 520 1676 hic
536 1638 624 1676 faxo
645 1637 903 1677 aderit.—Ps.
937 1637 1047 1689 potin
1065 1645 1105 1676 ut
1122 1638 1270 1677 abeas?
1300 1638 1370 1676 tibi
1392 1652 1542 1676 moram

1289 1703 1403 1743 dietis
1424 1717 1541 1744 creas.

719 1816 1046 1853 PsEVDOLvs

324 1898 539 1946 Postquam
561 1896 637 1935 illie
659 1896 750 1934 hine
771 1896 877 1943 abiit,
902 1904 942 1935 tu
964 1904 1065 1935 astas
1087 1898 1208 1945 solus>
1230 1899 1435 1936 Pseudole.

323 1961 417 2012 quid
439 1976 544 2000 nunc
565 1964 741 2009 acturu’s‚
767 1970 976 2013 postquam
1000 1962 1080 2000 erili
1101 1962 1182 2001 filio
1562 1971 1627 2008 395

258 2067 322 2107 378
345 2077 382 2097 es
406 2067 479 2108 qui]
505 2072 557 2098 est
581 2068 669 2107 quod
694 2067 727 2098 P
827 2067 990 2098 miserere
1014 2066 1157 2108 Spengel
1285 2077 1350 2107 379
1373 2066 1544 2099 sententia

216 2116 323 2142 meast
349 2110 381 2140 A
517 2111 688 2152 consulas]
717 2111 868 2150 postulas
891 2111 922 2141 A
956 2111 1007 2150 (ex
1032 2122 1059 2142 v.
1087 2111 1167 2150 378)
1299 2112 1365 2151 382
1390 2111 1544 2143 simulter

216 2158 351 2185 testatur
365 2154 499 2185 Nonius
519 2165 579 2193 170
595 2167 601 2185 :
625 2155 780 2185 similiter
796 2154 884 2186 codd.
985 2155 1057 2185 sim.
1076 2165 1139 2194 ego
1157 2154 1247 2185 illum
1263 2154 1294 2185 P
1388 2165 1542 2195 quoquos

218 2200 327 2238 (-qus)
345 2198 434 2229 codd.
549 2199 611 2237 383
636 2199 695 2229 sed
721 2209 810 2229 nunc
836 2198 984 2229 calidore
1007 2209 1147 2238 operam
1167 2199 1248 2228 mihi
1271 2203 1304 2229 te
1320 2198 1396 2229 uolo
1414 2200 1495 2230 dare
1512 2199 1546 2229 P

216 2242 297 2282 quid
321 2241 379 2281 12¹,
405 2242 524 2281 ecquid
546 2242 592 2272 1³²
611 2245 646 2271 ul
664 2242 728 2273 vid.
863 2243 926 2281 385
952 2247 1048 2273 cauto
1075 2247 1108 2274 et
1134 2242 1255 2273 callido
1282 2242 1339 2272 A:
1364 2242 1483 2273 scitum
1508 2248 1541 2273 et

219 2285 375 2317 callidum
399 2285 433 2316 P
573 2286 635 2325 387
661 2291 713 2317 est
737 2285 770 2316 P
909 2287 974 2325 389
996 2287 1102 2316 adhue
1126 2285 1159 2316 P
1277 2285 1360 2327 cito]
1386 2285 1543 2317 celeriter

218 2330 250 2360 A
385 2340 450 2369 390
468 2330 562 2360 multi
587 2329 620 2360 A
711 2329 766 2369 qui
792 2329 874 2360 certi
898 2329 948 2361 P:
979 2335 1071 2360 certe
1093 2330 1148 2368 qui
1167 2329 1200 2359 A
1227 2330 1283 2360 vix
1303 2333 1378 2360 recle
1459 2366 1461 2368 v
1480 2340 1540 2369 391

219 2373 350 2405 istunee
375 2383 439 2412 ego
464 2377 642 2412 utrumque
661 2373 714 2403 A:
747 2373 830 2404 istuc
879 2373 933 2404 Ps.
954 2384 1036 2412 ergo
1062 2373 1230 2412 utrimque
1247 2373 1279 2403 P
1378 2372 1542 2412 delectum

218 2417 251 2447 A
396 2427 460 2456 392
485 2421 523 2447 ut
541 2422 642 2456 supra
665 2416 697 2446 A
723 2420 760 2446 ut
783 2415 867 2447 vid.:
895 2416 946 2446 Ex
975 2417 1087 2447 multis
1112 2417 1249 2456 exquire
1271 2416 1334 2446 illis
1358 2427 1460 2447 unum
1487 2417 1542 2456 qui

220 2465 333 2492 certus
345 2461 408 2491 siet
427 2460 472 2492 P:
501 2460 677 2499 ‘conflatae
692 2464 772 2490 sunt
787 2459 873 2491 duae
882 2459 1203 2500 1,vcr31'0azes'se3ffi»·t
1214 2459 1313 2495 (Berl.
1332 2459 1417 2492 Pln'l.
1435 2459 1541 2491 [Voclt.

222 2507 272 2544 16,
291 2505 366 2542 284&
471 2513 535 2542 393
559 2504 693 2534 aduerit
712 2503 742 2534 A
834 2503 916 2535 dicis
933 2504 975 2537 A
1057 2514 1120 2543 394
1137 2503 1186 2534 vel
1201 2503 1268 2534 abit
1336 2504 1496 2543 pseudols
1513 2503 1546 2534 P
