1731 2713
759 108 984 145 RVDENS
1464 109 1532 146 IV.
1554 109 1600 145 iv

182 258 184 260 ,
207 232 309 269 quae
331 233 392 257 me
413 218 580 269 paelices
600 218 756 256 adduxe
776 217 881 256 dicet
901 225 991 256 ante
1013 219 1148 256 oculos
1169 231 1270 256 suos.

207 298 279 322 uos
299 283 497 333 confugite
518 283 557 321 in
577 296 683 321 aram
704 282 834 333 potius
856 282 973 332 quzim
996 296 1080 332 ego.
1160 284 1240 329 P.-x.,
1265 285 1345 320 Am.
1371 283 1533 323 miserae

1335 348 1531 397 periimus,

210 415 286 451 I),x.
331 427 403 463 ego
442 426 514 451 uos
553 414 679 451 saluas
718 412 864 459 sistam,
906 425 955 450 ne
994 411 1139 450 timete.
1218 413 1286 450 sed
1327 412 1422 462 quid
1462 427 1533 451 uos
1557 430 1573 461 5

1433 479 1534 516 foras

99 556 188 592 1050
206 542 517 594 prosequimini?
572 541 760 592 quoniam
781 555 854 592 ego
873 542 1026 588 adsum,
1049 541 1163 580 faciet
1184 556 1302 581 nemo
1329 542 1534 590 iniuriam3

205 609 266 656 ite,
292 609 463 658 inquam,
486 609 651 647 domum
672 607 791 646 ambo
813 607 999 645 nunciam
1021 621 1066 646 ex
1087 607 1282 657 praesidio
1304 608 1513 658 praesides.

206 677 282 713 GR.
311 688 335 712 o
356 688 429 721 ere,
453 675 570 712 salue.
631 675 706 711 DA.
737 674 855 720 salue,
880 672 1010 723 Gripe.
1060 672 1156 723 quid
1177 674 1248 711 fit?
1304 675 1379 711 TR.
1404 675 1536 712 tuo’ne

1209 738 1272 777 hic
1294 752 1427 777 seruos
1448 741 1536 778 est?

206 807 282 844 GR.
315 806 390 843 hau
426 805 559 855 pudet.
619 805 695 842 TR.
728 804 781 841 n1'l
811 816 885 854 ago
915 811 1057 842 tecum.
1118 804 1194 842 GR.
1228 816 1319 853 ergo
1348 804 1412 842 abi
1443 804 1535 843 hinc

765 869 826 907 sis.
885 871 960 907 ΤΗ.
994 882 1141 920 quaeso
1162 871 1367 920 responde,
1391 883 1533 909 senex:

203 946 291 976 tuos
318 936 382 976 hic
412 938 592 976 seruost?
650 938 725 975 DA.
763 949 873 975 meus
903 943 971 974 est.
1031 937 1107 973 TR.
1140 949 1203 974 em
1231 935 1330 974 istuc
1358 943 1531 986 optume,
1558 953 1596 975 10

1234 1002 1396 1051 quando
1417 1009 1531 1040 tuost.

98 1080 182 1117 1055
203 1068 343 1107 iterum
374 1075 412 1106 te
441 1068 577 1106 saluto.
640 1068 715 1105 DA.
748 1073 786 1105 et
815 1079 888 1116 ego
915 1073 963 1104 te.
1023 1073 1117 1104 tune
1145 1079 1185 1104 es
1211 1065 1277 1116 qui
1306 1067 1382 1104 hau
1410 1068 1535 1104 multo

1428 1131 1534 1182 prius

202 1197 331 1237 abiisti
352 1197 445 1236 hinc
465 1211 574 1237 erum
595 1195 859 1236 accersitum?
914 1197 991 1233 TR.
1023 1208 1096 1245 ego
1117 1195 1148 1234 is
1169 1209 1266 1234 sum.
1329 1198 1406 1234 DA.
1438 1196 1534 1247 quid

1227 1275 1333 1299 nunc
1354 1261 1413 1300 uis
1434 1261 1535 1300 tibi?

201 1331 277 1367 TR.
301 1341 444 1379 nempe
465 1327 529 1367 hic
549 1335 637 1367 tuos
658 1328 746 1366 est?
790 1328 866 1365 DA.
890 1338 1001 1364 meus
1022 1332 1091 1365 est.
1136 1327 1212 1364 TR.
1236 1325 1336 1364 istuc
1357 1334 1532 1377 optume,

1232 1393 1394 1442 quando
1416 1399 1530 1431 tuost.

203 1461 279 1497 DA.
311 1457 408 1509 quid
431 1457 630 1509 negotist?
686 1459 761 1495 TR.
795 1456 854 1495 uir
879 1457 1067 1495 scelestus
1094 1455 1172 1495 illic
1200 1463 1268 1495 est.
1329 1458 1404 1495 DA.
1437 1459 1534 1507 quid

1350 1519 1442 1558 fecit
1462 1520 1534 1559 tibi

201 1586 260 1624 uir
279 1587 495 1625 scelestus?
551 1587 627 1623 TR.
660 1583 812 1623 homini
832 1597 905 1634 ego
926 1583 988 1622 isti
1009 1585 1108 1622 talos
1129 1583 1319 1635 subfringi
1339 1586 1443 1623 uolo.
1554 1602 1590 1635 15

95 1657 184 1692 1060
204 1652 279 1689 DA.
312 1650 408 1701 quid
438 1652 525 1690 est?
563 1663 641 1701 qua
670 1651 720 1688 de
749 1663 789 1688 re
823 1648 980 1700 litigatis
1009 1662 1116 1688 nunc
1150 1648 1250 1688 inter
1281 1651 1382 1688 uos?
1452 1651 1529 1689 TR.

1357 1717 1529 1766 eloquar.

201 1783 277 1821 GR.
309 1781 433 1820 immo
471 1795 544 1832 ego
582 1782 753 1831 eloquar.
822 1782 898 1819 TR.
931 1793 1017 1830 ego,
1056 1779 1208 1831 opinor,
1250 1794 1335 1835 rem?
1366 1782 1528 1821 facesso.

1206 1841 1294 1885 Gk(
1316 1845 1347 1884 si
1367 1846 1528 1897 quidem

201 1913 252 1952 sis
272 1912 450 1964 pudicus,
473 1911 566 1951 hinc
586 1912 765 1951 facessas.
826 1913 902 1949 DA.
936 1910 1067 1961 Gripe,
1090 1910 1268 1950 animum
1295 1913 1460 1951 aduorte
1484 1926 1529 1951 ae

1431 1984 1527 2016 tace.

201 2045 277 2084 GR.
310 2042 394 2082 utin
424 2042 511 2081 istic
539 2041 637 2093 priu'
667 2041 801 2081 dicat?
870 2043 946 2080 DA.
978 2040 1082 2080 audi.
1133 2043 1294 2092 loquere
1324 2048 1376 2080 tu.
1451 2043 1528 2081 GR.

1243 2106 1401 2146 alienon
1422 2107 1530 2158 prius

201 2187 320 2225 quam
342 2180 409 2212 tuo
430 2172 542 2212 dabis
563 2171 810 2211 orationem?
865 2174 942 2210 TR.
974 2172 1016 2211 iit
1036 2171 1221 2222 nequitur
1242 2171 1473 2223 comprimi!
1549 2189 1590 2212 20

247 2277 328 2306 1047
353 2266 534 2297 adduxisse
551 2264 617 2296 cod.
633 2277 639 2297 ε
665 2265 800 2296 obduxe
814 2263 950 2295 Mueller
960 2264 1093 2302 (Rhein.
1106 2264 1197 2295 Mus.
1212 2273 1264 2304 54,
1281 2263 1359 2304 534)
1449 2275 1530 2305 1052

201 2321 259 2342 ere
286 2310 518 2341 Camerarius:
544 2318 605 2348 pre
622 2308 688 2340 cod.
813 2318 895 2348 1053
918 2308 970 2339 abi
995 2309 1074 2339 hinc
1096 2308 1141 2339 sis
1162 2318 1245 2347 ergo
1271 2308 1358 2339 Brix
1448 2311 1532 2340 1060

200 2364 289 2384 nunc
306 2353 443 2393 litigatis
459 2352 524 2383 cod.
543 2364 550 2384 :
576 2353 649 2384 trai.
665 2352 875 2383 Camerarius
944 2362 976 2383 n.
998 2352 1017 2384 i.
1038 2362 1068 2382 u.
1087 2352 1108 2383 l.
1128 2351 1256 2383 Schoell
1378 2353 1458 2383 1061
1484 2353 1534 2384 vel

200 2398 304 2438 opino
420 2398 504 2435 1063
528 2396 602 2427 dica
619 2395 684 2428 cod.
1186 2412 1191 2417 -

1377 2439 1440 2470 24*
