1783 2707
197 581 235 613 35

198 1362 238 1394 45

204 1891 244 1923 50

255 132 283 167 ii
675 131 720 166 T.
756 129 934 167 MACCI
968 130 996 164 P
1004 130 1071 165 LA
1078 129 1169 164 VTI

256 243 327 281 CA.
361 249 445 280 tace
475 253 694 291 parumper,
719 239 802 277 sine
823 238 996 277 uicissim
1026 251 1088 276 me
1116 237 1233 287 loqui,
1257 239 1443 275 ausculta.
1502 239 1581 274 ΤΗ.

1482 302 1581 339 licet.

257 373 330 412 CA.
363 371 538 411 omnium
562 371 731 421 primum
754 369 929 407 sodalem
953 381 1015 406 me
1037 380 1121 406 esse
1143 367 1217 405 scis
1237 374 1356 417 gnato
1377 375 1455 404 tuo.

256 437 286 475 is
308 434 439 489 adi[i]t
462 449 534 483 me,
558 449 649 473 nam
672 434 781 472 illum
803 432 958 483 prodire
980 433 1101 482 pudet
1124 431 1161 469 in
1183 438 1439 481 conspectum
1461 439 1570 470 tuom
1607 443 1733 480 1154—5'

257 508 463 551 propterea
484 500 575 551 quia
596 499 686 538 fecit
708 512 809 549 quae
831 506 868 536 te
890 497 986 536 scire
1008 497 1089 535 scit.
1151 509 1255 534 nunc
1277 504 1315 534 te
1336 509 1511 546 opsecro,

259 565 444 605 stultitiae
464 564 837 614 adulescentiaeque
859 563 955 602 e‘iius
977 562 1180 613 ignoscas:
1211 569 1315 600 tuost
1334 576 1343 608 3

258 630 332 670 scis
354 632 477 670 solere
499 630 614 668 illanc
635 637 803 668 aetatem
826 628 891 666 tali
913 629 1009 666 ludo
1029 629 1173 666 ludere.

258 696 453 747 quidquid
475 696 576 743 fecit,
600 695 808 734 nobiscum
830 708 909 732 una
930 692 1020 732 fecit
1040 708 1046 730 :
1077 707 1149 731 nos
1175 692 1426 743 deliquimus.

259 764 406 810 faenus,
430 769 573 800 sortem
596 768 878 811 sumptumque
900 772 1071 806 omnem,
1092 759 1159 808 qui
1184 757 1309 797 amica
1329 757 1497 810 (empta)
1516 767 1585 805 est,
1613 762 1700 796 1160

1456 822 1589 861 omnia

262 907 332 933 nos
354 892 548 940 dabimus,
571 905 643 931 nos
665 893 926 938 conferemus,
948 898 1082 928 nostro
1103 897 1275 939 sumptu,
1298 902 1378 928 non
1400 896 1478 927 tuo.

261 960 339 998 TH.
373 972 453 997 non
474 957 600 1009 potuit
622 957 755 996 uenire
777 963 905 995 orator
931 955 1052 1005 magis
1073 956 1122 993 ad
1145 969 1207 993 me
1228 953 1483 1005 impetrabilis

261 1037 379 1075 quam
402 1032 441 1062 tu
460 1038 467 1070 3
498 1036 626 1073 neque
647 1036 732 1061 sum
756 1021 832 1060 illic
854 1021 971 1059 iratus
989 1033 1118 1070 neque
1136 1020 1347 1070 quicquam
1366 1032 1588 1058 suscenseo.

260 1090 383 1128 immo
404 1102 467 1127 me
488 1095 691 1139 praesente
711 1094 854 1134 amato,
877 1085 1015 1133 bibito,
1039 1084 1156 1124 facito
1178 1085 1286 1135 quod
1306 1085 1414 1123 lubet
1434 1099 1441 1122 :

261 1155 292 1193 si
313 1156 389 1194 hoc
409 1155 542 1205 pudet,
566 1153 704 1192 fecisse
725 1160 938 1203 sumptum,
962 1149 1128 1201 supplici
1149 1150 1278 1189 habeo
1300 1150 1401 1188 satis.
1613 1154 1697 1199 1165

263 1222 334 1260 CA.
368 1219 564 1269 dispudet.
624 1220 700 1256 TR.
730 1216 854 1270 <pos-t>
874 1216 987 1254 istam
1010 1214 1166 1254 ueniam
1193 1214 1289 1265 quid
1313 1228 1376 1253 me
1402 1215 1469 1253 fiet
1494 1228 1590 1253 nun—

1460 1279 1558 1317 ciam
1574 1280 1592 1319 ?

261 1352 296 1388 Τ
301 1362 340 1389 H.
373 1348 612 1396 uerberibus,
643 1349 780 1395 lutum,
807 1347 971 1386 caedere
1001 1346 1191 1396 pendens.
1251 1346 1326 1382 ΤΚ.
1359 1352 1489 1383 tamen
1520 1343 1590 1382 etsi

1437 1410 1560 1460 pudet
1574 1411 1591 1447 ?

263 1482 342 1520 TH.
374 1479 595 1519 interimam
634 1480 764 1517 hercle
808 1490 880 1527 ego
918 1475 992 1528 (te)
1029 1476 1060 1514 si
1099 1475 1205 1514 uiuo.
1277 1476 1349 1514 CA.
1380 1476 1439 1512 fac
1477 1473 1589 1512 istam

1203 1548 1384 1578 cunctam
1405 1539 1566 1590 gratiam
1584 1553 1591 1577 :

264 1611 410 1650 Tranio
431 1610 583 1650 remitte
605 1623 751 1660 quaeso
773 1610 874 1647 hanc
896 1607 1053 1646 noxiam
1074 1620 1212 1645 caussa
1233 1619 1329 1645 mea.

263 1678 297 1714 Τ
302 1688 343 1714 Η.
373 1675 480 1715 aliud
502 1675 660 1726 quiduis
679 1673 874 1724 impetrari
896 1686 917 1711 a
940 1686 1002 1711 me
1023 1671 1174 1710 facilius
1195 1672 1385 1722 perferam
1615 1683 1703 1717 1170

262 1756 381 1792 quam
402 1749 444 1780 ut
466 1755 545 1780 non
568 1754 640 1791 ego
661 1740 776 1778 istum
799 1752 869 1789 pro
890 1737 969 1776 suis
990 1736 1101 1776 factis
1118 1736 1311 1788 pessumis
1332 1749 1489 1787 pessum
1510 1750 1591 1786 pre-

1475 1815 1588 1839 mam.

265 1875 337 1914 CA.
369 1873 478 1912 mitte
499 1886 646 1923 quaeso
668 1872 797 1910 istum.
859 1886 876 1905 >:<
936 1872 1014 1909 ΤΗ.
1047 1868 1167 1908 uiden
1190 1876 1231 1907 ut
1252 1876 1368 1907 restat
1390 1867 1575 1906 furcifer?

310 1987 390 2017 1152
415 1987 619 2018 paruomper
644 1976 708 2007 cod.
744 1977 890 2017 ssantiqua
910 1977 1030 2016 forma
1042 1975 1067 2015 ἒ)
1160 1985 1212 2005 me
1237 1973 1386 2005 uicissim
1412 1972 1493 2004 cod.:
1518 1973 1591 2004 [ναί.

262 2021 436 2054 Acidalius
537 2020 626 2052 lucet
642 2020 708 2052 cod.
722 2021 815 2061 (corr.
832 2019 891 2057 ΒΞ)
1048 2029 1060 2049 1
1071 2028 1139 2059 154⁷
1164 2027 1246 2058 1155
1269 2028 1345 2049 eum
1363 2017 1465 2048 Bothe
1482 2016 1531 2057 (cs.
1551 2015 1597 2047 ad

262 2065 357 2107 Epid.
379 2065 454 2105 135)
535 2064 616 2103 sort.
632 2074 686 2104 pu.
706 2075 752 2104 pr.
768 2064 903 2105 (usitato
921 2062 1045 2101 ordine)
1139 2072 1152 2093 1
1163 2063 1223 2101 156
1245 2061 1325 2092 feeit
1342 2060 1471 2092 Merula
1486 2072 1492 2091 :
1516 2059 1593 2091 facit

263 2109 327 2142 cod.
466 2118 547 2148 1159
571 2118 636 2139 una
654 2108 828 2139 nobiscum
850 2107 915 2139 cod.
934 2118 941 2138 ε
975 2106 1044 2137 lrae'.
1062 2105 1272 2137 Camerarius
1401 2114 1464 2135 nos
1481 2103 1593 2135 Came-

264 2152 373 2184 rarius
387 2163 394 2183 ε
418 2162 487 2184 non
499 2151 565 2183 cod.
610 2151 835 2192 delinquimus
849 2151 914 2183 cod.
990 2151 1074 2181 1160
1091 2154 1205 2190 empta
1218 2148 1294 2181 add.
1311 2149 1438 2180 Ritschl
1514 2149 1594 2187 1163

264 2196 311 2228 illi
328 2207 402 2228 sum
414 2195 495 2227 cod.:
514 2196 624 2226 tmiea·
690 2197 770 2235 1165
788 2192 1130 2236 supplici(id)Luclzs
1191 2194 1273 2224 1166
1291 2197 1366 2233 post
1379 2191 1454 2223 add.
1463 2191 1599 2223 Mueller

267 2241 346 2280 1167
365 2250 393 2272 c.
407 2240 512 2271 lutum
528 2239 593 2271 cod.
608 2251 615 2271 ε
640 2240 710 2271 trai.
727 2239 879 2270 Gnatus:
909 2249 936 2269 c.
951 2237 1090 2268 multum
1111 2236 1236 2278 Ussing
1295 2241 1362 2267 tam
1380 2235 1465 2267 inest
1482 2235 1509 2266 si
1527 2234 1592 2266 cod.

263 2284 413 2323 (tametsi
430 2282 490 2324 8²)
583 2284 666 2314 1168
692 2287 725 2314 te
741 2283 816 2314 add.
839 2282 975 2314 Gus'etns
1024 2281 1052 2312 si
1071 2280 1149 2312 uiuo
1161 2279 1207 2311 32
1223 2291 1230 2312 :
1248 2280 1345 2311 suibo
1355 2279 1421 2311 cod.
1515 2281 1597 2318 1169

263 2327 423 2359 Tranioni
440 2327 505 2359 cod.
569 2327 684 2358 amitte
705 2326 830 2367 Ussing
845 2326 897 2366 (cf
919 2335 930 2355 1
941 2324 1015 2364 172)
1112 2334 1193 2363 1170
1218 2323 1302 2364 perf.
1315 2334 1335 2355 a
1352 2333 1404 2354 me
1421 2322 1479 2354 fac.
1493 2322 1597 2353 Bothe

267 2382 278 2401 1
289 2381 347 2411 172
371 2372 466 2402 mitte
482 2381 548 2411 que
568 2371 622 2402 sisi
634 2375 724 2401 tume
741 2369 808 2401 cod.
823 2372 848 2409 (ἕ
858 2375 920 2410 pro
936 2369 1047 2399 istum.
1104 2367 1152 2407 E„
1166 2367 1185 2399 ί.
1196 2378 1219 2398 e.
1238 2365 1462 2407 leeopmpidt's
1478 2365 1570 2405 nota)
1587 2377 1594 2396 ε

263 2425 340 2447 corr.
352 2415 478 2446 Ritschl
488 2416 629 2455 (quaeso
647 2415 716 2444 iam
731 2413 826 2449 Ital.)
876 2412 960 2452 fort.
971 2411 1037 2442 ΤΗ.
1050 2409 1150 2453 (men
1163 2412 1263 2442 istum
1277 2409 1433 2451 3)<Class.
1446 2409 1525 2441 Rev.
1542 2419 1590 2448 10,

264 2460 352 2499 333),
373 2459 422 2490 vel
437 2458 550 2497 istum,
570 2456 887 2499 (Theopropides)
908 2455 955 2486 ‘iii
985 2455 1020 2495 2)
1111 2459 1196 2485 astat
1216 2453 1342 2484 Rilsclel
1362 2453 1408 2493 [cf.
1430 2452 1526 2493 1169)

985 2524 1007 2534 l
