1731 2713
71 628 136 664 475

70 949 141 993 480

31 1210 137 1254 484-5

72 1610 142 1646 490

676 116 966 154 POENVLVS
1441 116 1478 155 U

159 280 162 283 ,
213 228 302 280 quei
323 229 425 267 hanc
446 225 542 266 mihi
562 225 736 272 donauit,
761 238 877 276 quem
901 238 973 275 ego
994 224 1134 263 uocaui
1155 225 1205 263 ad
1227 224 1433 274 prandium
1451 228 1467 262 ?

213 294 283 332 sed
303 305 439 332 eccum
461 290 618 330 incedit.
678 292 810 329 ANTA.
843 289 896 329 ita
916 298 958 328 ut
979 288 1115 339 occepi
1137 288 1277 335 dicere,

212 359 365 403 lentule,
389 356 438 395 de‘
460 356 545 394 illac
571 368 701 407 pugna
723 354 1008 400 Pentetronica,
1506 367 1542 396 25

212 436 332 474 quom
355 421 552 472 sexaginta
574 420 679 459 milia
701 420 905 459 hominum
928 432 1008 457 uno
1029 419 1093 458 (lic

212 488 469 527 uolaticorum
492 486 674 525 manibus
695 485 822 525 occidi
845 485 950 524 meis.

214 556 281 591 Lxx
316 550 867 591 u‹›1aticorum—-h6minum?
925 552 1054 587 ΛΝΤΛ.
1090 550 1139 587 ita
1161 549 1275 588 deico
1297 548 1470 598 quidem.

215 621 281 656 Lx:
314 632 375 665 an,
399 630 574 668 opsecro,
598 629 762 666 usquam
786 624 875 654 sunt
897 615 1077 654 homines
1099 614 1286 653 uolatici?

212 686 342 723 ΔΝΜ.
375 684 492 722 fuere.
552 695 688 721 uerum
711 694 783 731 ego
804 680 989 721 interfeci.
1051 681 1119 719 Lv.
1152 692 1232 728 quo
1255 679 1374 716 modo
1503 697 1545 729 30

212 747 401 800 potuisti?
456 749 588 785 ANTA.
622 746 762 785 dicam.
822 745 973 784 uiscum
996 743 1139 794 legioni
1160 743 1252 783 dedi

212 814 431 863 fundasque
450 827 460 860 ς
488 825 536 851 eo
557 811 877 863 praesternebant
898 809 990 848 folia
1010 808 1146 848 farseri.

213 880 282 916 Lv.
306 877 398 927 quoi
421 877 503 916 rei?
543 878 673 915 ΑΝΤΛ.
690 880 764 916 †ne
778 876 828 914 ad
843 875 983 913 fundas
998 873 1127 912 uiscus
1147 874 1482 914 adhaeresce1·et†.

214 944 281 981 Lx:
315 955 440 993 perge.
501 950 662 992 optume
683 941 813 978 hercle
834 938 1007 990 peiieraS.
1067 937 1163 988 quid
1183 938 1348 988 postea?

211 1011 342 1048 ANTA.
376 1008 415 1046 in
437 1008 577 1046 fundas
599 1006 693 1044 uisci
716 1005 906 1044 indebant
926 1003 1175 1055 grandiculos
1194 1002 1345 1053 globos,
1504 1020 1545 1053 35

209 1087 257 1114 eo
279 1074 363 1112 illos
384 1072 553 1112 uolantis
574 1071 666 1110 iussi
688 1069 926 1109 funditarier.

211 1140 305 1190 quid
329 1140 450 1177 multa
470 1138 620 1177 uerba?
649 1149 890 1187 quemquem
911 1134 1020 1174 uisco
1041 1135 1296 1179 offenderant,

213 1214 291 1244 tarn
313 1204 437 1243 crebri
457 1205 507 1243 ad
529 1211 668 1242 terram
690 1201 941 1240 reccidebant
962 1213 1080 1250 quam
1102 1199 1193 1250 pira.

214 1277 256 1308 ut
276 1269 442 1319 quisque
463 1267 670 1314 acciderat,
694 1279 784 1304 eum
807 1266 1000 1304 necabam
1027 1264 1031 1316 l
1058 1263 1150 1302 ilico

212 1349 280 1386 per
300 1334 502 1373 cerebrum
524 1333 646 1382 pinna
665 1345 734 1370 sua
755 1330 828 1369 sibi
850 1330 961 1381 quasi
982 1337 1180 1368 turturem.
1504 1345 1546 1376 40

213 1402 282 1440 LY.
319 1399 350 1438 si
382 1400 512 1438 hercle
544 1398 643 1436 istuc
675 1409 864 1447 umquam
898 1397 1044 1434 factum
1076 1403 1144 1442 est,
1178 1403 1260 1433 tum
1298 1407 1360 1433 me
1397 1395 1485 1444 Iup-

1386 1459 1485 1509 piter-

212 1530 327 1570 faciat
348 1537 390 1568 ut
411 1543 564 1579 semper
584 1529 812 1566 sacruficem
833 1539 907 1565 nec
928 1525 1116 1576 umquam
1137 1524 1256 1563 litem.

213 1599 346 1634 ΑΝΤΑ.
377 1609 427 1634 an
460 1594 512 1633 mi
543 1595 639 1633 haec
674 1607 754 1632 non
789 1591 945 1631 credis?
1003 1592 1072 1629 ΙΝ.
1104 1591 1234 1636 credo,
1269 1597 1310 1628 ut
1342 1588 1395 1627 mi
1425 1601 1486 1626 ae-

1144 1663 1303 1705 quomst
1323 1653 1482 1694 credier.

210 1741 282 1777 age
302 1739 437 1765 eamus
458 1725 570 1764 intro.
630 1727 765 1762 ANTA.
795 1724 890 1762 dum
913 1730 1000 1760 exta
1020 1721 1363 1767 referuntur,—uolo

212 1805 364 1830 narrare
385 1790 455 1829 tibi
476 1789 593 1828 etiam
615 1802 734 1827 unani
756 1800 943 1838 pugnam.
1002 1787 1070 1823 LY.
1105 1785 1156 1822 nil
1180 1798 1320 1823 moror.
1500 1803 1542 1834 45

212 1859 343 1896 ΑΝΤΑ.
367 1857 553 1895 ausculta.
608 1856 676 1893 Lx'.
701 1866 781 1892 non
803 1853 933 1891 hercle
953 1851 1195 1890 auscultabo.
1247 1852 1382 1888 ANTA,
1402 1862 1483 1899 quo

1333 1916 1453 1954 modo
1468 1916 1486 1953 ?

203 2037 263 2067 471
282 2026 407 2058 lenulle
424 2026 617 2057 Priscianus
633 2026 771 2055 testatur
788 2033 816 2060 1,
834 2032 895 2062 109
911 2033 918 2052 ι
935 2020 1060 2052 lenullo
1073 2019 1107 2051 A
1121 2031 1128 2050 :
1145 2019 1268 2050 lenuile
1285 2017 1431 2050 Putvsd.
1447 2017 1479 2058 (Ι

155 2076 217 2112 pro
235 2071 275 2111 L)
417 2081 479 2110 474
504 2069 745 2101 euolaticorum
762 2067 794 2098 P
811 2067 900 2106 (cum
918 2065 950 2096 A
971 2068 1045 2095 ante
1060 2065 1155 2104 corr.)
1176 2063 1218 2103 <E
1236 2067 1305 2093 erat
1325 2067 1483 2101 personae

161 2115 276 2153 nota):
302 2113 570 2146 uolaticorumne
590 2112 726 2142 Guietus
851 2118 914 2148 475
939 2108 1050 2142 uiatici
1068 2107 1101 2138 P
1201 2117 1265 2146 479
1287 2106 1328 2136 ad
1347 2105 1368 2136 f.
1387 2115 1417 2136 u.
1438 2115 1481 2135 ne

161 2158 265 2189 Bothe
362 2158 443 2197 sort.
471 2157 762 2188 ambhaeresceret
794 2155 840 2191 (v,
865 2163 896 2192 p.
923 2153 979 2192 81)
1126 2151 1186 2189 481
1213 2150 1297 2180 uisci
1322 2148 1483 2179 indebant

163 2201 341 2232 Gruterus:
376 2200 618 2241 uisclindebant
650 2200 707 2229 A:
746 2198 797 2228 uis
830 2196 1013 2227 uindebant
1037 2193 1070 2225 P
1208 2192 1417 2232 glandiculos
1447 2191 1480 2221 A

161 2246 225 2284 482
248 2255 289 2276 eo
315 2244 545 2276 Camerarius:
572 2254 630 2283 eos
653 2243 684 2273 A
705 2253 711 2272 :
743 2251 807 2281 ego
831 2240 864 2271 P
1001 2240 1065 2278 485
1090 2237 1285 2268 accidebant
1310 2236 1362 2267 P:
1395 2235 1482 2266 aeci-

160 2289 211 2319 vel
224 2289 304 2320 reci·
323 2289 355 2319 A
503 2287 568 2326 489
592 2286 641 2317 vel
655 2294 873 2323 necumquatn
1006 2292 1070 2321 490
1094 2286 1145 2311 est
1162 2290 1278 2312 aecum
1295 2278 1329 2310 P
1411 2288 1483 2309 cre-

161 2333 241 2362 dere
257 2332 289 2362 A
424 2341 483 2370 491
512 2330 701 2361 referantur
716 2328 747 2358 A
884 2335 947 2364 493
971 2325 1166 2356 auscultabo
1185 2334 1287 2363 usqne
1302 2321 1400 2364 ad(v.
1418 2323 1483 2363 sq.)

160 2375 279 2406 hercle.
290 2385 356 2406 om.
380 2375 413 2405 P
433 2378 577 2416 (propter
600 2371 884 2405 homoeoteleuton&

202 2454 320 2477 ΡιΑντ.
345 2455 368 2475 11
1400 2437 1437 2465 14
