1783 2707
199 118 246 154 Y.
272 117 315 153 iii
682 114 727 150 T.
763 111 943 150 MACCI
976 109 1180 147 PLAVTI

275 226 344 262 LA,
378 225 526 274 quam?
584 225 658 260 nx.
692 229 758 259 tua
779 233 880 271 quae
901 218 972 258 fuit
998 220 1204 264 Palaestra,
1227 230 1273 256 ea
1300 217 1378 256 filia
1402 216 1598 257 inuentast

1498 295 1595 320 rnea.

273 357 345 393 LA.
377 354 478 393 bene
508 353 704 391 mehercle
739 352 884 389 factum
916 357 985 388 est.
1044 361 1166 399 quom
1200 346 1320 386 istaec
1355 360 1414 385 res
1449 346 1519 385 tibi
1553 360 1599 384 ex

1406 411 1600 451 sententkt

215 500 252 522 10
273 487 436 536 pulchre
457 484 601 531 euenit,
623 483 789 533 gaudeo.
851 482 926 519 DA.
960 479 1059 518 istuc
1081 477 1193 517 facile
1214 491 1295 517 non
1316 478 1434 516 eredo
1455 476 1535 515 tibi.

275 552 345 588 LA.
379 550 501 588 immo
522 549 663 594 hercle,
687 554 729 585 ut
750 545 849 584 scias
870 545 1041 596 gaudere
1062 557 1135 589 me,
1160 542 1256 580 mihi
1277 542 1489 581 triobolum

273 617 326 654 ob
347 628 434 654 eam
455 628 505 652 ne
526 613 624 659 duis,
649 612 835 650 condono
856 617 904 648 te.
967 611 1043 647 DA.
1076 607 1246 658 benigne
1267 608 1409 657 edepol
1429 606 1534 645 facis.

276 683 345 719 Ina
378 680 501 718 inuno
541 686 582 716 tu
617 676 778 727 (nfideni
818 676 948 714 hensse
983 687 1087 712 uero.
1163 675 1239 711 (ΕΗ.
1277 674 1374 711 heus
1413 674 1478 710 tul
1526 672 1602 710 iani

1266 738 1388 777 habes
1410 736 1600 776 nidulum.

278 814 345 849 LA.
384 810 522 848 habeo.
596 810 671 846 GR.
713 819 887 856 propera.
959 806 1030 842 LA.
1068 804 1164 854 quid
1203 802 1454 854 properabo?
1524 803 1600 840 GR.

1084 870 1249 908 reddere
1268 875 1472 919 argentum
1493 866 1599 905 mihi.

218 945 347 991 15I„m
379 954 509 991 neque
544 940 686 989 edepol
721 937 792 976 fibi
828 938 881 975 do
914 949 1045 985 neque
1080 934 1292 985 (pncquani
1324 933 1464 972 debeo.
1525 933 1601 971 (ΞΒ.

1139 1012 1240 1050 quae
1261 1000 1359 1037 haee
1380 996 1498 1036 factio
1518 998 1605 1036 est?

275 1087 357 1112 non
395 1072 517 1111 debes
535 1072 551 1109 ?
609 1072 678 1107 LA.
711 1081 792 1107 non
827 1068 958 1106 hercle
993 1079 1097 1104 uero.
1160 1066 1235 1103 GR.
1269 1077 1349 1103 non
1384 1070 1425 1101 tu
1459 1062 1605 1101 iuratus

1420 1126 1516 1166 mihi
1537 1128 1607 1165 es?

278 1205 347 1241 LA.
398 1201 546 1240 iuratus
584 1214 671 1238 sum
707 1207 743 1238 et
782 1211 887 1236 nune
926 1196 1074 1243 iurabo,
1112 1195 1141 1234 si
1182 1194 1278 1245 quid
1317 1192 1510 1243 uoluptati
1550 1199 1608 1230 est

1487 1256 1606 1295 nnhi:

277 1334 337 1373 ius
356 1333 566 1372 iurandum
587 1331 641 1369 rei
663 1330 894 1377 seruandae,
914 1341 996 1366 non
1016 1326 1242 1378 perdendae
1265 1324 1469 1364 conditum
1490 1331 1558 1362 est.

279 1401 355 1438 GR.
388 1400 488 1438 cedo
510 1397 561 1436 sis
583 1396 679 1435 mihi
699 1397 891 1436 talentum
911 1406 1098 1444 magnum
1119 1391 1279 1443 argenti,
1302 1388 1586 1441 peiiurissume.

220 1483 259 1506 20
281 1467 356 1504 DA.
390 1463 523 1514 Gripe,
545 1462 654 1512 quod
684 1468 725 1500 tu
756 1460 874 1499 istum
899 1460 1090 1498 talentum
1119 1456 1279 1508 poscis?
1336 1457 1412 1494 GR.
1445 1454 1608 1493 iuratust

1513 1518 1610 1558 nnhi

279 1597 382 1634 dare.
444 1596 514 1633 LA.
547 1593 657 1632 lubet
678 1592 813 1630 iurare.
875 1599 944 1629 tun
965 1604 1056 1629 meo
1076 1588 1254 1640 pontifex
1274 1586 1439 1638 peiiurio
1459 1586 1530 1624 es?

281 1663 356 1700 Dm
389 1654 1233 1711 Qfflffnooeafflfflnmnpmmsssthmfiffl?
1281 1651 1608 1691 Cffi„ffiufflfflum

279 1728 385 1766 hunc
407 1725 645 1776 redegissem
667 1723 707 1762 in
726 1729 963 1774 potestatem
985 1720 1094 1768 eiius,
1117 1720 1282 1759 iuratust
1302 1719 1394 1757 dare
1587 1761 1589 1763 r

282 1791 377 1830 mihi
399 1792 591 1829 talentum
612 1801 799 1839 magnum
819 1786 978 1838 argenti.
1032 1788 1102 1824 LA.
1136 1786 1237 1824 cedo
1258 1783 1418 1834 quicum
1440 1782 1608 1821 habeam

1424 1847 1609 1894 iudicem,

224 1941 238 1962 2
246 1941 263 1972 5
283 1923 323 1962 ni
343 1924 438 1962 dolo
460 1936 497 1960 m
511 1923 564 1959 ilo
585 1920 834 1971 instipulatus
856 1918 907 1958 sis
929 1918 1012 1958 siue
1033 1918 1250 1957 etiamdum
1273 1915 1369 1954 siem

283 1987 459 2039 quinque
479 1994 517 2025 et
538 1985 676 2036 uiginti
696 1998 821 2024 annos
843 1992 968 2022 natus.
1028 1985 1105 2022 GR.
1137 1983 1240 2021 habe
1271 1995 1360 2020 cum
1391 1981 1477 2019 hoc.
1538 1981 1608 2017 LA.

1361 2045 1476 2084 aliost
1497 2057 1607 2095 opus.

328 2159 411 2198 1365
435 2156 550 2188 hercle
573 2156 605 2187 Β
743 2157 825 2196 1369
850 2155 953 2186 habes
981 2153 1142 2194 Pylades:
1177 2153 1303 2184 habeas
1326 2151 1390 2183 cod.
1529 2159 1607 2189 1371

281 2212 318 2234 es
334 2201 398 2233 cod.
537 2211 617 2240 1374
644 2200 692 2232 rei
711 2200 938 2231 reseruandae
955 2198 1028 2229 PCD
1165 2206 1246 2236 1375
1271 2194 1500 2236 periurissime
1510 2193 1585 2225 Ital.
1604 2204 1611 2223 z

281 2243 525 2286 periturissime
541 2244 608 2276 cod.
629 2244 680 2285 Q‘t'.
696 2254 720 2275 e.
739 2242 963 2284 peiiurissime
973 2247 1045 2282 sup.
1055 2252 1113 2273 scr.
1130 2251 1146 2271 r
1157 2239 1255 2280 'Leo)
1350 2248 1430 2278 1377
1456 2242 1524 2268 tum
1540 2236 1607 2268 cod.

284 2299 368 2330 1379
392 2289 521 2320 iuratus
545 2289 611 2320 cod.
770 2287 848 2327 1381
875 2286 948 2317 siue
973 2284 1061 2317 codd.
1083 2283 1248 2315 Prisciani
1269 2293 1295 2318 1,
1320 2283 1407 2322 388:
1431 2281 1510 2311 niue
1542 2280 1608 2311 cod.

281 2331 416 2375 (haud)
433 2332 517 2407 Sciem
535 2331 707 2406 Acz'glalins
727 2375 756 2405 Β
784 2375 789 2380 .
844 2331 925 2369 1382
949 2339 1060 2360 annos
1076 2333 1174 2360 natus
1191 2326 1277 2359 codd.
1298 2325 1481 2357 Prisciani:
1513 2328 1610 2355 natus

282 2386 392 2407 annos
409 2387 443 2407 co
468 2400 474 2407 .
566 2387 584 2407 a
600 2379 708 2407 ienost
759 2385 810 2404 mx

1622 347 1707 391 1365

1627 809 1715 845 1370

1629 1397 1715 1435 1375

1618 1779 1721 1829 ⁴1380
