1731 2713
623 121 1027 159 MOSTELLARIA
1436 118 1488 154 11.
1513 117 1543 152 ii

149 236 243 276 Tri.
287 247 405 283 quam
440 233 492 270 ob
524 233 635 270 rem?
675 238 741 269 aut
773 244 892 280 quam
919 230 1050 268 subito
1077 242 1158 267 rem
1187 228 1280 266 mihi
1309 230 1492 278 adportas
1513 241 1551 272 35

1319 295 1494 332 nouam?

167 365 241 401 TR.
275 372 311 401 et
333 365 440 410 heus,
464 362 555 400 iube
576 362 662 400 illos
684 361 790 399 illinc
809 361 929 399 ambo
949 361 1171 410 apscedere.

167 430 245 465 ΤΗ.
277 427 486 478 apscedite.
546 428 621 465 TR.
654 426 761 465 aedis
783 440 832 464 ne
852 425 1032 475 attigatis.
1092 425 1237 475 tangite

167 507 237 530 uos
254 507 411 542 quoque
426 501 576 530 terram.
617 494 696 529 TH.
721 504 885 540 opsecro
898 491 1038 536 hercle,
1055 490 1150 539 quin
1167 492 1350 539 eloquere
1365 488 1491 541 (rem).

80 568 149 601 470
167 560 241 596 TR.
275 558 365 607 quia
386 566 535 607 septem
558 570 712 595 menses
734 563 825 594 sunt
845 569 965 605 quom
987 555 1026 593 in
1048 556 1165 593 hasce
1185 555 1293 593 aedis
1314 556 1457 604 pedem

168 637 285 661 nemo
307 623 407 660 intro
428 622 565 669 tetulit,
589 623 710 660 semel
731 629 773 659 ut
794 621 1081 671 emigrauimus.
1512 633 1555 664 40

167 690 245 725 ΤΗ.
278 690 470 738 eloquere,
494 687 590 737 quid
611 687 692 725 ita?
730 689 806 724 TR.
839 686 1205 736 circumspicedum‚
1230 685 1415 735 numquis
1436 693 1494 724 est

166 767 387 791 sermonem
409 761 585 791 nostrum
607 752 675 802 qui
696 753 896 802 aucupet?
943 753 1022 789 ΤΗ.
1056 759 1183 789 tutum
1205 752 1374 801 probest.

166 820 241 856 TR.
274 818 530 869 circumspice
551 818 679 857 etiam.
739 820 819 856 ΤΗ.
851 831 970 856 nemo
991 826 1058 855 est.
1118 818 1278 867 loquere
1294 816 1491 854 nunciam.

79 890 145 926 475
167 885 242 921 TR.
275 883 441 933 capitale
461 885 579 922 scelu'
595 885 791 921 factumst.
850 884 930 920 TH.
962 881 1058 932 quid
1079 883 1166 920 est?
1196 882 1276 920 non
1298 881 1491 931 intellego.

166 950 241 986 TR.
274 949 410 996 scelus,
434 948 608 999 inquam,
631 950 779 987 factum
800 955 858 986 est
883 947 959 985 iam
981 947 1060 994 diu,
1082 947 1288 997 antiquom
1310 954 1347 985 et
1368 954 1493 984 uetus.
1515 959 1555 991 45

166 1015 244 1052 ΤΗ.
276 1013 512 1064 antiquom?
555 1015 630 1052 TR.
663 1013 704 1052 id
724 1014 826 1051 adeo
846 1025 919 1050 nos
942 1026 1047 1050 nunc
1068 1013 1215 1050 factum
1236 1011 1472 1050 inuenimus.

166 1080 244 1116 TH.
277 1078 373 1128 quid
394 1078 493 1117 istuc
515 1083 597 1117 lest
617 1079 836 1117 sceleste†?
865 1085 931 1115 aut
953 1076 1039 1127 quis
1061 1076 1100 1115 id
1121 1076 1242 1115 fecit?
1270 1077 1381 1114 cedo.

167 1147 242 1182 TR.
275 1146 418 1195 hospes
440 1144 596 1182 necauit
617 1143 814 1194 hospitem
835 1151 994 1193 captum
1019 1156 1136 1180 manu
1154 1157 1164 1190 3

79 1215 149 1258 480
166 1209 250 1257 iste,
273 1217 315 1248 ut
335 1223 408 1259 ego
429 1209 578 1260 opinor,
602 1208 670 1260 qui
690 1210 760 1247 has
782 1207 852 1246 tibi
873 1207 981 1246 aedis
1002 1206 1192 1245 uendidit.

165 1276 245 1312 TH.
277 1274 462 1313 necauit?
504 1276 580 1312 TR.
612 1286 831 1323 aurumque
853 1272 888 1311 ei
908 1271 1056 1310 ademit
1076 1271 1221 1321 hospiti
1518 1286 1559 1317 50

165 1353 336 1390 eumque
357 1341 420 1378 hic
441 1339 592 1378 defodit
613 1338 810 1389 hospitem
831 1337 980 1376 ibidem
1002 1337 1041 1374 in
1062 1336 1238 1375 aedibus.

166 1407 245 1443 ΤΗ.
277 1412 514 1454 quapropter
534 1403 574 1442 id
595 1417 666 1442 uos
687 1404 833 1442 factum
856 1401 1138 1453 suspicamini?

167 1471 243 1507 TR.
275 1482 348 1520 ego
369 1468 509 1516 dicam,
531 1470 718 1507 ausculta.
778 1470 821 1506 ut
841 1469 933 1506 foris
953 1474 1162 1506 cenauerat

80 1536 146 1580 485
168 1535 246 1573 tuo'
266 1541 417 1584 gnatus,
440 1542 650 1584 postquam
672 1533 785 1572 rediit
806 1546 828 1571 a
849 1546 948 1571 cena
968 1534 1144 1579 domum,

165 1599 320 1637 abimus
341 1612 479 1637 omnes
500 1598 703 1646 cubitum3
732 1597 1096 1637 condormiuimus:
1517 1613 1556 1645 55

166 1665 366 1702 lucernam
388 1665 485 1702 forte
506 1663 652 1701 oblitus
674 1664 823 1701 fueram
846 1662 1090 1712 exstinguere
1106 1677 1115 1710 3

165 1738 284 1780 atque
305 1730 368 1768 ille
389 1731 580 1768 exclamat
601 1730 814 1779 derepente
836 1742 1076 1766 maxumum.

166 1797 245 1833 TH.
278 1795 365 1845 quis
386 1796 538 1833 homo?
565 1807 616 1833 an
640 1802 780 1844 gnatus
803 1794 943 1832 meus?
999 1795 1075 1830 TR.
1113 1801 1146 1831 st
1165 1796 1170 1831 ἕ
1201 1800 1298 1840 tace,
1320 1793 1497 1831 ausculta

1361 1858 1492 1896 modo.

80 1937 149 1971 490
166 1925 219 1964 ait
239 1925 394 1964 uenisse
415 1925 524 1963 illum
545 1925 585 1963 in
606 1924 754 1963 somnis
775 1926 826 1963 ad
847 1938 888 1962 se
909 1931 1118 1962 mortuom.

165 1993 243 2030 ΤΗ.
276 2005 420 2041 nempe
440 2004 532 2041 ergo
552 1991 592 2028 in
613 1990 792 2029 somnis?
840 1992 916 2028 TR.
949 1989 1014 2028 ita.
1071 1990 1142 2028 sed
1162 1990 1338 2027 ausculta
1360 1989 1490 2026 modo.
1513 1992 1556 2023 60

207 2098 269 2136 467
294 2096 392 2126 ambo
409 2095 573 2136 Scaliger:
598 2095 717 2127 amabo
734 2095 799 2127 cod.
927 2096 990 2134 468
1017 2095 1142 2134 atigate
1159 2093 1225 2124 cod.
1245 2105 1252 2124 ε
1276 2093 1390 2131 attigat
1407 2092 1495 2124 codd.

165 2139 334 2170 Diomedis
349 2140 413 2178 382
503 2141 567 2179 469
592 2150 661 2170 rem
690 2139 766 2170 add.
794 2139 898 2170 Bothe
994 2149 1058 2177 473
1084 2147 1278 2168 sermonum
1308 2136 1371 2167 cod.
1403 2138 1494 2173 (sorr.

166 2181 227 2218 3²)
355 2192 418 2222 475
443 2184 618 2223 rhythmus
631 2183 769 2223 dzlsplicet
857 2182 989 2221 capitali
1007 2182 1119 2212 scedis
1135 2180 1304 2221 <capitalis
1319 2180 1419 2210 cedes
1432 2178 1495 2220 32)

167 2227 254 2257 sacta
274 2231 325 2257 est
349 2226 440 2257 cod.:
464 2237 541 2258 corr.
569 2226 674 2264 θυαε,
700 2226 825 2257 Schoell
980 2227 1043 2264 478
1068 2230 1119 2255 est
1143 2224 1277 2255 scelesti
1302 2223 1498 2253 Dissaldeus

168 2270 239 2309 (sed
261 2271 392 2302 istuc’st
415 2270 588 2309 dubium:
616 2275 666 2301 est
691 2270 829 2300 sceleris
852 2269 1012 2309 Spengel:
1041 2268 1173 2299 scelesti
1199 2273 1250 2298 est
1276 2266 1498 2307 (-tist)Botl1e

167 2324 231 2353 479
256 2315 394 2353 negauit
410 2313 468 2343 cod
495 2316 580 2352 (corr
600 2313 660 2354 132)
751 2314 815 2351 480
838 2313 888 2343 vel
901 2313 1004 2352 opino
1073 2312 1133 2342 has
1150 2311 1208 2341 tibi
1224 2311 1291 2342 Ital
1313 2323 1318 2341 :
1346 2310 1497 2341 hastibus

167 2357 231 2388 cod.
321 2358 382 2396 481
409 2358 439 2388 ei
452 2356 646 2397 Scioppius:
670 2362 702 2387 et
719 2356 785 2388 cod.
875 2357 938 2394 482
963 2366 1005 2385 en
1023 2355 1090 2386 cod.
1108 2356 1118 2387 ,ἴ
1121 2365 1196 2386 corr.
1209 2355 1270 2394 3²)
1291 2354 1341 2393 kcs.
1355 2354 1402 2384 ad
1415 2355 1494 2393 394)

167 2401 229 2440 484
253 2405 311 2431 aut
326 2401 390 2432 cod.
412 2403 504 2438 (corr.
522 2399 585 2440 32)
727 2400 791 2438 486
814 2400 962 2438 gubitum
979 2399 1045 2430 cod.
1066 2401 1158 2433 (corr.
1178 2398 1236 2431 ΒΕ)
1378 2399 1442 2437 489
1465 2403 1496 2427 st

169 2443 398 2474 Camerarius:
417 2444 445 2474 si
462 2444 526 2475 cod.
543 2444 618 2483 (sed
632 2443 694 2484 132)
714 2444 750 2484 (ἰ.
768 2445 798 2479 8,
818 2453 848 2482 p.
863 2445 919 2484 27)
1009 2452 1073 2481 490
1095 2443 1136 2472 ad
1154 2452 1190 2471 se
1203 2441 1249 2470 B2
1266 2454 1272 2471 ε
1297 2442 1418 2471 adesse
1431 2441 1491 2471 cod.
