1783 2707
178 146 248 182 IV.
273 144 318 180 vi
689 143 736 178 T.
770 141 950 180 MACCI
984 141 1187 177 PLAVTI

278 257 357 293 Do.
388 254 483 305 quid
503 254 641 292 attinet
663 267 742 291 non
764 252 890 290 scire?
938 253 1032 290 SAG.
1062 252 1240 289 ausculta
1260 264 1361 301 ergo,
1385 258 1427 289 ut
1448 249 1570 289 scias:

220 331 256 352 20
276 319 611 369 Vaniloquidorus
632 316 1064 367 Virginesuendonides

276 384 630 434 Nugiepiloquides
652 380 1200 432 Argentumextenebronides

275 448 627 499 Tedigniloquides
649 447 827 497 Nugides
850 445 1087 496 Palponides

277 513 712 563 Quodsemelarripides
734 511 1146 562 Numquameripides.
1206 525 1268 549 em
1290 510 1360 549 tibi
1378 513 1384 549 l
1623 519 1688 556 705

279 582 356 618 Do.
389 594 436 618 eu
458 580 588 617 hercle
606 582 612 617 ἔ
643 592 790 617 nomen
812 577 1056 616 multimodis
1078 577 1302 627 scriptumst
1322 584 1443 615 tuom.

217 657 255 687 25
277 646 367 683 SAG.
400 644 454 682 ita
474 651 564 682 sunt
586 645 791 690 Persarum
814 656 953 689 mores,
976 644 1093 691 longa
1113 641 1286 688 nomina,

275 709 589 759 contortiplicata
610 708 814 746 habemus.
876 706 1070 757 numquid
1092 714 1265 745 ceterum

274 774 420 813 uoltis?
470 776 545 812 DO.
578 775 676 812 uale.
737 774 829 812 SAG.
863 779 900 810 et
925 785 1007 819 uos,
1030 785 1122 809 narn
1143 771 1297 809 animus
1318 771 1395 810 iam
1416 771 1455 809 in
1477 770 1605 809 nauist

1496 835 1602 874 mihi.

276 906 349 942 To.
382 917 465 942 cras
486 903 559 942 ires
580 903 721 953 potius,
746 901 865 941 hodie
887 901 950 940 hic
971 915 1140 940 cenares.
1201 903 1292 940 SAG.
1325 902 1480 939 uale.—
1623 911 1693 946 710

198 1014 258 1051 vii
452 1017 705 1053 TOX1Lvs
829 1015 1136 1051 DORDALVS
1245 1014 1428 1050 VIRGO

585 1082 834 1118 SATvklo
945 1080 1294 1117 SAGARISTIO

276 1164 349 1201 To.
384 1165 599 1212 Postquam
621 1160 699 1199 illic
720 1160 826 1207 abiit,
850 1160 980 1199 dicere
1000 1159 1064 1198 hic
1086 1158 1242 1209 quiduis
1263 1157 1363 1196 licet.

276 1241 325 1266 ne
346 1227 409 1265 hic
430 1226 501 1265 tibi
522 1226 606 1265 dies
628 1225 766 1264 inluxit
787 1224 1075 1272 lucrificabili53

276 1306 367 1331 nam
389 1306 469 1330 non
491 1291 619 1330 emisti
641 1292 755 1337 hanc,
779 1304 915 1329 uerum
937 1289 1061 1328 fecisti
1081 1282 1188 1327 lucri.

280 1360 355 1396 DO.
389 1357 452 1395 ille
473 1356 635 1407 quidem
659 1356 737 1394 iam
759 1355 831 1394 scit
852 1355 947 1405 quid
969 1354 1099 1404 negoti
1121 1353 1291 1404 gesserit,

241 1438 257 1468 5
279 1423 345 1473 qui
366 1422 462 1460 mihi
483 1422 666 1460 furtiuam
690 1435 779 1460 meo
800 1420 946 1471 periclo
967 1419 1162 1467 uendidit,
1627 1429 1692 1466 715

277 1496 481 1538 argentum
503 1486 668 1537 accepit,
691 1486 796 1525 abiit.
856 1487 924 1535 qui
944 1498 1017 1535 ego
1039 1498 1144 1523 nunc
1165 1484 1246 1523 scio

277 1567 328 1592 an
349 1553 426 1591 iam
446 1553 648 1591 adseratur
671 1553 768 1590 haec
790 1552 939 1589 manu?
969 1564 1048 1600 quo
1068 1550 1177 1588 illum
1200 1551 1368 1600 sequar?

278 1618 318 1656 in
341 1619 506 1656 Persas?
536 1631 658 1667 nugas
677 1620 682 1654 ἓ
724 1619 797 1654 TO.
831 1615 980 1654 credidi
1000 1623 1151 1665 gratum
1173 1616 1254 1654 fore

281 1682 516 1721 beneficium
539 1695 671 1720 meum
693 1682 799 1731 apud
822 1688 868 1719 te.
930 1682 1006 1718 Do.
1039 1680 1161 1718 immo
1182 1679 1367 1730 equidem
1388 1678 1550 1729 gratiam

223 1759 261 1781 10
281 1747 361 1793 tibi,
385 1747 535 1793 Toxile,
558 1747 713 1794 habeo3
743 1759 833 1784 nam
855 1753 893 1784 te
914 1744 1017 1783 sensi
1038 1746 1176 1783 sedulo
1584 1766 1587 1769 s
1630 1755 1697 1790 720

281 1811 376 1849 mihi
397 1813 489 1850 dare
511 1812 657 1850 bonam
679 1825 850 1862 operam.
910 1812 984 1847 To.
1017 1809 1115 1847 tibin
1136 1811 1238 1859 ego?
1267 1809 1390 1846 immo
1411 1809 1560 1847 sedulo.

282 1879 356 1915 Do.
388 1880 507 1915 attat!
538 1877 682 1915 oblitus
704 1891 790 1914 sum
813 1876 917 1914 intus
938 1876 1091 1914 dudum
1112 1874 1265 1913 edicere

281 1955 382 1991 quae
403 1941 510 1980 uolui
527 1942 666 1980 edicta.
707 1943 874 1980 adserua
890 1942 1136 1979 hanc—TO.
1161 1941 1303 1977 saluast
1320 1941 1417 1978 haec
1434 1938 1606 1989 quidem.

280 2009 344 2044 V1.
377 2015 486 2057 pater
506 2020 611 2045 nunc
633 2014 768 2045 cessat.
829 2008 900 2044 To.
935 2005 1030 2055 quid
1058 2004 1090 2043 si
1110 2005 1377 2043 admoneam?
1419 2006 1482 2041 V1.
1515 2011 1610 2041 tem-

1444 2081 1516 2119 pus
1537 2075 1605 2107 est.

222 2151 258 2182 15
280 2138 354 2175 TO.
385 2138 494 2184 heus,
519 2136 683 2184 Saturio,
708 2136 777 2175 exi.
839 2149 943 2174 nunc
966 2143 1023 2174 est
1044 2135 1108 2173 illa
1129 2134 1284 2173 occasio
1627 2143 1692 2179 725

326 2252 388 2282 702
412 2243 555 2282 uirginis
574 2242 804 2272 uendonident
824 2242 852 2271 Ρ
983 2251 1045 2280 703
1072 2240 1346 2280 nugipiloquides
1362 2238 1395 2268 P
1490 2248 1608 2276 argen-

281 2287 638 2317 tumexterebronides
660 2285 739 2315 Pius
872 2285 1047 2324 704·Nug.
1080 2284 1190 2324 Palp.]
1219 2282 1609 2321 numdesexpalponides

281 2330 314 2360 P
329 2331 384 2364 (iv.
406 2334 440 2369 4l
459 2341 465 2360 z
492 2328 904 2368 Nummosexpalponides
920 2327 1045 2358 Ritschl
1161 2337 1223 2366 705
1248 2326 1316 2368 em]
1331 2337 1370 2357 ea
1388 2325 1475 2364 P(A
1486 2331 1547 2366 pro
1560 2324 1608 2364 M)

282 2376 344 2412 706
367 2374 528 2413 scriptum
547 2372 579 2402 A
673 2383 736 2411 709
761 2372 809 2412 et]
829 2378 882 2411 set
899 2371 931 2401 A
1024 2372 1087 2401 iam
1103 2381 1171 2401 om.
1188 2371 1220 2400 A
1315 2379 1409 2400 meus
1429 2368 1462 2398 P
1548 2379 1606 2408 711

279 2421 345 2452 illic
359 2417 479 2462 (hinc)
496 2421 664 2460 Kiessling
781 2430 840 2458 712
867 2419 1068 2450 lucrificabis
1085 2418 1117 2448 A
1236 2428 1294 2457 721
1321 2416 1456 2457 sedulo]
1473 2417 1564 2447 serui
1580 2416 1614 2446 P

282 2466 375 2509 <2pr0
391 2466 495 2504 serio)
604 2475 667 2506 722
692 2464 804 2496 dicere
822 2464 854 2495 A

959 2525 980 2536 a
