1731 2713
753 115 978 152 RVDENS
1550 124 1666 151 PROL.

308 233 345 262 et
365 225 525 262 aliarum
548 224 682 262 itidem
705 237 805 273 quae
827 224 909 262 eius
930 233 1037 262 erant
1060 223 1320 261 mulierculae.

308 290 391 327 infit
412 289 541 327 lenoni
564 290 727 327 suadere
749 299 790 327 ut
811 303 944 327 seeum
966 289 1081 327 simul

307 363 368 393 eat
389 354 427 392 in
450 355 618 393 Siciliam
638 371 643 392 z
676 354 728 392 ibi
750 368 834 393 esse
857 355 1036 393 homines
1057 353 1298 404 uoluptatios

306 419 411 466 dicit,
435 428 590 469 potesse
612 419 664 457 ibi
685 433 774 458 eum
798 419 878 458 fieri
899 419 1074 465 diuitem,
1547 435 1586 466 55

305 484 356 522 ibi
378 498 463 522 esse
483 492 689 534 quaestum
712 498 939 522 maxumum
962 484 1240 522 meretricibus.

303 550 521 599 persuadet.
581 549 691 587 nauis
712 551 935 588 clanculum
957 549 1201 595 conducitur,

302 613 495 664 quidquid
517 621 597 652 erat
617 622 737 652 noctu
759 613 798 652 in
819 628 962 653 nauem
984 621 1206 664 comportat
1226 614 1348 652 domo

302 680 391 718 leno
408 693 416 725 3
443 679 686 717 adulescenti
707 679 773 730 qui
795 681 964 729 puellam
986 680 1037 718 ab
1058 692 1105 718 eo
1125 686 1272 718 emerat

301 744 353 782 ait
373 746 458 783 sese
478 743 622 782 Veneri
644 745 745 783 uelle
766 752 903 783 uotum
925 747 1077 784 soluere
1542 745 1585 778 60

301 809 357 859 (id
379 809 441 847 hic
462 817 519 848 est
541 809 704 848 Veneris
725 810 878 861 fanum)
900 810 937 848 et
958 824 1006 849 eo
1026 812 1075 849 ad
1098 809 1305 860 prandium

299 874 456 912 uocauit
476 875 770 913 adulescentem
794 876 880 913 huc.
941 875 1023 925 ipse
1044 875 1136 913 hinc
1157 874 1248 913 ilico

299 939 529 978 conscendit
550 953 703 986 nauem,
727 940 860 978 auehit
882 939 1154 978 meretriculas.

298 1004 541 1043 adulescenti
560 1004 624 1042 alii
645 1012 802 1042 narrant
823 1013 864 1042 ut
885 1018 944 1043 res
964 1012 1072 1055 gesta
1092 1005 1151 1052 sit,

299 1069 483 1107 lenonem
502 1068 654 1107 abiisse.
714 1069 764 1108 ad
786 1077 941 1119 portum
963 1070 1196 1108 adulescens
1216 1069 1348 1110 uenit:
1540 1071 1582 1114 65

298 1133 452 1173 illorum
474 1133 584 1172 nauis
604 1135 720 1184 longe
740 1133 781 1172 in
801 1135 924 1172 altum
945 1133 1195 1184 apscesserat.

298 1212 371 1249 ego
392 1198 579 1249 quoniam
600 1198 718 1237 uideo
739 1197 931 1249 uirginem
952 1199 1196 1249 asportarier‚

277 1289 279 1291 -
297 1264 407 1303 tetuli
428 1272 466 1302 et
486 1263 521 1302 ei
540 1263 727 1302 auxilium
748 1271 787 1303 et
808 1263 942 1303 lenoni
963 1263 1124 1303 exitium
1146 1264 1261 1303 simul
1278 1280 1285 1303 :

296 1320 472 1379 increpui
492 1328 699 1367 hibernum
720 1336 758 1367 et
779 1330 922 1368 fluctus
944 1329 1050 1368 moui
1073 1329 1313 1369 maritumos.

296 1408 388 1433 nam
405 1396 592 1433 Arcturus
608 1394 762 1444 signum
779 1408 867 1433 sum
884 1394 1063 1433 omnium
1080 1394 1240 1447 (unum)
1253 1409 1517 1435 acerrumum:
1541 1408 1583 1442 70

296 1460 511 1498 uehemens
531 1473 617 1497 sum
638 1459 826 1506 exoriens,
851 1473 973 1509 quom
996 1460 1137 1499 occido
1158 1461 1440 1501 uehementior.

295 1538 399 1563 nunc
419 1525 549 1571 ambo,
572 1526 662 1563 leno
681 1531 801 1574 atque
822 1526 977 1575 hospes,
1001 1525 1040 1563 in
1062 1539 1155 1564 saxo
1175 1525 1290 1565 simul

294 1590 432 1628 sedent
453 1588 566 1627 eiecti
584 1604 591 1627 :
621 1588 732 1627 nauis
753 1590 953 1628 confracta
974 1598 1031 1629 est
1052 1590 1117 1629 eis.

294 1654 359 1692 illa
377 1662 508 1692 autem
529 1653 638 1703 uirgo
657 1661 776 1704 atque
796 1655 917 1693 altera
936 1654 1073 1694 itidem
1094 1655 1277 1694 ancillula

294 1720 344 1758 de
365 1718 455 1758 naui
477 1718 637 1757 timidae
657 1719 913 1758 desuluerunt
934 1719 974 1758 in
995 1721 1192 1770 scapham.
1237 1746 1245 1750 -
1537 1734 1576 1771 75

293 1797 399 1823 nunc
418 1797 482 1823 eas
502 1784 554 1822 ab
573 1797 666 1822 saxo
686 1785 828 1823 fluctus
848 1785 899 1824 ad
921 1792 1061 1824 terram
1082 1787 1210 1825 ferunt

292 1850 343 1888 ad
363 1849 495 1888 uillam
516 1848 632 1897 illius,
652 1851 761 1888 exsul
782 1849 850 1889 ubi
871 1851 1023 1890 habitat
1045 1865 1173 1899 senex,

292 1913 433 1964 quoius
453 1914 677 1952 deturbauit
697 1922 839 1954 uentus
861 1923 1009 1955 tectum
1031 1924 1068 1956 et
1089 1918 1237 1967 tegulas
1252 1931 1263 1965 3

293 1986 330 2017 et
351 1992 483 2017 seruos
504 1978 581 2017 illic
601 1986 659 2018 est
680 1979 762 2018 eius
784 1980 851 2031 qui
872 1981 1068 2031 egreditur
1088 1984 1200 2021 foras.

291 2045 523 2082 adulescens
543 2044 621 2082 huc
641 2043 718 2083 iam
738 2045 935 2093 adueniet,
958 2060 1076 2097 quern
1098 2046 1297 2095 uidebitis,
1531 2051 1575 2083 80

228 2157 270 2187 55
294 2147 385 2189 eum]
399 2148 531 2178 demum
543 2147 670 2179 Sclzoell
779 2160 906 2189 57—201
922 2150 1006 2182 deest
1021 2150 1054 2181 A
1170 2153 1209 2182 61
1238 2156 1272 2182 et
1284 2150 1360 2183 leno
1378 2150 1518 2183 Mueller

186 2191 317 2230 (Rlzez'n.
335 2191 422 2221 Aldus.
439 2201 490 2230 54,
507 2192 584 2231 532)
701 2193 743 2232 63
768 2204 889 2225 nauem
905 2195 1104 2226 conscendit
1118 2195 1332 2227 Camerarius
1398 2196 1513 2227 auehit

183 2234 258 2265 Ital.
279 2246 286 2266 :
310 2235 424 2265 auenit
441 2234 506 2265 cod.
526 2235 642 2276 ngro
654 2236 704 2277 H)
853 2240 894 2285 65
919 2237 969 2269 vel
981 2238 1128 2269 abiuisse
1219 2244 1351 2278 portum
1369 2238 1513 2282 (quom)

857 2290 882 2306 el

182 2312 355 2343 Fleckeisen
507 2313 550 2343 68
574 2318 608 2344 et
624 2314 655 2344 ei
672 2324 717 2344 an
734 2319 768 2344 et
785 2325 829 2345 (ιιι
849 2320 882 2345 et
899 2315 1002 2346 incert.
1024 2315 1089 2347 cod.
1250 2326 1290 2356 70
1315 2327 1415 2348 unum
1433 2315 1508 2348 add.

182 2355 317 2396 Seyffert
501 2366 540 2396 72
564 2356 598 2387 in
622 2367 666 2388 sa.
695 2357 736 2388 le.
764 2362 830 2397 atq.
855 2358 926 2390 hos.
954 2358 1019 2389 cod.
1040 2369 1047 2388 t
1081 2359 1152 2391 trai.
1181 2358 1269 2399 Reiz,
1290 2359 1513 2391 allz'tteratione

171 2401 305 2436 favente
404 2409 441 2438 77
467 2399 537 2439 ubi]
555 2399 611 2439 qui
629 2400 672 2431 ibi
689 2400 792 2432 Bothe
890 2411 931 2441 79
955 2401 1024 2434 Sed
1041 2401 1153 2434 Luchs
1212 2403 1262 2435 vel
1277 2403 1389 2435 illic'st
1405 2404 1490 2435 eiius
