1731 2713
579 122 750 159 MILES
783 120 1096 159 GLORIOSVS
1424 119 1500 156 III.
1523 119 1568 156 iii

91 232 156 277 885*
178 234 245 269 PE.
277 239 315 268 at
337 244 454 269 nemo
475 231 579 268 solus
602 229 684 267 sati'
707 229 817 279 sapit.
880 242 970 266 nam
993 241 1065 278 ego
1088 229 1230 266 multos
1252 240 1368 276 saepe
1389 225 1471 264 uidi

177 295 373 345 regionem
396 297 526 344 fugere
549 294 686 332 consili
708 294 804 344 priu’
827 307 945 343 quam
968 300 1159 343 repertam
1181 293 1381 331 haberent.

175 362 246 398 Ac.
280 360 309 398 si
331 360 426 410 quid
449 359 676 397 faciundum
699 367 757 397 est
779 358 930 396 mulieri
954 359 1054 396 male
1075 366 1194 407 atque
1215 356 1417 402 malitiose,

176 439 221 463 ea
242 425 313 463 sibi
336 424 550 462 inmortalis
573 423 797 462 memoriast
819 422 1044 461 meminisse
1065 430 1102 461 et
1124 421 1385 471 sempiterna3
1526 432 1560 462 15

178 490 237 527 sin
260 490 360 528 bene
382 489 477 539 quid
498 496 564 526 aut
586 488 752 527 fideliter
773 487 1051 533 faciundumst,
1074 500 1122 525 eo
1144 485 1362 525 deueniunt

89 560 160 604 890
178 554 394 594 obliuiosae
416 555 613 604 extemplo
635 553 689 592 uti
712 555 817 600 fiant,
842 552 1067 591 meminisse
1089 558 1301 601 nequeunt.

178 624 245 659 PE.
279 634 368 671 ergo
397 620 496 658 istuc
524 628 671 668 metuo,
693 633 814 670 quom
836 619 945 657 uenit
970 618 1084 657 uobis
1109 618 1338 656 faciundum
1360 624 1505 655 utrum-

1401 696 1502 732 que:

176 764 266 788 nam
288 750 327 789 id
349 749 521 800 proderit
542 748 648 796 mihi,
672 748 785 787 militi
806 750 907 787 male
928 749 1037 798 quod
1058 747 1206 786 facietis
1227 748 1378 786 ambae.

176 818 247 854 Ac.
280 817 375 854 dum
397 815 616 854 nescientes
637 816 745 864 quod
767 815 917 852 bonum
939 813 1137 859 faciamus,
1162 827 1211 851 ne
1232 812 1408 851 formida.
1523 822 1565 843 20

47 885 153 927 894-5
177 883 245 919 ΡΕ.
278 882 380 919 mala
414 880 519 919 mille
553 893 687 918 meres.
747 881 819 917 Ac.
852 882 909 917 st!
949 892 998 917 ne
1032 892 1143 928 paue,
1181 877 1379 927 peioribus
1414 890 1505 915 con-

1327 949 1503 980 ueniunt.

178 1013 246 1048 PE.
278 1010 331 1048 ita
359 1023 430 1048 uos
461 1011 585 1048 decet.
645 1007 944 1059 consequimini.
1005 1009 1074 1046 ΡΑ.
1107 1021 1219 1046 cesso
1246 1020 1319 1057 ego
1346 1006 1419 1045 illis
1440 1007 1508 1045 ob-

1312 1072 1417 1110 uiam
1438 1071 1502 1110 ire.

177 1141 312 1180 uenire
332 1143 482 1180 saluom
503 1142 668 1191 gaudeo,
691 1139 822 1190 lepide
843 1140 973 1177 hercle
995 1145 1154 1176 ornatus
1178 1135 1373 1190 [in]cedis.

178 1207 245 1244 PE.
278 1206 380 1244 bene
419 1213 720 1256 opportuneque
760 1203 920 1243 obuiam
960 1216 1012 1250 es,
1050 1201 1273 1241 Palaestrio.
1333 1216 1395 1240 em
1435 1201 1506 1241 tibi

1361 1267 1506 1304 adsunt

176 1349 273 1385 quas
291 1349 354 1374 me
369 1335 513 1374 iussisti
527 1336 724 1373 adducere
739 1341 777 1372 et
791 1347 871 1384 quo
887 1340 1037 1371 ornatu.
1072 1334 1140 1370 PA.
1164 1334 1230 1370 eu!
1259 1339 1392 1370 noster
1407 1338 1502 1370 esto.
1528 1342 1566 1373 25

89 1411 158 1446 900
177 1400 390 1438 Palaestrio
411 1399 723 1438 Acroteleutium
745 1400 897 1437 salutat.
958 1400 1030 1436 AC.
1064 1396 1151 1447 quis
1172 1397 1235 1435 hic
1256 1396 1399 1434 amabo
1420 1403 1478 1434 est

176 1465 242 1515 qui
263 1473 342 1503 tam
364 1479 434 1515 pro
454 1473 549 1504 nota
564 1465 743 1504 nominat
763 1465 856 1502 me?
904 1465 973 1501 PE.
1006 1462 1070 1501 hic
1087 1470 1219 1501 noster
1238 1461 1501 1500 architectust.

175 1533 247 1569 Ac.
281 1531 397 1578 salue,
421 1530 644 1570 architecte.
706 1532 774 1568 PA.
808 1530 916 1568 salua
936 1528 998 1568 sis.
1053 1529 1123 1567 sed
1144 1527 1208 1567 dic
1230 1526 1336 1574 mihi,
1360 1526 1505 1576 ecquid

1383 1591 1447 1630 hic
1468 1598 1505 1629 te

218 1700 282 1730 886
315 1705 482 1739 repertam
517 1699 680 1730 haberent
709 1698 844 1737 (-buere
876 1696 1081 1736 Palmerius)
1114 1695 1262 1734 Pylades,
1294 1693 1505 1725 Lambinus:

175 1748 308 1783 reperta
336 1744 461 1774 habere
493 1743 559 1775 cod.
706 1743 770 1773 888
794 1741 1005 1772 meminisset
1036 1745 1070 1771 et
1101 1740 1166 1771 cod.
1198 1739 1256 1779 (cf
1285 1738 1332 1768 ad
1359 1749 1388 1769 v.
1423 1739 1504 1777 223)

174 1788 238 1826 889
263 1787 342 1826 quid
356 1792 412 1818 aut
428 1787 656 1818 Camerarius:
684 1785 774 1827 [aut]
801 1785 881 1825 quid
906 1791 962 1816 aut
979 1783 1045 1815 cod.
1065 1783 1122 1825 (iv.
1142 1785 1178 1822 3)
1269 1781 1459 1812 faciundum
1476 1781 1504 1812 si

175 1832 248 1870 (pro
259 1831 500 1869 faciundumst)
518 1832 635 1861 eadem
653 1830 794 1861 ueniunt
810 1829 877 1860 cod.
893 1840 900 1860 :
924 1838 1000 1859 corr.
1023 1826 1252 1858 Camerarius:
1279 1825 1504 1856 faciundumst

175 1875 313 1905 eaedem
328 1875 464 1905 eueniet
481 1874 626 1905 Ritsclzl:
658 1874 850 1904 faciundum
876 1873 1004 1903 eisdem
1029 1871 1144 1901 ueniat
1169 1869 1256 1900 Leo:
1281 1869 1506 1900 faciundumst

173 1918 311 1948 eaedem
340 1919 480 1949 ueniunt
507 1917 675 1958 Niemeyer
786 1917 851 1956 890
867 1916 917 1946 vel
931 1915 1125 1954 extempulo
1143 1918 1178 1944 ut
1196 1914 1248 1953 (ut
1264 1912 1344 1946 cod.)
1394 1922 1505 1951 neque

174 1966 255 1992 eunt
272 1961 346 1991 ΡΟ)
465 1963 525 2001 891
552 1972 649 2001 quom
667 1961 824 1991 Mueller:
847 1970 914 1999 quo
931 1958 998 1990 cod.
1112 1958 1175 1997 892
1200 1957 1295 1987 militi
1311 1955 1504 1987 Acidalius:

173 2005 289 2036 militia
314 2005 379 2036 cod.
543 2006 607 2044 893
631 2005 719 2044 quod
734 2004 795 2046 (Β)
812 2004 861 2035 vel
874 2003 955 2043 quid
976 2002 1078 2043 <PCD)
1097 2000 1164 2032 cod.
1255 2000 1414 2031 faciemus
1431 1998 1506 2029 PCD

171 2049 220 2078 vel
234 2049 311 2079 dum
327 2060 369 2079 ne
380 2048 528 2080 scientes
539 2049 620 2088 quid
723 2049 797 2088 894,
817 2049 880 2087 895
898 2047 983 2077 mala
1002 2045 1090 2076 milla
1107 2055 1180 2075 mer
1195 2048 1246 2075 est
1264 2044 1368 2085 (mala
1384 2042 1505 2073 mulier

173 2096 226 2122 est
242 2091 287 2131 B)
305 2092 367 2123 Ac.
389 2103 431 2123 ne
449 2097 551 2132 pauet
567 2092 632 2124 cod.
650 2103 656 2122 :
681 2091 805 2122 correxi
820 2092 853 2131 (i,
874 2101 895 2130 p
917 2091 974 2131 30)
1049 2089 1100 2120 vel
1117 2088 1195 2118 mill'
1288 2087 1372 2117 mala
1384 2086 1505 2116 mulier

173 2145 261 2166 mers
278 2141 329 2166 est
345 2136 476 2175 Bentley
624 2137 686 2174 897
705 2145 832 2166 uenere
848 2133 913 2165 cod.
1006 2133 1100 2163 cedis
1125 2131 1229 2161 Bothe
1243 2141 1250 2162 :
1286 2130 1413 2161 incedit
1438 2129 1501 2161 cod.

172 2179 236 2218 898
255 2179 321 2211 Pal.
339 2180 408 2221 em]
427 2179 645 2219 palestridem
662 2178 728 2210 cod.
839 2179 903 2217 899
919 2188 973 2208 me
990 2176 1064 2207 Ital.
1081 2187 1088 2206 :
1110 2186 1152 2206 ne
1169 2174 1236 2206 cod.
1281 2174 1451 2204 adducere
1468 2177 1502 2203 et

173 2232 239 2262 quo
249 2223 322 2255 Ital.
339 2235 347 2254 z
369 2224 551 2254 adduceret
567 2228 601 2254 et
617 2233 703 2262 equo
718 2221 785 2253 cod.
878 2226 954 2252 esto
970 2220 1043 2251 Ital.
1062 2230 1068 2250 :
1093 2219 1164 2249 esio
1181 2217 1246 2249 cod.
1361 2227 1426 2256 900
1442 2217 1499 2256 qui

171 2265 219 2296 sic
236 2267 333 2297 ambo
344 2272 395 2297 est
405 2266 471 2298 cod.
490 2278 497 2297 z
520 2276 601 2297 corr.
615 2266 829 2297 Camerarius
958 2273 1019 2303 901
1047 2262 1169 2302 quidB
1257 2265 1369 2292 notam
1397 2261 1501 2291 minat

173 2309 298 2346 (mittat
313 2310 360 2346 Β)
380 2315 492 2341 notam
511 2310 567 2342 Pr..
588 2310 662 2341 ehic
683 2309 751 2350 (hic
773 2308 820 2349 Β)
840 2307 906 2339 cod.
925 2318 932 2338 :
955 2318 1033 2338 corr.
1054 2306 1144 2346 Ital„
1169 2304 1304 2336 Guietus
1435 2314 1500 2343 902

171 2352 380 2384 saluasissiet
406 2354 513 2394 (salua
536 2354 566 2384 si
590 2354 637 2384 sis
664 2357 698 2384 et
725 2352 773 2393 Β)
802 2351 891 2383 cod.:
928 2361 1004 2382 corr.
1034 2349 1107 2381 Ital.

216 2417 334 2438 PLAVT.
355 2417 381 2437 11
1396 2402 1414 2432 4
