1783 2707
151 128 266 165 III.i
672 129 716 164 T.
751 127 931 165 MACCI
962 127 1165 164 PLAVTI

255 239 324 276 PE.
357 236 452 287 quin
479 244 521 275 tu
545 235 670 274 istanc
690 235 908 274 orationem
933 234 1026 273 hinc
1046 242 1219 273 ueterem
1240 242 1358 284 atque
1378 233 1579 283 antiquam

1385 313 1548 337 amoues
1564 301 1580 337 ?

170 383 229 415 155
252 368 461 418 proletario
481 380 662 406 sermone
683 379 788 404 nunc
809 365 982 416 quidem,
1005 366 1161 415 hospes,
1184 372 1316 412 utere3

252 447 343 471 nam
361 433 372 471 i
389 435 525 479 solent,
545 434 706 482 quando
722 432 953 477 accubuere,
972 430 1039 468 ubi
1061 444 1159 469 cena
1179 430 1405 480 adpositast‚
1424 429 1553 467 dicere
1570 445 1577 468 ε

255 502 263 518 ‘
276 498 372 548 quid
393 512 491 548 opus
512 497 583 535 fuit
603 499 680 535 hoc
699 495 894 548 (sumpto)
916 503 1075 545 sumptu
1096 503 1205 532 tanto
1226 502 1358 532 nostra
1377 494 1526 544 gratia?

252 562 472 601 insaniuisti
488 564 630 609 hercle,
648 562 741 599 nam
762 561 868 599 idem
890 562 966 598 hoc
987 559 1215 597 hominibus
1237 566 1294 597 sat
1315 567 1395 596 erat
1415 560 1579 597 decem.⁷
1600 567 1664 603 755

253 629 361 678 quod
375 641 509 666 eorum
527 640 664 665 caussa
677 632 952 676 opsonatumst
965 627 1126 675 culpant
1146 632 1184 662 et
1204 625 1419 662 comedunt
1435 631 1578 662 tamen.

172 698 233 730 160
254 695 324 731 ΡΑ.
355 694 397 731 fit
418 693 484 742 pol
504 692 601 731 illud
621 693 673 730 ad
694 692 791 730 illud
812 691 1048 741 exemplum.
1108 697 1151 727 ut
1170 690 1287 728 docte
1314 696 1352 727 et
1378 697 1581 739 perspecte

1454 754 1554 804 sapit
1573 757 1580 792 1

253 826 320 862 PE.
354 824 424 862 sed
454 823 584 862 eidem
613 822 796 861 homines
826 834 1046 871 numquam
1072 819 1221 867 dicunt,
1245 834 1486 870 quamquam
1515 822 1580 859 ad-

1144 885 1354 936 positumst
1373 886 1554 936 ampliter
1572 901 1579 924 z

251 954 369 993 ‘iube
389 954 486 993 illud
507 953 638 1002 demi3
668 955 762 992 tolle
789 954 891 991 hanc
917 952 1118 1003 patinam3
1146 966 1307 991 remoue
1328 966 1501 1003 pernam,
1524 953 1579 990 nil

1422 1031 1553 1056 moror
1569 1033 1578 1066 3

249 1086 357 1124 aufer
378 1085 483 1122 illam
505 1086 623 1123 offam
644 1084 861 1135 porcinam,
884 1083 1030 1133 probus
1052 1082 1116 1120 hic
1136 1096 1280 1132 conger
1300 1081 1522 1134 frigidus<t>‚

251 1164 423 1197 remoue,
439 1150 502 1188 abi
519 1152 648 1188 aufer'
666 1166 672 1188 :
702 1149 903 1188 neminem
920 1162 1056 1187 eorum
1073 1149 1170 1186 haec
1185 1148 1416 1186 adseuerare
1428 1147 1580 1195 audias,

170 1222 229 1264 165
253 1217 323 1254 sed
352 1217 573 1266 procellunt
597 1229 682 1254 sese
711 1213 765 1267 [et
792 1211 1075 1265 procumbunt]
1103 1212 1142 1250 in
1167 1226 1344 1251 mensam
1372 1212 1579 1260 dimidiati,

1261 1280 1356 1316 dum
1377 1287 1578 1328 appetunt.

250 1348 318 1385 PA.
351 1347 471 1385 bonu’
493 1347 595 1385 bene
622 1354 664 1384 ut
692 1347 816 1384 malos
844 1344 1050 1394 descripsit
1076 1346 1228 1382 mores!
1286 1344 1355 1380 PE.
1387 1344 1464 1381 hau
1495 1357 1582 1381 cen-

1358 1416 1579 1446 tensumam

249 1486 399 1528 partem
422 1477 500 1516 dixi
521 1485 650 1527 atque,
675 1476 800 1515 otium
821 1475 873 1514 rei
897 1475 927 1513 si
948 1475 1006 1522 sit,
1030 1488 1191 1525 possum
1214 1487 1452 1524 expromere.

252 1546 320 1581 ΡΑ.
353 1543 466 1593 igitur
487 1542 527 1581 id
549 1544 657 1592 quod
677 1541 813 1591 agitur,
835 1540 906 1593 (ei)
926 1541 989 1578 1110
1010 1540 1179 1590 primum
1201 1539 1395 1590 praeuorti
1416 1541 1540 1578 decet.

252 1622 358 1647 nunc
379 1610 456 1646 hoc
485 1608 663 1646 animum
692 1606 889 1645 aduortite
919 1606 1047 1644 ambo.
1119 1604 1216 1642 mihi
1246 1618 1345 1654 opus
1375 1612 1433 1642 est
1463 1618 1582 1654 opera

1502 1677 1578 1716 tua,

172 1749 234 1784 170
255 1738 592 1788 Periplectomene
607 1753 617 1786 3
646 1738 738 1775 nam
760 1750 833 1786 ego
853 1735 986 1774 inueni
1009 1735 1180 1785 lepidam
1202 1734 1500 1784 sycophantiam

254 1803 322 1853 qui
341 1802 595 1841 admutiletur
616 1802 727 1840 miles
748 1815 873 1851 usque
894 1800 1139 1847 caesariatus,
1162 1808 1279 1850 atque
1300 1799 1356 1837 uti

254 1868 346 1907 huic
366 1868 513 1906 amanti
534 1881 579 1906 ac
601 1866 893 1905 Philocomasio
914 1867 1016 1904 hanc
1038 1865 1262 1904 ecficiamus
1283 1865 1450 1915 copiam,

300 1983 360 2013 751
386 1983 474 2012 quan
493 1972 557 2003 cod.
651 1982 767 2002 nerem
785 1971 850 2002 cod.
988 1981 1048 2010 752
1075 1970 1185 2013 [nam]
1214 1981 1262 2009 pr.
1296 1970 1360 2001 cod.
1390 1972 1443 2008 (ex
1459 1981 1487 2001 v.
1506 1971 1583 2010 7533

255 2017 311 2057 (iv.
337 2018 392 2056 33:
426 2027 501 2046 nam
519 2015 576 2047 del.
596 2015 727 2054 Bentley
860 2025 921 2054 753
945 2016 1146 2045 accubueret
1163 2014 1227 2045 cod.
1366 2024 1426 2053 754
1451 2020 1584 2054 sumpto

255 2060 386 2092 addidi:
419 2058 590 2102 (hospes)
629 2059 840 2089 Camerarius
1040 2069 1101 2098 755
1127 2063 1223 2088 erant
1258 2058 1317 2088 cod
1523 2059 1586 2097 756

256 2101 414 2143 culpante
429 2108 463 2134 et
480 2104 543 2134 cod.
658 2114 718 2143 757
744 2104 793 2134 vel
808 2103 885 2133 111110
902 2104 944 2134 ad
963 2104 1038 2133 illus·
1131 2103 1306 2142 perspecie
1324 2101 1388 2133 cod.
1524 2103 1585 2140 758

256 2157 413 2188 umquam
430 2146 462 2177 B
479 2148 550 2186 (vix
564 2147 800 2188 interrogative)
925 2149 989 2185 762
1014 2147 1090 2177 hinc
1109 2157 1231 2176 concer
1248 2146 1312 2177 sod.
1437 2147 1496 2184 761
1524 2146 1584 2175 hac

257 2191 322 2223 cod.
427 2192 488 2229 762
509 2195 584 2231 post
597 2201 625 2221 v.
647 2201 707 2230 777
726 2192 876 2231 repetitur
890 2192 964 2221 talis
980 2192 1039 2221 sed
1057 2192 1123 2225 (sel
1143 2190 1365 2229 procumbunt
1384 2189 1415 2219 in
1435 2199 1585 2219 mensam

259 2235 421 2265 dimidiati
435 2239 554 2274 petunt
644 2245 719 2265 sese
745 2235 778 2264 in
805 2245 957 2265 mensam
979 2233 1126 2264 Ritschl:
1160 2244 1196 2263 se
1218 2239 1250 2263 et
1274 2234 1499 2272 procumbunt
1520 2232 1584 2263 cod.

260 2279 302 2317 (v.
327 2284 357 2316 1)
492 2280 554 2318 763
579 2279 739 2317 descipsit
758 2279 926 2317 (decepsit
943 2277 987 2307 Bi
1007 2277 1071 2308 cod.
1164 2277 1348 2308 centesima
1366 2276 1431 2307 cod.
1525 2277 1587 2316 764

259 2323 305 2353 rei
323 2323 349 2352 si
367 2321 410 2352 sit
426 2321 565 2361 Pylades
580 2333 587 2352 :
611 2323 679 2352 reis
696 2322 766 2352 istit
776 2321 840 2352 cod.
935 2323 997 2361 765
1022 2318 1099 2363 (ei)
1112 2320 1164 2351 hic
1181 2320 1303 2351 Bothe:
1329 2321 1406 2350 huic
1422 2319 1585 2360 Scaliger:

259 2367 289 2396 ei
307 2366 354 2396 rei
372 2365 506 2406 Seyffert
636 2367 696 2404 767
722 2365 867 2405 lepidem
884 2365 948 2396 cod.
1050 2365 1113 2404 768
1137 2374 1243 2404 usque
1262 2363 1475 2394 Camerarius
1491 2374 1498 2394 ε
1521 2374 1587 2403 que

258 2409 325 2441 cod.
461 2411 524 2450 769
549 2409 826 2448 philocomasium
845 2409 911 2440 cod.
935 2410 977 2447 (XV.
997 2419 1026 2448 9.
1045 2419 1075 2448 p.
1095 2410 1152 2449 71)

995 2515 1017 2525 l

1599 1087 1667 1130 760

1601 1541 1665 1585 765
