1731 2713
614 72 784 112 MILES
815 77 1124 115 GLORIOSVS
1475 86 1522 121 Η.
1547 97 1574 121 ν

207 179 318 218 abeo.
378 183 439 219 Sc.
471 181 578 220 abire
600 195 678 221 non
701 182 824 220 sinam
849 192 895 222 tc.
960 186 1031 222 ΡΗ.
1066 186 1186 224 mitte.
1243 191 1303 226 Sc.
1338 193 1524 229 manufes-

1390 256 1522 294 taria‘s.

120 322 185 359 445
207 323 286 347 non
303 309 453 349 omitto.
515 313 588 349 ΡΗ.
621 319 658 350 at
681 312 756 350 iam
779 314 994 362 crepabunt
1018 315 1109 352 mihi
1133 329 1280 363 manus,
1300 320 1421 357 malae
1444 320 1520 365 tibi,
1545 333 1581 363 35

208 373 280 413 nisi
319 388 382 413 me
420 375 578 414 omittis.
650 381 710 416 sc.
745 377 852 427 quid,
891 380 1046 425 malum,
1083 382 1213 418 astas?
1253 382 1345 431 quin
1386 384 1524 422 retines

1274 446 1524 486 altrinsecus?

208 505 275 542 ΡΛ.
308 504 361 543 nil
383 519 512 545 moror
532 506 780 556 negotiosum
804 507 897 545 mihi
920 522 1003 546 esse
1026 516 1183 558 tergum.
1244 510 1308 560 qui
1330 511 1410 550 scio

205 583 255 607 an
277 569 349 608 ista
369 584 449 609 non
470 570 519 608 sit
542 571 874 610 Philocomasium
896 580 1013 622 atque
1034 573 1108 610 alia
1129 573 1210 612 eius
1231 574 1364 612 similis
1386 575 1484 614 siet?

207 636 280 672 PH.
314 634 433 681 mittis
450 649 513 674 me
533 649 583 674 an
605 650 684 674 non
707 636 857 674 mittis?
913 639 974 676 Sc.
1008 637 1129 676 immo
1157 640 1196 677 ui
1221 647 1337 689 atque
1362 641 1521 679 inuitam

1341 714 1520 756 ingreium,

117 776 187 814 450
205 764 278 804 nisi
306 767 508 805 uoluntate
538 766 623 814 ibis,
647 766 792 817 rapiam
822 775 858 806 te
886 769 1059 806 domum.
1122 770 1193 806 PH.
1227 769 1419 808 hosticum
1447 772 1521 809 hoc
1541 788 1581 818 40

1429 836 1519 874 mihi

203 895 447 936 domicilium
477 904 546 945 est,
570 896 738 936 Athenis
765 898 906 936 domus
934 906 991 937 est
1018 907 1135 948 atque
1162 913 1272 946 erusg
1311 914 1381 950 ego
1411 899 1519 938 istam

1360 966 1520 1003 domum

203 1041 332 1079 neque
353 1042 482 1068 moror
502 1042 632 1079 neque
653 1043 724 1067 uos
746 1029 812 1080 qui
833 1029 1013 1068 hOmiiies
1035 1030 1115 1069 sitis
1137 1030 1228 1069 noui
1251 1044 1377 1082 neque
1398 1031 1487 1069 scio.

203 1096 264 1133 Sc.
317 1095 402 1145 lege
433 1094 562 1146 agito:
608 1102 645 1133 te
683 1108 878 1145 nusquam
914 1095 1078 1143 mittam,
1114 1095 1184 1133 nisi
1226 1097 1294 1134 das
1334 1097 1519 1134 firmatam

1405 1161 1520 1199 fidem

203 1232 241 1263 te
270 1226 362 1274 huc,
391 1223 423 1262 si
453 1223 633 1272 omisero,
666 1224 768 1264 intro
797 1223 948 1264 ituram.
1009 1227 1081 1263 PH.
1115 1224 1151 1263 ui
1184 1238 1244 1263 me
1274 1224 1390 1274 cogis,
1422 1225 1519 1275 quis-

1360 1289 1444 1339 quis
1465 1304 1515 1328 es.

113 1369 180 1406 455
201 1355 254 1394 do
275 1355 406 1402 fidem,
429 1353 460 1393 si
481 1354 642 1403 omittis,
663 1354 738 1394 isto
760 1369 822 1394 me
844 1355 944 1394 intro
966 1354 1103 1393 ituram
1126 1367 1204 1404 quo
1225 1354 1344 1393 iubes.
1536 1371 1575 1402 45

200 1422 262 1459 Sc.
294 1433 387 1458 ecce
416 1419 580 1458 omitto!
639 1422 713 1458 PH.
745 1429 783 1458 at
817 1434 889 1470 ego
928 1421 1028 1458 abeo
1063 1419 1307 1458 missa—Sc.
1341 1419 1515 1458 muliebri

1320 1483 1408 1522 fecit
1430 1484 1514 1523 fide.

200 1552 268 1588 ΡΑ.
302 1551 495 1598 Sceledre,
525 1550 707 1589 manibus
736 1549 898 1588 amisisti
928 1550 1122 1600 praedam.
1183 1548 1260 1586 tam
1290 1556 1370 1587 east
1400 1562 1514 1598 quam

1414 1613 1515 1662 potis

198 1690 331 1722 nostra
351 1680 453 1720 erilis
474 1681 707 1720 concubina.
768 1680 834 1719 uin
857 1689 897 1719 tu
918 1681 1043 1719 faeere
1065 1680 1139 1718 hoc
1161 1679 1343 1716 strenue?

197 1751 259 1787 Sc.
291 1747 387 1797 quid
417 1747 587 1785 faciam?
645 1749 713 1784 ΡΑ.
746 1747 848 1785 ecfer
883 1744 977 1783 mihi
1012 1745 1254 1782 machaeram
1289 1744 1364 1781 huc
1399 1742 1510 1780 intus.

1095 1812 1157 1847 Sc.
1189 1807 1283 1857 quid
1305 1807 1420 1845 facies
1440 1821 1483 1845 ca
1497 1808 1514 1843 ?

110 1886 178 1928 460
198 1881 266 1918 ΡΑ.
298 1879 399 1918 intro
421 1892 599 1930 rumpam
621 1885 725 1917 recta
745 1877 783 1915 in
804 1875 935 1915 aedis:
966 1887 1162 1924 quemque
1178 1872 1239 1910 liic
1257 1872 1358 1910 intus
1380 1871 1512 1910 uidero
1532 1887 1572 1919 50

240 1996 302 2025 444
323 1995 365 2016 in.
382 1995 420 2015 es
433 1984 559 2014 Ritsclzl
574 1996 580 2014 :
598 1994 638 2014 m.
663 1993 717 2014 res
728 1986 779 2013 est
790 1979 855 2011 cod.
872 1979 918 2019 (v.
932 1977 967 2016 35
1080 1985 1145 2026 445
1161 1976 1224 2023 iam
1238 1985 1282 2005 cr.
1303 1974 1381 2024 mihi
1393 1973 1493 2004 Bothe
1508 1984 1513 2003 :

197 2029 261 2060 iam
278 2038 324 2060 cr.
343 2039 418 2059 cum
443 2028 523 2058 mihi
541 2028 574 2058 i'n
595 2037 700 2067 mmg.
719 2025 837 2062 addito,
865 2025 900 2052 ut
915 2020 977 2052 vi'd.
1004 2019 1067 2050 cod.
1089 2020 1182 2059 <milii
1207 2022 1281 2067 ause
1302 2027 1364 2048 iam
1387 2017 1425 2054 B,
1445 2027 1509 2047 om.

196 2072 286 2109 ΡΨ)
419 2073 483 2110 446
507 2072 588 2111 quin
615 2071 742 2101 retines
771 2065 931 2107 Pylades:
965 2063 1020 2104 qui
1049 2064 1190 2093 detencs
1214 2062 1306 2101 (-tin-
1331 2060 1417 2101 PCD)
1445 2059 1508 2090 cad.

199 2115 294 2156 {quid
313 2120 347 2146 te
365 2120 462 2146 tenes
478 2114 542 2148 B2)
669 2114 732 2152 448
757 2111 805 2143 vel
831 2110 933 2140 istaec
1024 2106 1072 2136 vel
1095 2106 1137 2136 sit
1161 2106 1219 2145 (ilci
1241 2103 1325 2153 qod.)
1449 2112 1512 2141 449

196 2148 334 2191 inuitam
357 2158 430 2190 Ital.
447 2170 454 2188 z
479 2156 626 2189 uitacod.
741 2166 805 2194 450
822 2152 996 2184 uoluntate
1008 2150 1069 2180 ibis
1085 2149 1294 2179 Camerarius
1310 2159 1316 2178 :
1341 2146 1511 2185 uoluptate

197 2203 282 2243 (-em
294 2203 341 2241 Β)
360 2203 403 2234 ibi
420 2202 488 2233 cod.
578 2200 742 2231 hosticum
755 2197 885 2237 Lipsius
901 2207 908 2226 z
925 2193 1068 2225 hostium
1082 2192 1178 2231 (ost-3
1192 2191 1256 2222 cod.
1384 2199 1441 2238 ⁴:5¹
1462 2193 1512 2219 est

196 2246 403 2278 domicilium
419 2245 594 2284 PCD‚fort.
613 2247 688 2274 recle
791 2242 846 2272 Sc.
874 2244 907 2269 at
929 2247 1007 2268 erus
1028 2234 1126 2278 (hic)
1148 2234 1288 2265 Ritsclil:
1313 2232 1432 2264 Atticis
1449 2231 1513 2281 [ἴῳ

196 2299 260 2329 452
283 2301 315 2330 q.
339 2300 365 2321 s.
388 2289 420 2322 h.
453 2289 588 2320 Gm'etus
742 2287 806 2324 456
832 2282 879 2314 vel
895 2282 955 2312 ΡΑ.
976 2280 1051 2310 mul.
1161 2278 1222 2308 feci
1241 2276 1321 2317 (3¹)
1348 2276 1393 2307 vel
1407 2276 1511 2306 fecisti

197 2332 351 2374 (Pcnssss)
369 2331 434 2364 cod.
451 2343 457 2363 :
484 2330 581 2372 egisti
597 2330 735 2371 Seyffert
835 2335 896 2366 457
923 2323 1081 2355 Sceledre
1098 2321 1160 2371 (e.)
1185 2320 1353 2351 Fleckeisen
1442 2322 1511 2349 cast

195 2387 294 2417 quam
311 2376 401 2417 potis
420 2375 652 2407 Camerarius:
677 2384 716 2405 ea
733 2373 828 2412 sique
845 2367 989 2408 ampotis
1006 2365 1070 2397 cod.
1098 2368 1164 2405 [viii
1191 2375 1214 2403 i,
1235 2374 1265 2404 p.
1286 2366 1342 2403 20)
