1731 2713
706 101 1027 141 PSEVDOLVS
1500 104 1526 139 I.
1552 102 1595 138 iii

120 225 183 261 245
368 226 573 253 moramur.
635 226 760 260 mane,
784 226 846 252 em
868 214 1054 265 conloqui
1076 214 1142 265 qui
1165 216 1301 253 uolunt
1324 222 1370 253 tc.

368 281 436 316 Bi,
469 278 564 329 quid
586 280 661 317 hoc
682 281 770 317 est?
816 277 903 329 qffis
924 287 981 318 est
1003 279 1069 329 qui
1091 293 1239 318 moram
1262 280 1312 318 mi
1336 286 1528 329 occupato
1551 295 1591 317 20

366 345 570 382 molestam
592 343 762 394 optulit?
820 346 881 382 ΡΞ.
914 344 981 394 qui
1003 344 1073 383 tibi
1094 345 1288 395 sospitalis

365 408 445 446 fuit.
508 411 576 446 BA.
611 416 803 447 mortuost
824 408 890 458 qui
912 408 1006 447 fuit:
1037 409 1103 459 qui
1125 409 1172 447 sit
1193 417 1333 448 ussust.

206 475 267 512 Ps.
299 473 406 512 nimi'
427 473 604 523 superbe.
658 476 726 512 BA.
760 474 867 512 nimi'
889 476 1087 512 molestus.
1138 475 1253 514 CAH.
1286 475 1529 525 reprehende

737 539 952 587 hominem,
974 540 1200 589 adsequere.
1262 541 1332 578 ΒΑ.
1365 540 1373 577 i
1396 553 1524 590 puere.

116 617 184 652 250
364 606 426 641 ΡΞ.
458 604 696 642 occedamus
717 605 789 642 hac
811 603 983 642 obuiam.
1042 606 1115 643 BA.
1147 604 1323 655 Iuppiter
1344 612 1381 643 te

363 670 510 719 perdat,
533 668 709 719 quisquis
731 682 782 707 es,
843 671 906 708 Ps.
939 677 976 708 te
998 671 1101 708 uolo.
1162 672 1232 708 BA.
1265 671 1341 708 hau
1363 683 1434 709 uos
1455 684 1528 720 ego
1551 684 1589 715 25

1375 736 1524 775 ambos.

362 808 472 838 uorte
493 813 566 838 nac
587 814 716 850 puere,
741 808 806 839 te:
851 802 914 838 ΡΞ.
948 814 1028 839 non
1050 800 1139 839 licet
1160 801 1346 851 conloqui
1368 803 1434 840 te?

364 867 433 903 BA.
466 872 506 903 at
535 864 589 903 mi
618 878 699 903 non
730 865 847 903 lubet.
910 867 970 903 Ps.
1005 865 1063 903 sin
1095 872 1241 904 tuamst
1262 865 1465 916 quippiam
1487 866 1527 904 in

1417 945 1497 970 rem
1512 934 1528 971 ?

362 997 431 1033 ΒΑ.
465 995 618 1042 licetne,
641 1008 816 1045 opsecro,
841 994 963 1034 bitere
983 1009 1033 1034 an
1055 1009 1136 1034 non
1157 995 1276 1035 licet?
1334 998 1397 1034 Ps.
1429 998 1526 1035 uah!

114 1075 178 1112 255
201 1068 342 1099 manta.
404 1062 474 1099 BA.
507 1060 655 1099 omitte.
708 1061 822 1100 (ΖΑΗ.
857 1060 994 1108 Ballio,
1018 1061 1121 1100 audi.
1183 1064 1254 1100 ΒΑ.
1287 1062 1418 1100 surdu'
1440 1075 1526 1100 sum

1044 1127 1221 1176 profecto
1242 1125 1523 1176 inanilogistae.

360 1191 475 1230 CALI.
506 1190 600 1229 dedi
620 1191 716 1229 dum
738 1190 819 1229 fuit.
881 1193 951 1229 BA.
984 1205 1064 1230 non
1086 1199 1178 1241 peto
1199 1193 1308 1241 quod
1329 1192 1483 1231 dedisti.
1547 1206 1587 1238 30

359 1257 477 1296 CALI.
498 1256 603 1294 dabo
624 1257 786 1306 quando
807 1256 888 1295 erit.
922 1258 992 1294 ΒΑ.
1016 1256 1152 1303 ducito
1169 1258 1330 1307 quando
1347 1257 1522 1297 habebis.

404 1322 407 1324 ’
465 1323 581 1362 CALl.
613 1323 726 1369 eheu,
749 1335 869 1372 quam
891 1335 964 1373 ego
985 1316 1096 1361 meilis
1117 1322 1271 1373 perdidi
1292 1323 1421 1362 modis

412 1387 522 1437 quod
542 1385 613 1425 tibi
633 1386 756 1425 detuli
777 1395 815 1426 et
836 1388 945 1437 quod
965 1387 1058 1427 dedi
1079 1390 1085 1425 1
1144 1390 1213 1426 BA.
1247 1396 1401 1426 mortua

111 1459 179 1494 260
412 1452 533 1491 uerba
553 1465 592 1490 re
612 1465 718 1490 nunc
739 1452 834 1491 facis
849 1467 858 1499 3
889 1454 1029 1491 stultus
1051 1466 1102 1497 es,
1125 1466 1206 1491 rem
1227 1460 1356 1492 actam
1376 1453 1468 1504 agis.

412 1519 475 1556 ΡΞ.
508 1530 627 1556 nosce
662 1519 800 1556 saltem
839 1519 946 1557 hunc
980 1518 1067 1569 quis
1106 1526 1174 1558 est.
1236 1521 1306 1557 BA.
1339 1518 1415 1558 iam
1456 1518 1525 1557 diu
1547 1531 1586 1562 35

1442 1597 1525 1623 seio

410 1648 478 1699 qui
498 1648 570 1687 fuit
587 1663 593 1686 z
622 1661 730 1687 nunc
750 1648 837 1699 quis
859 1656 917 1687 est
938 1648 1044 1699 ipsus
1064 1647 1141 1700 (se)
1161 1649 1267 1688 sciat.

409 1715 568 1753 ambula
589 1721 641 1752 tu.
704 1715 765 1752 Ps.
798 1715 910 1765 potin
931 1722 974 1753 ut
994 1716 1115 1753 semel
1137 1716 1274 1762 modo,

520 1778 656 1826 Ballio,
679 1780 757 1818 huc
778 1793 869 1818 cum
890 1781 998 1818 lucro
1020 1779 1233 1830 respicias?

109 1915 174 1960 265
197 1909 267 1946 ΒΑ.
300 1907 504 1958 respiciam
525 1906 623 1945 istoc
645 1906 793 1956 pretio;
824 1920 914 1945 nam
937 1907 966 1944 si
989 1908 1216 1946 sacruficem
1238 1919 1394 1945 summo
1417 1906 1506 1946 Ioui

239 2020 302 2051 245
325 2021 378 2042 em
399 2010 543 2042 Usener:
568 2015 619 2041 est
638 2013 689 2049 (ὅ)
708 2009 774 2040 cod.
796 2010 866 2050 (vix
878 2009 1096 2051 Plautinum)
1187 2009 1324 2041 uolunte
1342 2009 1406 2041 cod.
1424 2010 1520 2050 (corr.

196 2053 292 2094 CD2)
436 2064 498 2094 247
523 2053 602 2094 quid
628 2053 694 2084 cod.
795 2053 947 2093 sospitali
973 2053 1040 2088 cod.
1190 2064 1254 2093 249
1277 2054 1328 2084 vel
1353 2053 1524 2085 molestu’s

193 2109 258 2138 250
281 2099 494 2135 occedamus,
511 2098 546 2137 ςῙῖ
569 2098 683 2128 Festus
703 2099 761 2128 181
781 2108 788 2128 ε
812 2099 1011 2129 accedamus
1028 2097 1094 2128 cod.
1230 2107 1288 2137 251
1311 2097 1378 2127 hau
1390 2097 1521 2137 scripsi:

192 2147 225 2173 at
241 2142 311 2173 cod.
331 2142 380 2182 (cſs
399 2141 447 2172 ad
461 2141 561 2173 Poen.
582 2142 679 2180 1355)
781 2142 913 2180 perdat,
930 2142 1107 2181 quisqui’s.
1173 2141 1228 2171 Ps.
1254 2144 1287 2171 te
1305 2140 1381 2172 uolo
1397 2139 1517 2183 (ego).

193 2185 256 2217 ΒΑ.
283 2191 318 2217 at
342 2189 404 2216 uos
425 2184 548 2227 (nolo)
573 2195 638 2224 ego
662 2183 779 2215 ambos
802 2184 893 2215 Koch
1047 2195 1110 2222 252
1135 2189 1168 2215 te
1195 2195 1299 2224 puere
1323 2183 1388 2215 cod.
1409 2196 1415 2214 :
1447 2185 1520 2215 trai.

192 2229 331 2260 Mueller
414 2228 502 2270 (an)
519 2239 587 2259 non
605 2227 732 2259 Scltoell
848 2237 910 2267 254
934 2228 1041 2259 bitere
1057 2228 1191 2270 Lipsius
1208 2240 1214 2259 :
1239 2229 1356 2258 uiuere
1372 2226 1448 2266 cod„
1466 2228 1523 2258 vix

193 2278 270 2304 recte
356 2282 419 2313 255
443 2270 556 2303 surdu’
572 2275 644 2303 sum
659 2271 797 2312 displicet
869 2271 1038 2314 profecto]
1057 2272 1155 2303 (ΖΜ-ι.
1177 2272 1261 2312 proh
1279 2271 1522 2310 Goet3(111elt'zzs

183 2317 265 2356 fort.
293 2318 370 2356 oro)
475 2315 692 2355 inanilogista
715 2324 752 2345 es
775 2314 848 2345 Ital.
1002 2317 1067 2347 260
1090 2316 1162 2354 agis
1184 2315 1259 2346 Ital.
1281 2327 1287 2345 :
1319 2315 1426 2354 magis
1450 2314 1517 2346 cod.

193 2362 252 2391 261
281 2361 355 2391 dius
372 2359 438 2390 cod.
528 2361 590 2390 262
615 2358 729 2389 accedit
743 2357 775 2387 A
861 2358 935 2398 quis
954 2358 1168 2390 Camerarius
1183 2370 1190 2389 ε
1214 2358 1271 2398 qui
1289 2357 1378 2389 codd.
1469 2364 1520 2389 est

193 2405 286 2446 ipsus
303 2414 340 2436 se
357 2403 487 2445 scripsi:
513 2403 556 2444 sit
576 2402 689 2442 ipseA
708 2413 714 2432 :
739 2401 820 2432 estis
833 2401 971 2443 ipsusP
1100 2404 1164 2444 264
1189 2403 1279 2433 hunc
1296 2401 1329 2432 P
1342 2411 1435 2441 «sorr.
1454 2400 1517 2443 ΒΨ)
