1731 2713
592 108 994 149 MOSTELLARIA
1377 103 1453 138 III.
1476 101 1504 136 ii

131 237 212 262 non
233 222 337 262 enim
359 223 456 260 haec
477 220 728 271 pultiphagus
750 217 879 267 opifex
900 229 1019 266 opera
1039 214 1129 253 fecit
1150 213 1347 251 barbarus,
1482 229 1543 259 140

132 280 253 327 uiden
267 285 552 338 coagmentain
567 284 744 323 foribus?
792 284 870 320 ΤΗ.
896 281 1024 319 uideo,
1085 281 1160 316 ΤΚ.
1185 286 1318 327 specta
1340 290 1456 326 quam

1141 352 1222 381 arte
1243 342 1454 380 dormiunt.

45 424 114 466 830
131 420 211 456 Tu.
253 416 484 456 dormiunt?
557 417 632 453 TR.
680 414 775 452 illud
811 412 971 463 quidem
1009 414 1072 448 ‘ut
1111 408 1319 446 coniuent'
1351 406 1456 443 uolui

1314 471 1454 509 dicere.

131 548 231 587 satin
246 548 397 586 habes?
458 548 538 584 ΤΗ.
568 553 609 584 ut
631 543 826 595 quidquid
841 540 1330 591 magi’contempIO,tanto
1347 536 1458 585 magi'

1318 604 1455 651 placet.

130 681 206 717 TR.
239 678 358 717 uiden
381 677 540 728 pictum,
564 675 631 714 ubi
654 674 830 714 ludificat
852 686 929 711 una
953 670 1087 709 cornix
1108 668 1297 708 uolturios
1319 669 1448 705 duos?

131 747 210 783 TH.
243 759 323 784 non
362 745 505 794 edepol
540 742 668 780 uideo.
735 742 811 778 TR.
849 747 888 777 at
928 751 1000 787 ego
1040 736 1168 775 uideo.
1229 747 1319 772 nam
1360 733 1458 771 inter
1483 748 1541 779 145

1147 799 1336 839 uolturios
1358 800 1458 837 duos

131 875 266 915 cornix
285 882 396 922 astat,
419 887 465 913 ea
484 872 673 912 uolturios
694 873 775 910 duo
796 869 968 908 uicissim
991 867 1158 906 uellicat.

46 954 110 997 835
132 954 281 992 quaeso
301 942 379 978 huc
399 940 450 978 ad
471 952 534 977 me
555 945 698 988 specta,
722 935 919 974 cornicem
942 941 984 972 ut
1005 932 1232 982 conspicere
1253 930 1411 980 possies.

132 1007 206 1044 iam
234 1006 375 1045 uides?
431 1006 509 1042 TH.
543 1004 719 1054 profecto
754 1002 900 1038 nullam
934 998 1119 1048 equidem
1152 996 1229 1034 illie
1261 995 1458 1034 cornicem

1316 1060 1454 1098 intuor.

131 1139 206 1175 TR.
238 1144 278 1174 at
299 1144 338 1174 tu
361 1135 436 1173 isto
455 1135 506 1172 ad
527 1146 599 1172 uos
620 1139 793 1183 optuere,
818 1129 1005 1180 quoniam
1027 1127 1224 1166 cornicem
1247 1124 1387 1176 nequis

131 1200 360 1251 conspicari,
384 1199 414 1238 si
436 1198 625 1237 uolturios
648 1199 745 1234 forte
767 1195 892 1245 possis
914 1193 1059 1232 contui.
1483 1205 1542 1236 150

131 1269 208 1304 TH.
241 1265 416 1312 omnino,
449 1272 490 1302 ut
514 1271 551 1302 te
578 1263 793 1312 apsoluam,
817 1261 965 1298 nullam
996 1258 1139 1309 pictam
1167 1255 1369 1305 conspicio
1397 1254 1460 1292 hic

1331 1334 1457 1358 auem.

45 1404 115 1446 840
133 1400 208 1436 TR.
241 1411 322 1447 age,
346 1396 423 1434 iam
445 1394 569 1441 mitto,
593 1393 756 1443 ignosco
775 1407 782 1430 ι
813 1398 940 1430 aetate
961 1403 1041 1428 non
1064 1388 1150 1438 quis
1171 1386 1376 1438 optuerier.

132 1465 211 1501 ΤΗ.
244 1463 353 1509 haec,
390 1474 490 1511 quae
521 1472 694 1510 possum,
733 1471 779 1497 ea
818 1456 913 1494 mihi
954 1456 1130 1506 profecto
1169 1460 1311 1491 cuncta
1343 1452 1460 1490 uehe-

1120 1526 1271 1557 menter
1292 1519 1457 1567 placent.

132 1595 185 1632 S1.
217 1592 322 1631 latiu'
339 1593 537 1630 demumst
558 1602 700 1640 operae
721 1587 888 1639 pretium
911 1585 1037 1624 iuisse.
1088 1586 1167 1621 TH.
1200 1590 1303 1621 recte
1319 1583 1461 1632 edepol

1310 1660 1458 1685 mones.

132 1725 185 1762 S1.
217 1725 294 1762 eho
317 1722 444 1768 istum,
468 1734 598 1772 puere,
622 1719 874 1758 circumduce
899 1719 1016 1755 hasce
1037 1714 1145 1754 aedis
1167 1721 1204 1753 et
1225 1712 1440 1752 conclauia.
1483 1725 1540 1756 155

132 1802 223 1826 nam
245 1795 400 1838 egomet
421 1788 637 1833 ductarem,
657 1783 732 1822 nisi
754 1783 806 1821 mi
828 1791 929 1821 esset
950 1782 1057 1832 apud
1078 1782 1205 1818 forum
1227 1778 1440 1828 negotium.

46 1860 111 1903 845
133 1855 212 1891 TH.
243 1866 366 1903 apage
387 1851 504 1890 istum
525 1864 547 1888 a
567 1863 631 1888 me
652 1850 938 1900 perductorem‚
963 1847 1016 1884 nil
1039 1859 1169 1883 moror
1189 1843 1393 1883 ductarier.

7 1925 113 1966 8467
135 1917 329 1969 quidquid
349 1925 420 1963 est,
441 1916 578 1954 errabo
598 1914 728 1965 potius
749 1926 867 1963 quam
889 1913 1094 1962 perductet
1116 1909 1321 1960 quispiam.

133 1984 186 2021 Si.
217 1982 326 2021 aedis
360 1981 460 2020 dico.
520 1982 722 2029 Trnergo
753 1978 855 2016 intro
882 1990 930 2015 eo
960 1975 1074 2025 igitur
1103 1975 1186 2013 sine
1213 1976 1457 2025 perductore.

1258 2041 1310 2077 S1.
1343 2039 1458 2077 ilicet.

189 2152 253 2183 828
270 2150 451 2191 pultufagis
466 2148 499 2179 A
569 2150 633 2188 829
657 2148 814 2178 dormunt
830 2145 863 2176 P
875 2145 968 2180 (corr.
983 2144 1048 2185 13²)
1139 2144 1198 2183 831
1218 2143 1267 2174 vel
1281 2154 1379 2183 mage
1398 2168 1403 2175 .
1422 2167 1429 2174 .
1449 2167 1457 2174 .

135 2204 231 2233 mage
289 2194 497 2233 contemplor
514 2190 602 2223 codd.
665 2192 740 2230 832.
759 2191 822 2229 833
839 2190 888 2220 vel
902 2190 969 2220 duo
1072 2188 1135 2227 832
1160 2187 1352 2218 ludificatur
1369 2185 1457 2217 codd.

134 2249 161 2268 c.
183 2249 250 2268 una
267 2237 297 2268 Ρ
403 2238 467 2275 833
490 2246 556 2267 om.
575 2234 609 2265 P
623 2235 683 2269 (iii.
705 2238 757 2273 11)
847 2233 965 2263 uideor
981 2242 1056 2262 nam
1073 2231 1137 2261 cod.
1250 2231 1313 2269 834
1331 2230 1461 2260 uellitat

133 2281 167 2310 P
183 2283 272 2312 (corr.
286 2279 352 2320 32)
488 2281 553 2318 836
568 2278 618 2309 vel
632 2278 677 2309 illi
767 2277 939 2308 cornicum
951 2276 983 2305 A
1114 2275 1178 2314 842
1195 2279 1308 2304 erecte
1321 2274 1354 2304 P
1366 2275 1457 2311 (corr.

134 2323 194 2363 3²)
214 2325 261 2364 (e—
274 2329 336 2364 pro
353 2327 429 2353 nota
442 2324 620 2363 personae?
644 2321 683 2362 cf
703 2331 731 2352 v.
752 2320 831 2360 849)
954 2321 1017 2358 843
1042 2319 1103 2358 hos
1116 2318 1147 2347 A
1285 2319 1348 2355 844
1373 2318 1413 2347 ad
1432 2316 1464 2347 P

133 2369 240 2406 845-7
264 2367 383 2397 lacuna
401 2368 433 2396 in
450 2367 504 2397 ΡΑ
523 2366 573 2404 (cs
591 2376 641 2396 vv.
659 2365 780 2404 864-7)
900 2363 962 2402 845
980 2374 998 2393 a
1022 2373 1087 2392 om.
1105 2361 1138 2391 P
1224 2362 1460 2400 perductorem

134 2422 198 2442 om.
219 2411 252 2441 P
379 2411 452 2449 846,
471 2410 534 2449 847
552 2419 598 2440 er.
618 2419 650 2448 p.
669 2418 766 2447 quam
784 2418 848 2439 om.
868 2406 900 2436 P
915 2406 964 2447 (cf.
981 2403 1076 2447 81612)
1224 2405 1288 2443 848
1312 2404 1386 2435 adis
1401 2404 1434 2434 P
