1783 2707
188 157 216 194 1.
240 157 270 193 ii
652 159 696 195 T.
732 156 913 195 MACCI
945 156 1149 194 PLAVTI

240 273 397 317 propter
426 279 601 306 amorem
632 273 819 305 uostrum.
878 264 1022 318 (Ami.)
1053 265 1208 312 amabo,
1242 279 1334 304 men
1364 265 1571 317 prohibere

1395 333 1569 381 postulas

240 411 288 435 ne
310 405 347 435 te
369 396 547 436 uerberet
569 396 682 447 magi'
703 409 822 446 quam
844 409 894 434 ne
915 396 1085 434 mendax
1105 385 1169 433 me
1189 396 1401 434 aduorsum
1425 395 1525 433 siet?
1588 409 1658 442 400

160 475 218 508 195
239 465 371 501 ANTE.
404 461 552 512 aliquid
575 461 665 500 huic
692 463 899 512 responde,
922 460 1076 506 amabo,
1101 461 1323 507 commode,
1346 474 1396 498 ne
1423 460 1569 498 incom-

1429 527 1569 565 modus

239 592 377 631 nobeis
399 592 459 631 sit.
517 607 608 632 nam
630 594 780 632 detinet
802 607 874 632 nos
895 595 945 632 de
966 600 1101 631 nostro
1121 592 1289 642 negotio.

240 659 343 695 Arm.
373 671 520 696 uerum.
582 659 698 697 etiam
722 658 792 697 tibi
814 660 916 697 hanc
937 657 1114 697 amittam
1136 657 1293 696 noxiam
1315 671 1445 705 unam,
1469 660 1570 708 Ago-

1372 725 1566 762 rastocles.

240 801 320 826 non
342 801 427 826 sum
450 788 553 826 irata.
607 791 680 827 AG.
705 802 785 827 non
808 790 881 827 es?
926 790 1031 826 ΑΒΕ.
1054 801 1135 826 non
1157 801 1253 826 sum.
1296 790 1371 826 AG.
1395 789 1445 826 da
1465 802 1567 839 ergo,

1147 861 1188 890 ut
1209 854 1378 899 credam,
1403 852 1566 892 sauium.

239 920 341 956 Arm.
375 931 466 956 mox
498 919 614 961 dabo.
645 931 767 968 quom
795 918 846 956 ab
871 931 911 956 re
943 917 1079 956 diuina
1109 917 1271 956 rediero.
1332 920 1406 956 AG.
1441 919 1452 955 ι’
1477 931 1569 968 ergo
1588 932 1653 968 405

1400 990 1566 1021 strenue.

155 1064 217 1086 200
238 1051 340 1086 ΑΒΕ.
374 1061 537 1098 sequere
573 1061 645 1094 me,
676 1061 794 1086 soror.
855 1050 930 1086 Aa.
966 1054 1084 1097 atque
1105 1046 1259 1085 audin?
1301 1049 1406 1085 ΑΒΕ.
1438 1046 1566 1085 etiam.

1176 1114 1250 1150 AG.
1283 1111 1428 1150 Veneri
1448 1111 1570 1150 dicito

236 1180 405 1217 multum
422 1178 518 1218 meis
533 1178 686 1217 uerbeis
707 1180 887 1217 salutem.
936 1179 1040 1215 ΑΒΕ.
1065 1176 1206 1215 dicam.
1257 1178 1331 1214 AG.
1354 1184 1473 1226 atque
1494 1178 1569 1215 hoc

1062 1242 1166 1280 audi.
1226 1243 1329 1279 ΑΒΕ.
1363 1241 1459 1291 quid
1480 1243 1570 1280 est?

237 1311 312 1348 AG.
336 1310 470 1359 paucis
485 1309 614 1348 uerbis
629 1323 709 1348 rem
727 1308 903 1348 diuinam
922 1307 1050 1346 facito.
1093 1315 1211 1357 atque
1227 1307 1378 1345 audin?
1408 1306 1565 1357 respice.

237 1374 413 1425 respexit.
475 1375 579 1414 idem
603 1376 745 1425 edepol
768 1376 964 1414 Venerem
989 1374 1107 1412 credo
1129 1375 1318 1411 facturam
1341 1372 1422 1410 tibi.

169 1497 213 1533 iii
489 1490 936 1526 AGORASTOCLES
1049 1488 1308 1524 Minflio

290 1572 364 1609 Aa.
398 1569 507 1620 Quid
529 1583 636 1608 nunc
657 1569 709 1608 mi
731 1583 771 1608 es
792 1576 939 1616 auctor,
962 1568 1164 1618 Milphio?
1223 1570 1294 1606 M1.
1328 1575 1368 1606 ut
1395 1581 1457 1606 me
1487 1581 1568 1606 uer·
1587 1581 1658 1615 410

1457 1633 1567 1672 beres

288 1699 407 1740 atque
426 1690 651 1729 auctionem
673 1689 790 1728 facias
811 1704 818 1728 :
849 1702 940 1728 nam
963 1688 1234 1739 impunissume

290 1756 360 1794 tibi
381 1755 542 1806 quidem
564 1756 694 1795 hercle
715 1756 887 1794 uendere
909 1756 1027 1793 hasce
1047 1754 1156 1794 aedis
1176 1753 1277 1792 lieet.

290 1823 364 1859 AG.
397 1821 493 1872 quid
513 1821 624 1860 iam?
672 1823 744 1859 M1.
778 1820 966 1859 maiorem
983 1826 1133 1870 partem
1151 1819 1189 1857 in
1206 1832 1272 1858 ore
1288 1818 1441 1858 habitas
1463 1832 1563 1858 meo.

290 1888 363 1924 Ac.
396 1888 607 1938 supersede
628 1886 710 1925 istis
732 1886 873 1925 uerbis.
935 1887 1011 1924 M1.
1041 1884 1138 1935 quid
1159 1898 1264 1923 nunc
1285 1884 1368 1923 ueis
1390 1883 1489 1923 tibi?

289 1953 363 1989 AG.
396 1958 590 1991 trecentos
614 1951 817 2002 Philippos
840 1950 1067 2000 Collybisco
1088 1949 1206 1988 uilieo
1583 1959 1649 1997 415

288 2016 381 2055 dedi
401 2017 564 2063 dudum,
588 2016 684 2066 priu’
707 2029 825 2066 quam
848 2029 911 2054 me
932 2013 1147 2054 euocauisti
1169 2015 1281 2053 foras.

288 2095 394 2120 nunc
413 2094 578 2132 opsecro
600 2090 651 2129 te,
675 2080 856 2132 Milphio,
883 2082 985 2120 hanc
1006 2093 1074 2131 per
1094 2081 1293 2119 dexteram

289 2159 435 2197 perque
456 2147 558 2185 hanc
580 2159 753 2185 sororem
774 2147 928 2185 laeuam
950 2158 1097 2195 perque
1118 2146 1255 2183 oculos
1276 2152 1364 2183 tuos

179 2226 216 2248 10
289 2213 395 2263 perq'
416 2225 525 2250 meos
545 2225 699 2251 amores
720 2224 867 2261 perque
889 2209 1175 2260 Adelphasium
1198 2223 1326 2248 meam

288 2291 435 2328 perque
456 2285 563 2316 tuam
584 2276 958 2316 leibertatem—M1.
992 2289 1053 2314 em
1075 2289 1181 2314 nunc
1202 2275 1298 2313 nihil
1319 2288 1509 2325 opsecras.
1581 2283 1651 2317 420

276 2393 341 2421 400
356 2381 406 2412 vel
418 2391 516 2420 mage
606 2391 667 2419 401
687 2380 907 2411 incommodis
917 2369 953 2410 vP
1037 2390 1099 2418 407
1118 2379 1222 2410 multa
1236 2378 1269 2408 P
1325 2379 1424 2409 audin
1439 2378 1566 2408 thschl

233 2436 296 2465 409
321 2425 377 2465 pol
403 2425 436 2456 P
537 2435 600 2463 410
624 2429 742 2455 auctor
764 2434 801 2455 es
825 2423 858 2453 A
949 2434 1012 2463 413
1036 2428 1132 2463 parte
1149 2423 1280 2454 minore
1298 2423 1330 2454 h.
1347 2432 1421 2453 mea
1433 2422 1509 2463 Po.
1524 2423 1560 2462 6)

233 2480 296 2508 414
320 2469 392 2500 ueis
410 2479 499 2500 nunc
516 2468 548 2499 A
640 2469 704 2507 416
728 2468 805 2499 dum
823 2467 855 2497 Α

955 2526 976 2536 κ
