1664 2661
91 1006 129 1027 10

90 1330 127 1362 15

497 273 1026 322 ARGVMENTVM
1078 274 1126 320 II

314 407 563 446 Meretricem
580 406 792 456 ingenuam
814 406 1018 456 deperibat
1039 414 1177 446 mutuo

310 471 565 510 Atheniensis
586 471 736 509 iuvenis
752 486 760 519 ;
791 472 1043 522 Naupactum
1065 471 1095 509 is
1116 472 1237 511 domo

311 539 459 588 legatus
479 536 585 576 abiit.
646 536 757 575 miles
778 536 817 574 in
839 537 1006 575 eandem
1028 536 1175 585 incidit,

312 603 492 653 deportat
515 602 717 652 Ephesum
740 601 912 640 invitam.
972 615 1102 640 servos
1123 601 1253 649 Attici,

312 674 354 705 ut
375 666 571 704 nuntiaret
591 666 756 704 domino
777 667 936 712 facturn,
958 666 1138 716 navigat;

312 730 473 781 capitur,
496 731 665 768 donatur
685 730 739 768 illi
759 738 896 780 captus
918 730 1041 770 militi.

310 796 361 833 ad
382 808 490 833 erum
512 802 554 833 ut
575 795 722 834 veniret
746 797 949 846 Ephesum
971 796 1114 835 scribit.
1173 798 1331 836 advolat

309 861 543 899 adulescens
563 868 682 911 atque
703 861 742 898 in
764 861 942 912 proximo
963 862 1177 901 devortitur

310 926 416 976 apud
437 925 634 976 hospitem
656 934 873 977 paternum.
933 928 1107 966 medium
1130 928 1316 978 parietem

309 990 479 1040 perfodit
500 1004 631 1030 servos
651 1000 896 1031 commeatus
917 994 1139 1032 clanculum

308 1069 386 1106 qua
406 1056 504 1094 foret
524 1064 738 1096 amantum.
797 1057 994 1108 geminam
1016 1058 1126 1109 fingit
1146 1059 1316 1098 mulieris

309 1133 482 1160 sororem
502 1122 652 1160 adesse.
713 1136 804 1161 mox
824 1122 857 1161 ei
879 1123 1065 1162 dominus
1084 1123 1241 1163 aedium

307 1199 418 1225 suam
439 1186 624 1226 clientam
646 1187 937 1227 sollicitandum
958 1190 1008 1228 ad
1030 1188 1192 1228 militem

307 1251 506 1291 subornat.
566 1252 717 1303 capitur
737 1252 814 1301 ille,
835 1261 963 1304 sperat
984 1255 1150 1305 nuptias,

307 1316 469 1356 dimittit
491 1318 755 1356 concubinam
778 1326 815 1356 et
838 1320 1027 1358 moechus
1047 1322 1214 1370 vapulat.

189 1430 208 1450 2
232 1420 409 1461 naupactis
428 1421 565 1451 domum
583 1420 647 1452 cod.
670 1432 676 1451 :
699 1431 772 1451 corr
796 1421 934 1462 Pvlades
1068 1434 1086 1461 4
1113 1423 1248 1454 inuitam
1266 1422 1476 1456 saracenus:

146 1463 267 1496 inuitat
288 1465 351 1503 (-ta
369 1464 432 1504 13¹)
451 1463 517 1497 cod.
636 1473 655 1503 5
682 1463 769 1496 facto
786 1464 851 1495 cod.
871 1466 962 1505 (corr.
983 1464 1046 1503 3²)
1174 1477 1189 1506 7
1215 1467 1388 1498 Aduerum
1406 1467 1470 1499 cod.

145 1507 240 1548 (corr.
263 1506 326 1543 3²)
440 1508 460 1538 8
485 1508 562 1539 deu.
577 1507 772 1548 saracenus,
788 1507 910 1540 Bothe:
936 1510 1116 1540 reuortitur
1126 1510 1192 1541 cod.
1310 1521 1342 1541 11
1369 1512 1473 1551 gemi-

146 1561 222 1582 nam
248 1551 445 1583 Scularius:
473 1552 621 1590 geminat
647 1551 713 1584 cod.
815 1553 964 1583 mulieris
991 1552 1228 1584 Camerarius:
1260 1554 1380 1585 mulier
1403 1554 1469 1586 cod.

149 1604 187 1624 12
210 1594 330 1625 adesse
348 1593 487 1634 Pylades
502 1606 508 1625 :
532 1594 578 1626 ait
595 1604 673 1626 esse
689 1594 755 1626 cod.
895 1605 931 1635 14
956 1600 1095 1635 spernat
1112 1596 1177 1627 cod.
1201 1602 1291 1634 [corr.
1307 1596 1367 1628 B²i
