1731 2713
735 91 973 130 STICHVS
1445 90 1512 126 IV.
1535 88 1565 125 ii

177 207 307 250 *atque
328 201 377 239 ad
400 200 507 238 illum
530 198 771 238 renuntiari?
829 201 931 236 ΡΑΜ.
965 199 1070 236 solus
1092 198 1244 236 cenabo
1270 196 1407 236 domi?

102 267 171 302 600
191 267 263 303 GE.
311 279 391 304 non
430 264 534 303 cnim
575 265 681 303 s6lus
700 279 707 302 2
752 277 814 302 me
848 271 1002 301 uocato.
1063 264 1167 300 ΡΑΜ.
1208 270 1247 300 at
1277 261 1340 300 ille
1374 275 1423 300 ne
1456 275 1514 300 su-

1323 334 1511 374 sorensem,

188 408 274 433 mea
295 395 361 445 qui
382 408 518 433 caussa
539 402 740 445 sumptum
762 393 861 432 fecit.
923 394 997 431 GE.
1030 392 1141 431 facile
1163 392 1335 431 excusari
1357 399 1496 441 potest.

186 461 280 499 mibi
304 462 423 499 modo
445 462 631 507 ausculta,
656 460 748 498 iube
775 461 914 498 ce'nam
936 458 1044 496 domi
1066 457 1193 508 coqui.
1256 459 1324 496 ΕΡ.
1347 470 1427 495 non
1451 470 1513 495 me

1352 522 1512 572 quidem

186 591 300 630 saciet
329 599 488 630 auctore
517 591 636 629 hodie
666 598 708 629 ut
738 591 846 629 illurn
877 589 1058 639 decipiat.
1131 591 1206 627 GE.
1239 602 1318 626 non
1350 595 1390 626 tu
1421 587 1513 625 hinc
1537 598 1573 630 25

1401 653 1485 691 abis
1499 654 1515 691 ?

187 721 259 759 nisi
282 735 344 759 me
365 734 446 759 non
467 721 686 771 perspicere
707 734 843 759 censes
865 720 960 770 quid
981 733 1082 770 agas.
1142 732 1239 758 caue
1260 719 1310 757 sis
1332 727 1372 757 tu
1395 718 1476 766 tibi,

99 793 164 837 605
186 787 390 825 nam.illic
425 787 547 825 homo
581 794 688 825 tuam
720 785 977 825 hereditatem
1018 785 1141 823 inhiat
1175 785 1284 835 quasi
1321 784 1514 823 essuriens

1388 851 1513 899 lupus.

185 931 264 956 non
287 925 328 955 tu
349 917 424 955 scis
445 917 864 967 quam—ecflictentur
884 916 1066 955 homines
1088 923 1208 954 noctu
1230 914 1293 953 hic
1315 914 1353 953 in
1376 914 1471 953 uia?

186 984 290 1020 PAM.
323 990 433 1021 tanto
453 983 573 1032 pluris
595 982 661 1033 qui
682 983 899 1021 defendant
921 981 975 1020 ire
996 982 1209 1019 aduorsum
1232 980 1390 1019 iusse'ro.

187 1050 255 1086 ΕΡ.
288 1061 369 1086 non
390 1048 428 1094 it,
452 1061 532 1086 non
553 1048 591 1094 it,
616 1047 707 1098 quia
727 1055 837 1086 tanto
858 1060 976 1097 opere
997 1047 1139 1085 suades
1159 1060 1209 1085 ne
1230 1046 1362 1085 ebitat.
1401 1044 1515 1098 <Gr2>
1535 1060 1577 1091 30

1423 1111 1515 1150 iube

185 1177 295 1216 dorni
315 1178 411 1216 mihi
432 1178 582 1228 tibique
603 1186 774 1228 tuaeque
793 1177 903 1216 uxori
924 1176 1100 1216 celeriter
1120 1190 1258 1215 cenam
1281 1175 1411 1226 coqui.

97 1247 167 1281 610
186 1242 216 1280 si
238 1244 368 1281 hercle
389 1242 494 1289 faxis,
519 1256 599 1281 non
625 1243 766 1293 opinor
786 1242 895 1281 dices
916 1243 1129 1292 deceptum
1151 1244 1243 1280 fore.

186 1310 289 1346 PAM.
321 1321 390 1358 per
416 1309 518 1347 hanc
544 1308 615 1347 tibi
643 1322 782 1347 cenam
813 1308 1006 1355 incenato,
1040 1307 1250 1355 Gelasime,
1280 1320 1366 1346 esse
1395 1307 1515 1346 hodie

694 1371 697 1376 ’
1412 1372 1513 1411 licet.

185 1440 258 1476 GE.
291 1438 418 1477 ibisne
446 1439 498 1477 ad
528 1452 667 1477 cenam
697 1439 832 1478 foras?
888 1440 993 1477 PAM.
1025 1439 1132 1488 apud
1162 1438 1317 1476 fratrem
1348 1451 1448 1476 ceno
1478 1438 1517 1476 in

1311 1517 1514 1553 proxumo.

186 1570 258 1606 GE.
283 1571 551 1607 certumnest?
596 1571 699 1608 PAM.
724 1576 886 1608 certum.
932 1570 1007 1607 GE.
1025 1570 1167 1619 edepol
1189 1576 1227 1607 te
1248 1568 1367 1607 hodie
1383 1569 1513 1619 lapide
1535 1581 1574 1613 35

1130 1648 1357 1685 percussum
1379 1635 1510 1673 uelim.

185 1701 291 1737 ΡΑΜ.
321 1713 402 1738 non
435 1708 593 1739 metuo:
633 1714 702 1751 per
733 1702 892 1739 hortum
931 1700 1116 1747 transibo,
1154 1713 1237 1746 non
1270 1700 1439 1750 prodibo
1473 1700 1513 1738 in

1296 1765 1511 1816 puplicum.

96 1837 162 1882 615
186 1833 256 1870 ΕΡ.
288 1830 384 1881 quid
414 1831 481 1879 ais,
512 1831 740 1870 Gelasime?
796 1833 870 1870 GE.
903 1839 1075 1870 oratores
1107 1838 1148 1869 tu
1178 1830 1334 1882 accipis,
1367 1831 1514 1870 habeas

1428 1897 1510 1936 tibi.

185 1962 254 2000 ΕΡ.
287 1969 352 2000 tua
378 1963 444 2012 pol
474 1963 599 2001 refert.
658 1964 732 2002 GE.
766 1962 883 2010 enim,
907 1961 1103 2013 siquidem
1131 1962 1218 2001 mea
1244 1963 1369 2010 refert,
1393 1976 1513 2013 opera

1391 2036 1510 2067 Utere.

226 2141 290 2170 599
313 2131 432 2161 cenaui
449 2131 482 2161 A
631 2133 695 2162 602
721 2131 809 2163 domi
829 2142 946 2163 cenam
967 2131 999 2162 A
1094 2143 1162 2163 nun
1183 2133 1277 2173 <num
1302 2132 1344 2171 Β)
1367 2131 1401 2162 P
1415 2133 1507 2170 (corr.

183 2174 231 2213 D)
365 2176 427 2214 604
450 2185 532 2214 ages
551 2175 647 2217 (452)
663 2176 695 2206 A
816 2178 880 2215 605
905 2175 1011 2216 tuam]
1032 2180 1101 2206 tum
1118 2175 1152 2206 P
1257 2176 1323 2206 606
1346 2180 1508 2214 quantum

184 2218 406 2257 Kampmann
494 2221 556 2257 607
574 2219 701 2258 plureis
717 2219 750 2249 A
840 2220 904 2250 608
924 2230 966 2250 ne
982 2219 1106 2259 nebitat
1124 2219 1157 2249 A
1248 2220 1314 2258 609
1339 2219 1396 2250 tibi
1415 2223 1506 2250 tuae-

184 2272 249 2301 que
271 2261 305 2292 P
434 2264 498 2293 610
522 2262 572 2293 vel
583 2264 686 2302 opino
834 2265 899 2302 614
925 2274 985 2303 per
1003 2264 1136 2293 hbrtum
1153 2267 1336 2303 suspectum
1354 2273 1360 2292 :
1386 2273 1431 2293 an
1448 2273 1509 2302 per

184 2304 331 2337 delend.2
420 2306 504 2348 non]
524 2307 612 2337 haud
638 2306 775 2337 Mueller
858 2317 902 2337 an
923 2307 1051 2347 prode?
1203 2307 1267 2346 615
1299 2306 1372 2346 agis
1397 2305 1508 2337 APCD

185 2348 363 2396 ac(ci)pjas
380 2350 412 2380 A
546 2351 611 2380 616
634 2350 740 2391 enim]
759 2350 850 2380 enim
868 2360 948 2380 uero
965 2350 997 2380 A
1019 2350 1066 2391 (v.
1087 2349 1118 2391 Ι)
