1731 2713
751 99 928 136 PERSA
1435 97 1503 133 IV.
1526 96 1572 132 iv

92 209 157 255 645
178 213 252 249 TO.
285 212 382 249 haec
403 210 472 249 erit
494 211 601 249 bono
621 209 762 259 genere
784 218 873 247 nata
891 225 896 247 :
927 208 1023 246 nihil
1045 207 1116 246 scit
1138 206 1209 245 nisi
1232 220 1367 245 uerum
1385 206 1505 256 loqui.

165 273 256 314 1ΒΟ.
289 275 375 326 quis
398 275 497 314 fuit?
525 275 589 314 dic
610 288 767 314 nomen.
819 276 881 311 V1.
915 273 1011 324 quid
1032 273 1141 311 illum
1160 272 1342 310 miserum
1362 284 1507 309 memo-

1216 351 1295 375 rem
1319 336 1385 386 qui
1407 335 1507 374 fuit?

179 419 284 444 nunc
305 414 342 444 et
363 405 471 443 illum
495 405 685 443 Miserum
707 413 745 443 ct
766 418 829 442 me
851 403 1037 442 Miseram
1062 416 1231 453 aequom
1253 410 1310 440 est
1332 401 1508 440 nomina-

1421 466 1504 505 rier.

181 538 257 575 Do.
303 535 555 586 quoiusmodi
582 534 587 587 Ι
613 535 644 574 is
672 535 712 573 in
736 536 884 585 populo
909 533 1113 572 habitust?
1155 535 1219 570 V1.
1257 545 1375 570 nemo
1405 531 1508 581 quis-

1147 611 1265 647 quam
1287 597 1507 647 acceptior:

181 666 282 705 serui
302 666 493 716 liberique
513 666 708 704 amabant.
759 667 833 702 To.
866 663 1068 703 hominem
1087 663 1270 701 miserum
1293 662 1505 712 praedicas,

92 735 164 781 650
182 732 302 782 quom
324 740 361 770 et
382 731 488 781 ipsus
509 745 631 781 prope
652 730 844 780 perditust
864 737 902 768 et
923 728 1196 768 beneuolentis
1217 727 1399 778 perdidit.

183 798 258 836 Do.
293 810 436 844 ernam,
461 797 610 847 opinor.
670 797 745 834 To.
781 795 899 834 etiam
929 794 1142 845 ‘opinor'?
1185 806 1342 831 summo
1368 806 1510 842 genere

1218 872 1302 896 esse
1324 858 1512 906 arbitror;

180 926 337 967 diuitias
371 934 412 965 tu
451 940 498 965 ex
532 926 628 965 istac
667 926 795 965 facies.
862 927 939 964 Do.
981 924 1034 962 ita
1067 923 1108 963 di
1143 923 1287 962 faxint!
1327 925 1401 962 To.
1424 937 1511 962 erne

1377 990 1508 1028 modo.

179 1060 244 1097 V1.
276 1057 355 1098 iarn
375 1059 453 1097 hoe
479 1057 550 1097 tibi
575 1057 689 1096 dico:
718 1064 895 1095 actutum
922 1063 1073 1094 ecastor
1093 1057 1195 1094 meu'
1216 1062 1336 1105 pater,
1359 1054 1427 1093 ubi
1448 1068 1512 1093 me

1416 1119 1511 1158 sciet

181 1188 362 1236 ueniisse,
380 1188 464 1239 ipse
482 1187 607 1228 aderit
627 1194 665 1226 et
686 1201 748 1226 me
768 1200 837 1237 aps
858 1194 896 1226 te
916 1186 1094 1226 redimet.
1153 1187 1227 1223 To.
1261 1185 1356 1235 quid
1377 1187 1512 1223 nunc?

1198 1253 1275 1289 Do.
1309 1250 1404 1300 quid
1425 1252 1513 1289 est?

92 1320 159 1366 655
182 1321 256 1358 To.
292 1318 413 1358 audin
444 1318 540 1369 quid
565 1317 648 1357 ait?
685 1320 749 1357 V1.
786 1331 878 1357 nam
908 1317 981 1357 etsi
1011 1330 1069 1356 res
1100 1324 1191 1355 sunt
1220 1318 1374 1363 fractae,
1396 1315 1513 1354 amici

1256 1389 1347 1420 sunt
1366 1389 1511 1421 tamen.

183 1452 260 1488 Do.
292 1463 343 1488 ne
362 1449 413 1488 sis
433 1451 544 1500 plora
558 1463 569 1497 3
596 1448 718 1488 libera
738 1448 812 1487 eris
832 1456 1021 1496 actutum,
1045 1447 1077 1486 si
1097 1447 1234 1486 crebro
1255 1448 1384 1486 cades.

181 1514 249 1553 uin
283 1528 372 1553 mea
402 1515 516 1554 esse?
567 1515 631 1552 Vx.
682 1515 779 1553 dum
815 1513 977 1565 quidem
1008 1527 1058 1552 ne
1089 1512 1196 1551 nimi’
1226 1512 1294 1551 diu
1329 1520 1395 1550 tua
1425 1511 1509 1559 sim,

1406 1579 1510 1616 uolo.

181 1648 255 1684 To.
297 1645 397 1684 satin
429 1652 471 1684 ut
503 1644 683 1684 meminit
718 1644 936 1684 libertatis?
979 1643 1090 1683 dabit
1124 1644 1221 1682 haec
1255 1642 1326 1681 tibi
1356 1642 1513 1693 grandis

1386 1708 1512 1746 bolos.

182 1791 254 1827 age
273 1776 305 1815 si
331 1776 427 1827 quid
453 1776 545 1827 agis.
604 1789 677 1826 ego
703 1777 754 1815 ad
781 1776 888 1814 hunc
914 1776 1044 1814 redeo.
1104 1786 1278 1824 sequere.
1338 1773 1514 1811 redduco

1306 1840 1409 1876 hanc
1430 1837 1511 1876 tibi.

96 1909 165 1946 660
185 1909 261 1947 Do.
290 1908 533 1955 adulescens,
548 1907 616 1946 uin
637 1908 811 1946 uendere
831 1906 986 1945 istanc?
1015 1907 1108 1945 SAG.
1137 1904 1250 1955 magi’
1264 1905 1373 1943 lubet
1395 1917 1513 1954 quam

1338 1970 1512 2020 perdere.

225 2077 290 2115 648
311 2075 454 2116 quiusA
510 2073 617 2118 (suo)
627 2075 661 2106 in
675 2079 838 2105 memorat
851 2073 1034 2115 Ussing(A
1049 2084 1081 2105 n.
1095 2074 1133 2115 l.)
1173 2073 1256 2113 fort.
1270 2072 1515 2112 quoiusmodist

187 2144 194 2151 .
206 2145 213 2152 .
230 2145 237 2152 .
249 2120 387 2151 habitus
399 2120 446 2158 (A
458 2120 536 2159 n.l.)
616 2121 681 2158 650
698 2129 777 2158 qum
792 2120 855 2160 (et)
868 2119 900 2148 A
916 2129 922 2148 :
943 2122 977 2148 et
987 2128 1053 2148 om.
1066 2117 1098 2148 P
1141 2117 1244 2157 probe
1256 2116 1370 2155 Bothe,
1380 2115 1514 2156 Ritschl,

182 2163 300 2204 quibus
324 2174 432 2204 prope
458 2169 518 2204 pro
540 2162 677 2205 ‘paene'
704 2162 843 2203 displicet
861 2161 907 2198 (A
928 2172 961 2192 n.
988 2162 1026 2202 l.)
1169 2162 1230 2200 651
1258 2160 1308 2190 vel
1331 2159 1432 2199 opino
1452 2184 1458 2190 .
1475 2183 1482 2190 .
1503 2183 1510 2191 .

181 2208 286 2248 opino
405 2208 552 2239 etiamne
583 2206 723 2237 Mueller
753 2206 800 2247 (A
835 2217 867 2237 n.
902 2206 941 2246 l.)
1086 2206 1151 2244 653
1183 2209 1331 2235 actutum
1359 2202 1515 2233 Guietus:

184 2251 280 2292 [iam]
304 2255 452 2282 actutum
475 2250 516 2290 P,
542 2251 575 2282 A
599 2261 631 2282 n.
648 2251 667 2281 l.
802 2251 866 2289 654
890 2251 1019 2292 uerxjssq:
1045 2249 1144 2290 (ipnge
1168 2249 1275 2279 ade—
1292 2247 1350 2279 A:
1377 2246 1514 2277 uenisse

182 2295 248 2326 huc
271 2294 378 2326 aderit
401 2294 456 2325 hic
479 2294 514 2325 P
613 2294 672 2326 abs
695 2299 728 2325 te
750 2293 874 2325 Bothe:
910 2293 1087 2324 absentem
1110 2293 1150 2331 P,
1177 2292 1210 2321 A
1238 2302 1269 2323 n.
1295 2291 1314 2321 l.
1449 2291 1513 2330 657

184 2349 227 2369 ne
244 2348 309 2369 om.
328 2338 361 2368 A
377 2342 413 2368 ut
423 2338 490 2370 vid,
592 2339 725 2379 659-70
742 2338 946 2379 paucissima
962 2337 996 2368 in
1012 2337 1163 2368 extremis
1177 2334 1321 2367 versibus
1336 2337 1462 2365 servata
1477 2333 1511 2364 A

182 2383 248 2413 660
271 2382 320 2412 vel
338 2392 436 2421 mage

1533 542 1592 564 100

1535 1067 1594 1100 105

1536 1654 1599 1679 110
