1731 2713
636 112 805 149 MILES
837 111 1147 150 GLORIOSVS
1574 116 1623 152 II.
1649 117 1675 152 ii

234 222 330 273 quid
350 234 474 272 agam,
498 233 616 270 quem
638 221 773 258 dolum
795 221 935 258 doloso
956 229 1090 258 contra
1111 234 1301 260 conseruo
1323 236 1463 272 parem.
1572 237 1609 266 -15

234 287 301 337 qui
321 285 425 324 illam
447 285 511 324 hic
532 284 630 323 uidit
651 286 905 330 osculantem,
930 284 969 322 id
991 285 1117 322 uisum
1140 294 1180 322 ut
1202 300 1250 324 nc
1272 287 1395 324 uisum
1419 288 1497 325 sict.

146 366 214 391 200
234 353 301 390 PE.
333 363 500 402 quaere:
530 362 603 400 ego
633 349 724 388 hinc
744 362 968 400 apscessero
989 363 1058 400 aps
1086 358 1122 388 te
1144 351 1219 388 liuc
1241 350 1402 389 interim.
1462 352 1548 389 illm·

1378 418 1426 453 sis·
1449 418 1547 458 uide.

232 483 350 532 que‘m
371 482 421 520 ad
443 481 606 519 modum
627 479 757 525 astitit,
782 493 918 518 seuero
940 480 1065 518 fronte
1086 493 1235 526 curans,
1259 480 1440 530 cogitans.

232 555 369 598 pectus
389 545 518 596 digitis
540 546 674 596 pultat,
698 558 764 582 cor
784 545 902 583 credo
923 552 1172 583 euocaturust
1194 546 1293 583 foras
1310 560 1319 592 ς

233 625 325 651 ecce
345 610 510 650 auortit:
542 609 653 648 nixus
674 611 787 648 laeuo
809 609 847 647 in
870 608 1014 648 femine
1035 610 1153 648 habet
1175 611 1324 648 laeuam
1348 624 1516 656 manum,
1571 621 1610 652 50

234 679 392 716 dextera
412 675 542 726 digitis
562 675 753 713 rationem
776 682 989 724 computat,
1013 674 1152 712 feriens
1173 676 1296 713 femur

147 755 212 793 205
233 744 447 782 dexterum.
508 740 561 778 ita
581 741 837 778 uehementer
858 739 946 777 icit:
978 740 1085 789 quod
1107 747 1192 789 agat
1213 752 1324 789 aegre
1345 741 1524 790 suppetit.

233 804 461 857 concrepuit
481 804 611 855 digitis
629 820 635 842 z
666 805 815 842 laborat
832 818 840 851 3
870 804 1006 842 crebro
1028 811 1243 842 commutat
1264 812 1394 842 status.

233 885 367 912 eccere
387 878 519 910 autem
541 869 668 920 capite
690 876 800 907 nutat
820 885 827 907 ;
858 882 937 907 non
960 870 1086 919 placet
1108 870 1213 918 quod
1237 869 1413 919 repperit.

233 936 427 988 quidquid
450 943 517 982 est,
543 935 743 973 incoctum
766 947 846 972 non
869 941 1080 984 expromet‚
1106 934 1205 972 bene
1226 942 1379 972 coctum
1403 935 1519 973 dabit.
1571 947 1608 977 55

234 1015 327 1041 ecce
347 1008 479 1040 autem
499 999 680 1038 aedificat
698 1013 704 1036 :
735 1000 960 1049 columnam
983 1005 1116 1036 mento
1137 997 1276 1047 suffigit
1297 1011 1376 1036 suo.

149 1082 218 1107 210
234 1080 368 1118 apage,
391 1078 472 1103 non
492 1066 620 1115 placet
641 1065 817 1114 profecto
840 1063 935 1101 mihi
956 1063 1067 1101 illaec
1087 1062 1305 1101 aedificatio
1321 1078 1329 1109 ς

235 1145 326 1170 nam
347 1143 391 1168 os
411 1131 682 1168 columnatum
704 1136 844 1179 poetae
866 1141 950 1166 esse
971 1127 1175 1166 indaudiui
1195 1127 1368 1175 barbaro,

233 1195 327 1247 quoi
348 1194 431 1234 bini
451 1195 636 1233 custodes
657 1207 811 1244 semper
832 1193 922 1231 totis
943 1192 1047 1230 horis
1068 1193 1271 1231 occubant.

234 1264 379 1312 eugae!
409 1260 621 1299 euscheme
642 1260 772 1297 hercle
793 1258 913 1296 astitit
935 1266 971 1296 et
993 1257 1122 1296 dulice
1143 1266 1180 1296 et
1200 1259 1426 1297 comoedicc
1444 1274 1451 1305 ;
1573 1267 1611 1296 (ιο

235 1339 453 1376 numquam
487 1324 608 1363 hodie
643 1324 817 1374 quiescet
853 1323 949 1373 priu’
984 1336 1100 1372 quam
1138 1322 1176 1360 id
1211 1324 1318 1372 quod
1347 1324 1440 1373 petit
1476 1337 1553 1374 pcr-

1411 1388 1549 1426 fecerit.

148 1473 214 1509 215
235 1459 355 1497 habet
375 1457 525 1508 opinor.
584 1469 655 1506 age
676 1456 705 1493 si
729 1455 824 1505 quid
846 1454 938 1503 agis,
964 1453 1089 1503 uigila,
1114 1466 1162 1491 ne
1184 1466 1323 1491 somno
1344 1453 1465 1493 stude.

235 1523 309 1561 nisi
330 1522 491 1573 quidem
512 1521 576 1560 hic
596 1521 740 1570 agitare
762 1519 887 1557 mauis
909 1517 1037 1556 uarius
1059 1517 1174 1567 uirgis
1194 1516 1353 1567 uigilias.

235 1587 305 1627 tibi
335 1600 408 1638 ego
434 1586 535 1625 dico.
596 1584 847 1625 †anheriatus
877 1582 1025 1623 uestis†
1047 1583 1143 1621 heus
1172 1589 1209 1620 te
1233 1581 1402 1631 adloqui,
1428 1583 1552 1620 Palae-

1448 1647 1550 1685 strio.

281 1760 342 1800 198
366 1768 532 1790 conserua
556 1757 591 1788 P
736 1767 798 1796 199
821 1760 856 1786 ut
881 1765 945 1786 om.
975 1753 1008 1784 A
1100 1763 1153 1783 me
1178 1752 1211 1782 P
1264 1748 1272 1752 ’
1346 1761 1409 1782 200
1433 1751 1507 1782 illus
1525 1750 1558 1782 P

238 1803 334 1845 (corr.
355 1802 419 1842 3²)
554 1811 616 1832 201
644 1800 771 1832 abstitit
788 1809 909 1830 seuera
925 1799 945 1829 s.
965 1807 1062 1829 curas
1079 1797 1206 1834 cogitas
1222 1795 1254 1826 P
1391 1804 1452 1833 203
1475 1804 1553 1825 ecce

238 1846 382 1888 [autem]
401 1857 455 1877 au.
476 1845 509 1876 P
524 1845 582 1886 (iv.
603 1847 635 1883 35
716 1844 791 1874 leua
809 1844 841 1873 in
859 1842 984 1873 femina
1002 1844 1073 1882 (me
1090 1839 1152 1878 ΒΩ)
1172 1837 1206 1868 Ρ
1298 1848 1359 1877 204
1385 1838 1553 1868 dexteram

235 1890 269 1921 P
283 1891 378 1930 (corr.
400 1889 451 1927 D)
557 1888 636 1919 serit
655 1888 688 1918 A
708 1899 715 1919 z
751 1887 851 1918 series
877 1885 910 1916 P
935 1885 968 1927 (i.
983 1896 1006 1916 e.
1034 1882 1177 1921 seriens>
1196 1893 1203 1913 ε
1230 1881 1326 1912 seruit
1348 1879 1558 1912 Studemund

235 1943 298 1974 205
323 1933 401 1964 eicit
416 1932 450 1963 A
468 1944 476 1964 ε
499 1943 567 1964 om.
589 1930 623 1962 P
638 1931 696 1972 (iii.
716 1942 746 1971 4,
775 1941 807 1970 p.
827 1931 883 1970 49)
988 1932 1066 1968 agat
1090 1926 1233 1958 Ritsclzl:
1258 1925 1328 1964 agit
1347 1925 1402 1955 A:
1435 1928 1507 1954 acta
1526 1923 1558 1954 P

237 1978 285 2016 (ii.
310 1978 342 2017 7)
476 1978 542 2008 206
565 1976 702 2014 crebros
726 1974 758 2004 A
903 1983 965 2012 207
989 1982 1056 2012 quo
1080 1970 1113 2001 P
1253 1970 1316 2000 208
1340 1967 1503 2007 expromit
1526 1966 1558 1996 P

237 2021 313 2062 (pro
326 2025 410 2052 -met
421 2020 447 2059 2)
523 2024 619 2051 coctu
635 2018 747 2050 adabit
763 2017 797 2048 P
811 2022 847 2048 ut
862 2016 922 2048 vid.
1014 2025 1078 2054 209
1103 2013 1257 2045 columna
1270 2011 1304 2042 P
1375 2009 1559 2041 suffulsitP

237 2074 300 2105 210
323 2064 403 2095 mihi
432 2063 521 2095 illam
546 2063 578 2094 P
611 2064 706 2103 (²pro
732 2061 845 2103 [mihil
873 2061 929 2092 illa
951 2059 1010 2099 mi)
1145 2067 1203 2088 211
1232 2055 1495 2087 osculumnatum
1520 2053 1552 2082 A

237 2107 389 2139 inaudiui
405 2106 457 2139 P:
480 2106 593 2138 audiui
610 2106 643 2136 A
789 2105 918 2143 212—48
941 2102 1024 2133 deest
1037 2101 1069 2132 A
1220 2109 1283 2130 212
1308 2099 1376 2130 uini
1393 2096 1457 2128 cod.
1476 2097 1510 2136 (i.
1526 2106 1550 2126 e.

238 2147 337 2189 bini)⁴
410 2150 551 2182 occubat
568 2149 633 2181 cod.
656 2148 750 2187 (corr.
768 2147 829 2188 B2)
964 2155 1027 2184 213
1050 2144 1158 2176 astitis
1173 2142 1238 2174 cod.
1256 2154 1262 2173 :
1285 2141 1450 2174 adstetisti
1467 2138 1551 2170 codd.

238 2194 337 2227 Paul.
354 2193 437 2226 Fest.
456 2195 495 2225 61
605 2192 703 2224 dulce
720 2191 786 2223 cod.
893 2223 895 2225 ,
926 2200 988 2229 214
1013 2187 1155 2228 perfecit
1170 2185 1236 2217 cod.
1257 2197 1263 2216 :
1280 2196 1356 2216 corr.
1376 2181 1555 2214 Beroaldus

238 2247 302 2277 215
325 2238 376 2270 vel
393 2238 496 2277 opino
585 2237 697 2266 studet
709 2235 775 2266 cod.
793 2235 882 2270 (corr
905 2232 967 2263 B²l
1081 2232 1145 2261 216
1169 2229 1286 2268 uigilas
1310 2227 1375 2259 cod.
1492 2234 1552 2262 217

237 2279 478 2312 cantheriatu's
501 2279 597 2310 latere
619 2278 747 2309 videtur
766 2288 841 2308 cum
866 2279 925 2307 aut
947 2275 1011 2306 scis
1032 2276 1077 2313 (v.
1099 2274 1135 2312 3)
1156 2276 1216 2303 cm!
1238 2271 1347 2302 nescis
1369 2269 1432 2301 (vel
1447 2269 1484 2310 cs.
1508 2268 1550 2298 iii.

239 2326 319 2362 11):-
347 2324 457 2356 t.e.d.
486 2333 527 2353 an
556 2321 627 2352 heri
656 2321 836 2352 adbibisti?
867 2319 954 2349 heus
981 2323 1014 2348 te
1043 2316 1204 2355 adloquor
1230 2313 1452 2351 (Beroaldust
1484 2310 1548 2342 Pal.

238 2367 293 2400 Go.
301 2371 342 2410 Is,
362 2365 488 2398 Sclzocll
