1783 2707
156 98 203 135 V.
223 98 250 136 ii
643 101 689 137 T.
724 100 904 139 MACCI
937 101 1140 138 PLAVTI

224 208 292 259 qui
326 208 396 246 tibi
427 211 528 248 male
558 211 641 248 uolt
673 212 854 260 maleque
883 210 1011 248 faciet.
1062 223 1142 248 non
1172 209 1213 248 hi
1233 210 1380 258 dicunt,
1412 225 1549 250 uerum
1568 215 1638 250 820

1466 290 1548 327 ego.

162 354 201 385 45
223 339 297 376 TO.
328 353 412 388 age,
447 339 652 378 circumfer
686 342 868 387 mulsum,
906 340 1040 378 bibere
1074 341 1125 378 da
1155 354 1279 390 usque
1307 341 1434 390 plenis
1464 355 1552 379 can-

1418 405 1546 444 tharis.

222 467 299 506 iam
334 469 401 507 diu
436 469 581 507 factum
617 478 684 517 est,
722 478 932 520 postquam
972 469 1169 519 bibimus;
1212 470 1319 508 nimi'
1355 471 1422 509 diu
1457 471 1549 510 sicci

1401 550 1545 576 sumus.

223 600 298 636 Do.
332 599 371 636 di
393 599 536 637 faciant
557 607 599 637 ut
620 599 659 638 id
681 599 824 638 bibatis
846 601 954 649 quod
975 613 1045 638 uos
1068 614 1286 650 numquam
1308 609 1487 639 transeat.

221 667 312 701 SAG.
345 677 511 713 nequeo,
542 666 642 711 leno,
667 664 762 714 quin
792 664 863 702 tibi
890 666 1028 702 saltem
1056 664 1280 703 staticulum
1311 666 1404 703 olim
1430 680 1548 716 quem

1408 733 1549 781 }{egea

219 793 396 832 faciebat.
458 794 550 833 uide
580 809 684 842 uero,
714 794 745 833 si
777 794 846 833 tibi
876 795 958 833 sati’
989 796 1128 845 placet.
1187 797 1260 833 TO.
1295 810 1357 834 me
1387 810 1546 846 quoque
1566 801 1631 846 825

1454 864 1547 901 uolo

159 944 198 975 50
218 926 382 963 reddere
405 925 605 964 Diodorus
627 939 744 975 quem
767 925 859 963 olim
882 925 1050 964 faciebat
1071 925 1110 963 in
1134 925 1257 964 Ionia.

220 992 296 1028 Do.
329 992 476 1028 malum
493 1004 566 1040 ego
582 991 696 1029 uobis
714 992 829 1038 dabo,
845 989 954 1044 ni[si]
969 991 1094 1029 abitis.
1147 993 1239 1030 SAG.
1263 991 1380 1030 etiam
1399 993 1543 1040 mutus,

1320 1057 1547 1106 inpudens?

216 1119 292 1157 iam
314 1134 386 1170 ego
408 1120 489 1168 tibi,
513 1121 543 1159 si
566 1135 629 1159 me
650 1120 848 1168 inritassis,
876 1123 1034 1159 Persam
1055 1122 1253 1159 adducam
1275 1123 1418 1159 denuo.

218 1186 292 1223 Do.
326 1185 403 1223 iam
442 1194 554 1224 taceo
594 1187 735 1224 hercle.
808 1200 853 1224 ac
888 1194 929 1223 tu
970 1188 1087 1224 Persa
1125 1199 1176 1233 es,
1210 1186 1275 1235 qui
1318 1199 1380 1224 me
1419 1200 1543 1237 usque

987 1249 1305 1303 admutila[ui]sti
1327 1253 1377 1289 ad
1398 1260 1540 1290 cutem.

214 1318 287 1354 TO.
321 1324 417 1364 tace,
449 1319 589 1356 stulte:
628 1317 692 1355 hic
721 1316 804 1355 eius
831 1316 1027 1366 geminust
1052 1318 1175 1355 frater.
1238 1319 1313 1354 Do.
1347 1317 1543 1356 hicinest?
1562 1322 1630 1364 830

1051 1383 1126 1419 TO.
1159 1394 1204 1419 ac
1224 1381 1539 1430 geminissumus.

157 1463 193 1496 55
216 1448 292 1484 DO.
325 1446 364 1485 di
386 1448 564 1497 deaeque
585 1448 623 1485 et
643 1454 681 1485 te
698 1454 735 1485 et
756 1446 957 1497 geminum
979 1448 1134 1485 fratrem
1151 1446 1374 1485 excrucient
1393 1450 1398 1485 ἶ
1447 1449 1539 1485 SAG.

1200 1510 1267 1561 qui
1289 1519 1325 1549 te
1346 1512 1540 1562 perdidit:

212 1590 303 1614 nam
325 1590 396 1626 ego
414 1577 509 1614 nihil
531 1576 664 1615 merui.
727 1579 802 1615 Do.
835 1584 873 1615 at
894 1576 1000 1615 enim
1027 1577 1136 1626 quod
1157 1575 1221 1615 ille
1242 1577 1392 1623 meruit,
1409 1577 1479 1615 tibi
1500 1577 1540 1616 id

1310 1642 1412 1692 opsit
1434 1644 1537 1680 uolo.

210 1707 283 1744 To.
315 1706 418 1756 agite
457 1706 577 1753 sultis,
611 1708 716 1744 hunc
754 1706 1014 1745 ludificemus.
1080 1708 1151 1744 LE.
1184 1705 1258 1744 nisi
1298 1706 1328 1744 si
1368 1707 1536 1758 dignust,

1306 1786 1386 1811 non
1408 1781 1535 1823 opust.
1586 1763 1587 1766 Ἰ

209 1844 247 1875 et
277 1850 340 1875 me
371 1838 448 1875 hau
483 1851 552 1887 par
586 1844 654 1876 est.
713 1839 787 1875 TO.
820 1838 939 1875 credo
974 1850 1022 1876 eo
1056 1838 1148 1887 quia
1182 1851 1263 1876 non
1298 1837 1535 1886 inconciliat,

1231 1915 1352 1951 quom
1375 1910 1412 1940 te·
1433 1910 1533 1941 em'o.

210 1967 280 2004 LE.
311 1974 351 2004 at
389 1974 521 2005 tamen
556 1968 957 2005 non—tamen—TO.
991 1980 1088 2005 caue
1126 1979 1218 2016 ergo
1252 1967 1303 2004 sis
1338 1969 1442 2006 malo
1469 1967 1473 2020 Ι
1499 1975 1537 2007 et
1555 1974 1620 2019 835

1276 2045 1439 2082 sequere
1460 2046 1532 2072 me.

147 2103 189 2135 60
209 2104 246 2136 te
265 2097 357 2135 mihi
379 2097 486 2135 dicto
501 2097 729 2135 audientem
751 2111 835 2135 esse
851 2098 1030 2144 addecet,
1049 2110 1140 2134 nam
1162 2097 1291 2135 hercle
1307 2110 1456 2147 apsque
1472 2111 1536 2136 me

250 2202 309 2231 821
338 2201 452 2231 bibere
476 2201 533 2242 da]
560 2201 689 2232 biberet
710 2201 780 2231 PCD
932 2202 996 2240 829
1020 2200 1082 2230 iam
1109 2206 1205 2231 taceo
1233 2201 1347 2231 hercle
1370 2202 1439 2232 secl.
1468 2200 1532 2231 Leo

206 2251 332 2275 custem
353 2245 412 2284 (B)
431 2245 482 2275 vel
503 2250 632 2275 curtem
659 2245 760 2284 (PCD)
786 2243 852 2275 cod.
961 2245 1024 2282 833
1052 2245 1139 2274 hunc
1168 2244 1264 2274 sultis=
1284 2244 1426 2278 Guz'etzts,
1448 2255 1530 2275 nam

206 2289 314 2327 sultis,
336 2289 425 2319 hunc
444 2289 487 2319 lu.
506 2288 748 2327 vixferendum
875 2288 937 2325 834
962 2294 994 2318 et
1007 2287 1150 2317 Ritsclzl:
1175 2292 1207 2317 at
1223 2288 1288 2318 cod.
1371 2299 1412 2318 eo
1429 2289 1530 2318 credo

206 2332 288 2363 cod.:
306 2333 377 2362 trai.
392 2332 520 2362 Sclzoell
574 2332 788 2362 inconciliaut
802 2330 879 2370 cod„
897 2331 986 2368 qnod
998 2331 1270 2361 ntinconciliauit
1283 2331 1535 2370 z‘nte272ret‹1ntur

206 2378 270 2414 835
286 2375 346 2406 To.
376 2386 442 2405 non
469 2380 616 2405 attamen
637 2375 731 2415 (nolo
753 2380 866 2405 tamen
888 2374 1036 2414 Ussing),
1057 2384 1140 2404 caue
1158 2374 1203 2404 sis
1226 2374 1313 2404 malo
1331 2385 1412 2413 ergo
1428 2374 1534 2405 Bothe

961 2524 984 2535 l
