1731 2713
680 121 1094 159 TRVFVLENTVS
1515 123 1550 158 V

135 251 200 288 925
222 239 368 275 STRAT.
416 248 575 274 meosne
613 242 704 272 ante
743 234 878 272 oculos
918 246 990 283 ego
1034 233 1137 271 illam
1179 234 1300 283 patiar
1338 234 1434 272 alios
1472 246 1550 272 am-

1333 298 1518 349 plexarier
1534 300 1550 337 ?

225 376 419 406 mortuom
460 367 588 405 hercle
628 378 689 403 me
729 364 847 403 hodie
885 364 1033 402 satiust.
1091 365 1244 415 apstine
1279 366 1364 411 hoc,
1400 364 1547 411 mulier,

1375 442 1546 475 manum,

223 498 294 536 nisi
317 498 345 535 si
368 505 406 535 te
427 510 513 536 mea
534 509 652 534 manu
675 496 711 534 ui
734 498 772 534 in
796 497 1000 534 machaera
1021 504 1057 533 et
1079 497 1184 533 hunc
1206 497 1263 534 uis
1286 495 1393 533 mori.
1568 510 1607 541 35

224 565 298 602 Pu.
330 562 463 603 †nihili
485 561 633 612 phiari†
657 561 807 608 satiust,
830 561 950 607 miles,
975 560 1005 598 si
1027 569 1064 599 te
1084 560 1203 599 amari
1226 562 1424 610 postulas;

222 643 328 675 aum,
345 631 421 668 hau
436 630 534 667 ferro
550 629 743 667 deterrere
758 636 869 678 potes
882 625 1023 678 (hunc)
1035 626 1084 665 ne'
1100 640 1241 673 amem,
1258 627 1548 677 Stratophanes.

137 709 206 744 930
224 696 370 733 STRAT.
403 694 480 744 qui,
501 695 659 740 malum,
679 693 780 731 bella
799 701 865 731 aut
887 694 1010 731 faceta
1032 706 1083 739 OS,
1099 692 1200 742 quae
1220 705 1328 731 ames
1349 692 1552 730 hominem

1332 757 1391 795 isti
1415 757 1552 796 modi?

225 828 298 865 PH.
331 826 490 865 uenitne
521 826 558 864 in
592 833 762 864 mentem
799 824 867 862 tibi
899 825 1006 874 quod
1041 824 1205 862 uerbum
1237 823 1275 861 in
1306 836 1426 861 cauea
1456 822 1551 861 dixit

1390 888 1525 926 histrio
1544 903 1550 926 :

224 971 362 997 omnes
383 957 562 996 homines
583 958 633 996 ad
655 970 766 995 suom
788 957 995 1006 quaestum
1017 956 1159 993 callent
1179 961 1217 993 et
1238 953 1450 992 fastidiunt.
1571 969 1614 1000 40

226 1025 372 1061 STRAT.
405 1022 576 1060 huncine
609 1021 810 1059 hominem
846 1029 882 1059 te
916 1020 1126 1070 amplexari
1160 1028 1239 1058 tam
1274 1019 1476 1058 horridum
1508 1032 1554 1057 ac

1192 1093 1271 1123 tam
1299 1084 1556 1134 squalidum?

227 1156 300 1192 PH.
333 1165 573 1204 quamquam
610 1151 673 1190 hie
709 1152 920 1201 †qualest†‚
954 1147 1230 1201 quam(quam>
1263 1149 1326 1187 hic
1361 1149 1552 1196 horridus,

1144 1214 1274 1261 scitus,
1297 1214 1424 1252 bellus
1445 1213 1552 1252 mihi.

140 1300 204 1337 935
227 1286 373 1324 STRAT.
407 1283 528 1323 dedin
550 1296 622 1333 ego
643 1283 914 1321 aurum—PH.
947 1280 1074 1319 mihi?
1102 1279 1246 1319 dedisti
1267 1279 1347 1318 filio
1368 1279 1523 1318 cibaria.

226 1363 342 1396 nunc,
366 1349 396 1387 si
423 1349 427 1400 l
453 1350 556 1387 hane
578 1356 709 1387 tecum
731 1361 815 1387 esse
837 1360 978 1397 sperem,
1002 1346 1077 1385 alia
1097 1353 1214 1396 opust
1234 1345 1315 1384 auri
1337 1344 1453 1384 mina.

225 1417 370 1453 STRAB.
405 1415 546 1453 malam
575 1427 656 1452 rem
687 1413 718 1451 is
748 1420 786 1451 et
817 1425 997 1462 magnam
1027 1424 1170 1461 magno
1195 1424 1322 1461 opere,
1346 1423 1459 1450 serua
1485 1410 1554 1449 tibi
1576 1425 1615 1457 45

1352 1475 1551 1514 uiaticum.

226 1549 373 1587 STRAT.
395 1547 492 1597 quid
512 1545 573 1584 isti
590 1545 744 1584 debes?
801 1546 876 1582 PH.
909 1543 990 1582 tria.
1049 1544 1196 1582 STRAT.
1220 1555 1321 1592 quae
1341 1541 1413 1580 tria
1433 1544 1555 1581 nam?

854 1611 928 1647 PH.
961 1615 1170 1658 unguenta,
1195 1616 1366 1656 noctem,
1387 1607 1550 1653 sauium.

270 1730 334 1761 925
360 1720 414 1752 Me
431 1729 534 1751 eosne
551 1718 616 1749 cod.
751 1717 816 1756 926
841 1725 892 1746 mc
910 1714 1012 1746 hodie
1029 1714 1149 1746 satiust
1173 1713 1280 1748 Briau
1313 1712 1425 1744 medio
1447 1712 1554 1744 satius

229 1765 294 1796 cod.
308 1777 315 1796 ι
339 1775 392 1795 me
409 1764 441 1795 di
457 1773 483 1796 s,
500 1762 637 1793 Ribbeck
711 1771 809 1792 manu
825 1759 892 1791 cod.
1020 1768 1083 1797 927
1110 1757 1173 1788 nisi
1191 1757 1218 1787 si
1236 1761 1269 1787 te
1285 1766 1361 1787 mea
1377 1756 1555 1787 machaera

230 1810 282 1840 uis
306 1814 340 1840 et
367 1809 457 1839 hunc
483 1817 549 1838 una
577 1806 660 1838 mori
689 1805 816 1836 Schocll
944 1802 1010 1841 928
1033 1800 1253 1840 nihilpphiari
1276 1799 1326 1832 B:
1360 1799 1406 1829 nil
1430 1799 1556 1839 alapari

230 1852 416 1883 Buecheler:
455 1850 650 1891 Philippiari
681 1851 736 1888 (sc.
767 1858 850 1879 auro
879 1846 1057 1886 Philippeo
1086 1845 1149 1885 utis
1177 1844 1320 1885 Spengel
1492 1853 1558 1884 929

230 1896 319 1927 haud
336 1895 423 1926 ferro
438 1894 567 1926 Merula
583 1905 589 1924 :
612 1893 730 1924 aufero
741 1891 807 1923 cod.
921 1894 1035 1930 potest
1052 1899 1094 1919 ne
1107 1893 1195 1919 amet
1212 1887 1278 1919 cod.
1296 1899 1302 1918 ε
1327 1897 1404 1918 corr.
1424 1886 1561 1928 Setfflrt

229 1950 294 1979 930
319 1940 426 1971 faceta
444 1949 480 1970 es
495 1937 580 1968 Pius
597 1949 603 1968 :
627 1937 697 1968 eaci
717 1936 769 1976 (-ti
787 1935 874 1974 PCD)
894 1939 948 1965 eta
966 1938 1018 1965 est
1034 1931 1098 1964 cod.
1120 1932 1163 1972 (E
1176 1938 1238 1973 pro
1255 1931 1293 1970 F)
1384 1930 1555 1961 hominem

229 1983 326 2015 ltal.:
349 1983 475 2014 homini
491 1981 557 2013 cod.
579 1981 616 2021 (i.
638 1981 689 2018 ποῖ)
823 1989 885 2018 931
912 1978 981 2008 dixi
1005 1976 1071 2008 cod.
1216 1985 1280 2015 932
1304 1974 1354 2016 et]
1373 1984 1435 2005 nee
1452 1973 1557 2006 Bothe

229 2026 328 2069 (qui)
356 2028 398 2058 ad
424 2036 451 2057 s.
479 2036 510 2066 q.
541 2036 569 2056 c.
600 2025 682 2055 nihil
714 2024 735 2054 s.
765 2022 890 2064 Ussing
1047 2030 1112 2061 933
1136 2019 1320 2059 amplexari
1347 2017 1554 2050 saracenus:

229 2071 441 2111 amplexares
465 2069 529 2100 cod.
552 2073 559 2102 ξ
569 2071 579 2100 3
589 2074 651 2108 pro
672 2068 749 2106 -rei)
863 2066 1035 2097 horridum
1055 2063 1162 2106 (horri
1178 2063 1224 2104 Β)
1242 2067 1317 2094 acta
1335 2063 1449 2104 (atque
1466 2061 1552 2101 PCD)

229 2114 318 2146 cod.:
343 2124 420 2145 corr.
437 2113 579 2154 Spengel
707 2122 771 2151 934
797 2110 929 2150 qualest
954 2111 1048 2148 (corr.
1070 2109 1113 2139 —is
1132 2109 1201 2148 est)
1225 2106 1291 2138 cod.
1316 2105 1478 2146 (qualiest
1501 2105 1554 2136 B:

230 2158 338 2198 qualis
364 2163 416 2189 est
440 2156 554 2195 PCD):
584 2155 715 2195 squalet
743 2153 901 2195 Spengel:
934 2153 1086 2192 squalust
1111 2151 1269 2192 Seyffert:
1301 2150 1359 2180 m'x
1381 2148 1555 2189 squalenst

230 2212 342 2242 -quam
363 2201 437 2232 add.
463 2199 592 2231 Merula
681 2199 797 2230 horret
821 2197 960 2238 Spengel
1047 2197 1132 2227 citus
1155 2194 1279 2226 bellum
1303 2193 1336 2224 hi
1359 2192 1446 2224 cod.:
1475 2202 1552 2224 corr.

231 2245 363 2287 Lipsius
392 2245 529 2283 bellust„
621 2242 671 2274 vel
683 2243 802 2273 scitust
943 2248 1007 2280 935
1033 2239 1145 2270 Dedin
1165 2237 1376 2269 Camerarius
1392 2248 1399 2267 ε
1427 2236 1514 2267 Dedi
1533 2246 1552 2266 u

232 2289 325 2330 (dedi
341 2287 428 2327 PCD)
447 2287 513 2318 cod.
577 2287 702 2317 mihin?
719 2284 857 2316 Mueller
913 2283 1072 2315 dedixisti
1086 2282 1152 2314 cod.
1166 2283 1176 2305 s
1180 2293 1258 2313 corr.
1275 2280 1340 2321 D1)
1394 2280 1552 2311 cibariam

227 2332 296 2364 cod.
427 2333 492 2371 936
515 2335 625 2361 tecum
642 2330 728 2361 hanc
742 2327 882 2370 Spengel
993 2337 1057 2366 937
1082 2324 1168 2368 (ln)
1191 2325 1308 2356 malam
1327 2333 1398 2355 rem
1415 2324 1444 2354 is
1462 2333 1553 2363 mag-

230 2386 305 2406 nam
322 2374 494 2406 Acidalius
509 2378 539 2404 et
554 2374 688 2404 Gm‘elns
790 2381 942 2411 magnam
961 2369 1089 2401 Merula
1105 2381 1111 2402 :
1137 2379 1258 2408 magna
1274 2367 1339 2399 cod.
1441 2367 1492 2399 vel
1511 2368 1556 2398 sic

228 2419 390 2459 distingue
412 2426 576 2457 magnam,
604 2426 726 2456 magno
737 2425 843 2455 opere
860 2425 959 2446 serua
1062 2419 1176 2444 seruat
1191 2412 1236 2442 ibi
1252 2411 1373 2443 aticum
1394 2410 1554 2452 (seruatib

231 2463 367 2493 atticum
386 2461 461 2492 PCD
476 2465 513 2491 ut
527 2460 605 2501 vid.)
624 2459 689 2491 cod.
709 2460 763 2500 jiii.
778 2461 812 2500 3}
830 2469 837 2488 ε
860 2468 936 2488 corr.
957 2456 1085 2487 Mcrula
1199 2457 1264 2495 938
1287 2455 1392 2486 debes
1412 2453 1553 2487 Goeller:

230 2506 315 2537 debe
332 2506 371 2537 isi
394 2507 404 2547 ζ
407 2504 506 2536 debet
523 2503 588 2535 nisi
607 2502 695 2542 pen)
714 2502 778 2534 cod.
872 2505 970 2532 nocte
990 2502 1122 2540 (noctes
1138 2498 1226 2540 PCD)
1245 2497 1311 2530 cod.
