1731 2713
717 118 1038 158 PSEVDOLVS
1470 118 1538 154 IV.
1559 116 1573 154 i

109 241 196 280 913a
378 235 439 271 ΡΑ.
472 233 539 271 ubi
561 232 783 270 restiteras?
840 234 973 270 ΞΙΜΙΑ.
1006 230 1073 269 ubi
1097 230 1148 268 mi
1170 230 1337 268 lubitum
1360 238 1427 269 cst.

273 300 331 336 ΡΞ.
365 298 464 336 istuc
492 311 564 347 ego
592 297 683 335 satis
711 296 803 334 scio.
882 298 1015 335 Smin.
1049 309 1121 345 qur
1141 308 1233 344 ergo
1255 296 1363 345 quod
1384 295 1458 333 scis
1480 309 1542 333 me

1403 362 1542 410 rogas?

128 436 194 473 915
217 430 278 466 Ps.
311 436 350 466 at
383 430 458 466 hoc
493 429 585 466 uolo
621 440 782 465 monere
816 434 864 465 te.
943 428 1077 465 Smm.
1117 426 1351 464 monendu's
1390 439 1439 463 ne
1480 439 1541 463 me

1368 503 1538 528 moneas.

378 560 438 596 Ps.
472 557 578 595 nimi’
600 558 760 595 tandem
783 570 855 607 ego
875 570 944 606 aps
967 563 1004 594 te
1026 563 1268 594 contemnor.

374 625 506 661 Smm.
540 621 686 672 quippe
707 636 780 672 ego
801 630 838 659 te
859 621 898 659 ni
919 628 1184 667 contemnam,
1562 629 1599 661 15

374 687 609 726 stratioticus
631 689 752 726 homo
773 687 840 737 qui
862 688 1020 725 cluear?
1079 688 1139 724 ΡΞ.
1173 685 1249 723 iam

213 755 288 792 hoc
309 755 401 792 uolo
421 754 529 803 quod
550 760 796 802 occeptumst
811 751 883 802 agi.
934 754 1067 790 SimlA.
1091 750 1285 800 numquid
1301 764 1413 800 agere
1434 749 1540 788 aliud

1317 829 1379 853 me
1400 815 1540 853 uides?

126 896 195 932 920
322 885 382 921 ΡΞ.
415 884 575 921 ambula
595 896 686 933 ergo
708 882 796 920 cito.
857 884 990 920 Simm.
1023 881 1145 919 immo
1166 881 1292 919 otiose
1313 882 1416 919 uolo.

268 950 329 986 Ps.
372 949 469 986 haec
499 962 545 986 ea
575 948 791 986 occasiost:
827 948 922 986 dum
958 947 1021 985 ille
1056 945 1213 993 dormit,
1243 947 1335 984 uolo
1366 953 1406 983 tu
1437 944 1540 996 prior

1227 1023 1397 1060 occupes
1418 1009 1535 1048 adire.

372 1079 505 1116 SmlA.
538 1077 633 1127 quid
655 1078 869 1127 properas?
898 1076 1065 1126 placide,
1086 1089 1136 1114 ne
1157 1074 1261 1114 time.
1559 1085 1601 1107 20

372 1142 424 1181 ita
445 1142 507 1181 ille
529 1142 621 1180 faxit
644 1142 833 1192 Iuppiter,

371 1215 413 1245 ut
433 1207 497 1246 ille
517 1209 646 1257 palam
667 1206 815 1245 ibidem
836 1206 973 1253 adsiet,

103 1285 192 1324 924a
371 1272 548 1323 quisquis
569 1272 669 1311 illest
690 1271 757 1322 qui
778 1273 890 1310 adest
910 1286 932 1310 a
953 1271 1084 1310 milite.

123 1353 188 1389 925
210 1351 428 1389 numquam
449 1338 591 1388 edepol
619 1336 690 1376 erit
708 1336 758 1376 ill'
801 1336 930 1387 potior
957 1339 1119 1388 Harpax
1146 1350 1264 1387 quam
1293 1349 1376 1386 ego.
1436 1336 1538 1375 habe

1163 1401 1339 1440 animum
1362 1402 1509 1441 bonum
1530 1417 1537 1440 ε

319 1470 480 1519 pulchre
501 1482 573 1518 ego
594 1469 696 1506 hanc
717 1467 947 1518 explicatam
970 1466 1040 1506 tibi
1061 1480 1142 1506 rem
1163 1467 1279 1506 dabo.
1559 1479 1598 1512 25

317 1534 371 1573 sic
393 1548 465 1584 ego
486 1534 595 1572 illum
618 1533 719 1572 dolis
739 1541 857 1583 atque
878 1532 1094 1571 mendaciis

319 1599 357 1637 in
379 1600 559 1638 timorem
581 1599 686 1638 dabo
708 1598 912 1637 militarem
933 1600 1145 1646 aduenam,

318 1665 424 1715 ipsus
446 1678 530 1703 sese
551 1671 593 1702 ut
614 1671 729 1714 neget
750 1677 834 1702 esse
855 1677 944 1701 eum
967 1662 1033 1713 qui
1055 1662 1127 1701 siet

123 1742 193 1777 930
319 1743 461 1780 meque
487 1737 528 1768 ut
549 1743 634 1767 esse
655 1736 832 1767 autumet
852 1727 917 1778 qui
940 1727 1047 1777 ipsus
1068 1735 1136 1766 est.
1196 1729 1258 1765 Ps.
1291 1726 1357 1777 qui
1379 1729 1537 1777 potest?

264 1796 396 1833 SmuA.
429 1794 577 1833 occidis
606 1807 668 1832 me
696 1807 817 1844 quom
838 1792 937 1831 istuc
958 1792 1111 1843 rogitas.
1183 1795 1244 1831 ΡΞ.
1277 1805 1301 1830 0
1331 1792 1533 1831 hominem
1554 1804 1600 1837 30

1336 1857 1511 1908 lepidum
1529 1861 1536 1896 1

316 1926 448 1963 SIMIA.
482 1932 519 1963 te
541 1937 699 1974 quoque
720 1923 837 1962 etiam
858 1923 959 1962 dolis
979 1931 1098 1974 atque
1119 1922 1347 1970 mendaciis,

316 1990 382 2040 qui
404 1990 585 2040 magister
606 1989 700 2027 mihi
722 2003 773 2037 es,
796 1989 990 2036 antidibo‚
1011 1998 1052 2041 pt
1074 1989 1183 2027 scias.

316 2057 378 2093 Ps.
413 2055 589 2105 Iuppiter
609 2062 646 2093 te
667 2054 763 2092 mihi
785 2057 935 2093 seruet!
994 2056 1128 2093 S1M1A.
1160 2053 1283 2092 immo
1305 2052 1411 2091 mihi.

251 2169 314 2198 914
341 2159 428 2189 istud
451 2157 483 2188 A
502 2170 508 2189 :
532 2158 625 2197 ipsuc
650 2158 794 2198 Pzsort.
818 2158 902 2188 istuc
924 2158 1018 2197 ipsus
1043 2157 1156 2199 (iamb.
1179 2157 1336 2196 oclonar.)
1454 2167 1536 2197 ergo

207 2202 314 2242 quod]
341 2212 404 2241 ego
421 2212 486 2240 quo
503 2200 536 2230 P
652 2211 716 2240 915
740 2202 791 2232 vel
810 2202 1000 2232 monendus
1098 2206 1232 2232 moneat
1254 2201 1287 2230 P
1393 2211 1456 2239 917
1483 2200 1533 2242 ni]

207 2256 260 2276 me
277 2245 310 2275 A
442 2246 506 2284 918
530 2244 709 2275 stratiocus
727 2246 826 2275 bomo
845 2245 900 2284 qui
918 2245 1032 2275 cluear
1049 2244 1096 2276 P:
1122 2245 1331 2275 stratioticus
1343 2254 1418 2274 esse
1432 2245 1534 2275 homo

207 2288 363 2320 clueat-A
519 2299 584 2326 919
608 2288 697 2318 aliud
725 2298 827 2327 agere
859 2288 892 2317 A
1045 2298 1106 2326 921
1137 2287 1204 2328 [ut]
1233 2298 1283 2319 oc.
1307 2287 1392 2327 PBG,
1412 2287 1445 2317 A
1467 2298 1498 2317 n.
1515 2287 1534 2318 l.

206 2343 270 2373 924
294 2332 398 2363 assiet
417 2331 642 2362 Camerarius:
667 2333 749 2362 atiet
765 2331 804 2371 P,
823 2331 857 2362 A
874 2342 906 2363 n.
925 2331 944 2362 l.
1076 2341 1139 2370 927
1165 2332 1191 2361 si
1209 2331 1241 2361 P
1369 2341 1434 2370 929
1458 2341 1533 2361 eum

207 2387 284 2407 esse
301 2376 334 2406 P
463 2385 528 2414 930
552 2375 630 2415 quid
645 2386 677 2414 p.
692 2375 724 2405 P
853 2385 917 2415 932
941 2379 1042 2415 atque
1062 2374 1197 2416 [etiam]
1217 2384 1280 2406 me.
1297 2375 1331 2405 Ρ
1469 2384 1533 2415 933

207 2430 272 2450 om.
289 2420 321 2450 P
342 2420 486 2460 (propter
504 2418 685 2449 lzomoeotel.
700 2421 724 2456 ἕ)
