1783 2707
172 114 226 151 ΙΙ.
248 113 294 149 iv
665 111 710 147 T.
745 108 925 147 MACCI
958 106 1162 144 PLAVTI

193 237 232 259 20
252 225 342 262 SAG.
375 222 438 261 abi
469 222 508 260 in
539 222 681 259 malam
704 232 796 258 rem.
857 220 924 256 ΡΑ.
957 225 994 256 at
1022 224 1062 255 ‘tu
1086 218 1275 256 domum:
1305 229 1396 254 nam
1424 214 1476 254 ibi
1507 213 1578 254 tibi

1222 288 1355 331 parata
1374 286 1576 331 praestost.

252 356 342 393 SAG.
373 353 538 392 uadatur
562 350 625 388 hic
654 362 726 388 me.
787 350 856 386 ΡΑ.
888 347 1037 386 utinam
1060 347 1181 386 uades
1202 346 1343 393 desint,
1365 345 1404 384 in
1425 357 1579 384 carcere

1452 418 1494 449 ut
1515 410 1576 449 sis.

253 486 344 522 SAG.
376 482 471 534 quid
503 482 608 519 hoc?
665 482 732 518 PA.
765 478 861 529 quid
891 479 981 517 est?
1037 479 1129 516 SAG.
1167 476 1298 524 etiam,
1318 477 1456 522 scelus,
1479 476 1580 514 male
1600 487 1669 524 290

655 592 661 599 ι
844 543 1037 593 loquere?
1094 544 1162 580 ΡΑ.
1195 542 1356 580 tandem
1377 541 1432 579 uti
1453 542 1577 587 liceat,

251 627 372 665 quom
390 625 523 652 seruos
541 611 601 658 sis,
621 623 776 649 seruom
794 608 863 647 tibi
881 610 983 647 male
999 607 1139 646 dicere.
1186 608 1278 645 SAG.
1294 606 1428 645 itane?
1449 612 1581 656 specta

252 665 351 730 quid
364 678 522 717 dedero.
583 678 651 714 ΡΑ.
676 675 783 722 nihil,
807 687 896 713 nam
920 672 1015 712 nihil
1038 673 1170 711 habes.
1231 674 1322 710 SAG.
1346 670 1384 710 di
1407 672 1582 721 deaeque

1121 751 1184 776 me
1205 748 1343 775 omnes
1363 737 1582 787 perdant—-

196 827 233 857 25
257 812 323 848 ΡΛ.
346 808 496 848 amicus
517 820 614 854 sum,
639 805 822 845 eueniant
844 806 936 843 uolo
957 803 1026 842 tibi
1049 816 1149 853 quae
1170 810 1292 853 optas,
1352 804 1444 841 SAG.
1466 807 1585 851 atque

1445 867 1484 906 id
1506 868 1582 914 fiat,

255 939 327 979 nisi
350 948 386 978 te
408 938 538 986 hodie,
561 937 591 976 si
614 937 873 988 prehendero,
895 936 1062 985 defigam
1085 934 1124 972 in
1146 941 1285 972 terram
1309 933 1519 983 colaplieis.

256 1008 325 1044 ΡΛ.
347 1012 416 1044 tun
434 1017 496 1043 me
513 1005 660 1053 defigas
676 1005 692 1041 ?
722 1011 759 1041 te
781 1001 884 1040 cruci
902 1000 1030 1051 ipsum
1048 1001 1220 1050 adfigent
1237 999 1468 1050 propediem
1485 998 1583 1037 aliei.
1607 1009 1670 1046 295

256 1072 347 1109 SAG.
370 1069 437 1120 qui
454 1077 491 1108 te
507 1068 547 1108 di
563 1066 872 1118 deaeque—scis
893 1064 989 1116 quid
1006 1064 1097 1103 hinc
1111 1077 1226 1115 porro
1242 1064 1418 1103 dicturus
1434 1063 1586 1111 fuerim,

256 1137 295 1176 ni
317 1137 471 1187 linguae
493 1134 685 1174 moderari
707 1146 862 1184 queam.
905 1131 1015 1183 potin
1037 1131 1185 1170 abeas?
1225 1133 1293 1169 ΡΑ.
1317 1129 1441 1180 abigis
1462 1130 1585 1169 facile.

196 1219 237 1249 30
257 1216 347 1241 nam
384 1201 521 1240 umbra
556 1213 643 1239 mea
682 1199 746 1237 hic
785 1198 888 1236 intus
929 1197 1256 1247 uapulat.—SAG.
1299 1203 1340 1234 ut
1380 1195 1507 1233 istunc
1547 1194 1586 1233 di

1198 1262 1376 1310 deaeque
1396 1261 1561 1311 perdant
1583 1263 1588 1298 t

257 1341 459 1382 tamquam
480 1343 713 1382 proserpens
734 1329 895 1368 bestiast
917 1327 1102 1378 bilinguis
1123 1334 1160 1366 et
1182 1328 1379 1365 scelestus.

258 1399 387 1436 hercle
408 1397 525 1435 istum
547 1395 689 1435 abiisse
709 1395 874 1445 gaudeo.
933 1393 1026 1432 foris
1047 1392 1180 1444 aperit,
1203 1405 1338 1431 eccere
1358 1398 1489 1430 autem
1612 1403 1678 1428 ''00

259 1476 377 1514 quem
399 1461 612 1500 conuenire
634 1473 815 1499 maxume
837 1458 1045 1509 cupiebam
1069 1457 1263 1508 egreditur
1283 1458 1397 1496 intus.

1610 1416 1629 1438 (4

212 1588 240 1613 V
278 1574 530 1611 TOXILVS
641 1572 1103 1609 SOPHOCLIDISCA
1216 1571 1564 1608 SAGARISTIO

260 1657 334 1694 To.
368 1657 551 1693 Paratum
573 1653 649 1692 iam
672 1667 756 1693 esse
778 1654 900 1693 dicito
924 1655 1030 1693 unde
1051 1661 1254 1704 argentum
1277 1653 1325 1691 sit
1346 1654 1531 1698 futurum,

260 1721 395 1760 iubeto
414 1721 560 1759 habere
580 1720 756 1759 animum
781 1721 943 1767 bonum,
962 1720 1025 1759 dic
1043 1734 1105 1758 me
1122 1720 1227 1758 illam
1248 1732 1378 1758 amare
1400 1720 1565 1756 multum
1583 1731 1592 1765 ;

260 1786 328 1825 ubi
349 1800 390 1824 sc
409 1785 582 1833 adiuuat,
605 1785 659 1825 ibi
681 1800 743 1825 me
765 1786 937 1825 adiuuat.
997 1799 1098 1836 quae
1118 1784 1197 1824 dixi
1218 1792 1260 1823 ut
1280 1784 1490 1831 nuntiares,

261 1851 361 1891 satin
386 1851 431 1890 ea
458 1853 600 1890 tenes?
658 1854 722 1890 So.
757 1851 869 1902 magi'
895 1852 1019 1889 calleo
1050 1864 1168 1900 quam
1198 1863 1417 1901 aprugnum
1449 1850 1590 1887 callum
1612 1855 1676 1892 305

1411 1916 1591 1953 callet.—

223 1997 240 2028 5
263 1984 336 2021 TO.
370 1995 547 2033 propera,
581 1982 644 2021 cibi
677 1984 852 2021 domum.
914 1983 1005 2020 SAG.
1043 1995 1148 2020 nunc
1183 1980 1274 2019 huic
1307 1993 1379 2030 ego
1409 1979 1592 2030 graphice

1320 2047 1467 2084 facetus
1489 2046 1589 2083 fiam.

306 2135 370 2173 289
393 2135 515 2165 desinit
532 2134 565 2164 A
679 2145 742 2174 292
766 2139 800 2164 te
817 2133 850 2164 P
957 2142 1029 2173 293,
1049 2143 1111 2172 294
1129 2133 1254 2164 inverso
1265 2131 1374 2162 ordine
1390 2131 1423 2162 P
1529 2141 1593 2172 293

263 2178 399 2209 eueniat
411 2178 442 2207 A
536 2189 599 2218 294
625 2178 773 2209 deseram
785 2177 817 2207 A
910 2187 973 2216 295
997 2176 1093 2207 Tunc
1109 2176 1140 2207 P
1225 2176 1423 2215 propediem
1441 2175 1591 2214 adfigent

263 2221 296 2252 P
382 2223 445 2262 296
468 2222 558 2262 Quin
577 2222 611 2253 P
698 2232 758 2262 297
786 2221 971 2252 moderaris
994 2222 1019 2258 (ἲ
1033 2221 1113 2252 -Γείἷ
1134 2219 1245 2260 quiam
1262 2219 1294 2249 A
1388 2221 1452 2260 298
1476 2219 1528 2249 hic
1544 2219 1594 2249 vel

263 2266 328 2305 jam
346 2265 378 2295 A
397 2278 403 2296 ε
427 2277 493 2298 om.
513 2265 546 2296 P
684 2275 748 2305 299
771 2265 899 2296 bestiae
917 2265 1011 2305 (2pr0
1026 2263 1135 2295 bestia
1151 2269 1180 2299 ὃ,
1201 2265 1221 2295 i.
1235 2275 1259 2294 e.
1281 2262 1347 2302 est>
1367 2262 1400 2292 P
1527 2272 1592 2301 300

264 2309 357 2339 illum
374 2309 408 2339 P
495 2309 585 2340 sores
602 2308 635 2339 Ρ
751 2318 811 2347 301
839 2318 914 2339 curn
931 2308 1050 2338 uenire
1067 2307 1101 2338 Ρ
1116 2307 1194 2348 (pro
1211 2310 1237 2348 ὅ,
1259 2307 1276 2338 ⁷¹.
1292 2318 1314 2338 e.
1335 2306 1427 2347 con-)
1527 2315 1591 2345 302

264 2353 353 2384 dicto
372 2352 403 2383 P
531 2364 594 2393 304
618 2353 731 2384 adluat
748 2352 791 2382 ibi
810 2363 862 2383 me
878 2351 991 2383 adluat
1009 2350 1041 2381 P
1170 2360 1233 2390 305
1258 2351 1367 2381 satine
1384 2355 1405 2381 t.
1424 2349 1456 2380 A
1546 2348 1597 2379 1th

264 2407 360 2436 mage
376 2408 383 2428 :
408 2396 483 2436 plus
500 2396 588 2428 codd.
610 2397 712 2427 Nonii
725 2397 788 2435 258
884 2398 949 2434 306
972 2405 1037 2434 ego
1055 2394 1131 2426 huic
1150 2394 1182 2425 P
1273 2392 1407 2437 (nunc)
1425 2403 1512 2424 nunc
1530 2402 1594 2432 ego

264 2440 340 2471 huic
358 2440 510 2482 Kaempf

1003 2524 1026 2534 l
