1731 2713
727 110 1045 149 PSEVDOLVS
1522 114 1548 150 I.
1571 113 1613 150 iii

182 257 184 259 ,
227 225 342 263 Cim.
375 222 630 261 sociosraude.
694 223 762 259 BA.
800 228 889 259 sunt
929 234 1014 259 mea
1056 220 1184 259 istaec.
1248 223 1308 259 Ps.
1346 221 1546 272 parricida.

1257 288 1325 324 BA.
1359 299 1474 337 perge
1496 294 1548 326 tu.

225 356 340 393 (ΓΔΗ.
373 352 566 403 sacrilege.
620 354 688 389 BA.
721 353 852 389 fatcor.
906 352 965 388 ΡΞ.
993 350 1150 401 peiiure.
1204 353 1273 389 BA.
1305 358 1437 390 uetera
1457 352 1550 390 uati-

1351 416 1547 455 cinamini.

223 484 337 523 (ΖΑΗ.
371 485 562 534 legerupa.
624 484 693 519 BA.
727 480 866 520 ualide.
929 482 989 519 Ps.
1023 480 1220 532 permities
1237 482 1546 521 adulescentum.

1233 548 1302 584 BA.
1335 559 1545 586 acerrume.

134 619 198 666 365
223 614 336 654 ΕΔΜ.
384 615 452 651 fur.
532 615 600 651 BA.
652 612 802 651 babae!
879 614 939 650 Ps.
986 611 1158 661 fugitiue.
1234 613 1305 650 BA.
1351 612 1546 651 bombax?

713 678 828 717 CALl.
860 678 962 715 fraus
983 676 1129 727 populi.
1191 679 1262 715 BA.
1294 677 1544 727 planissume.

222 746 282 782 ΡΞ.
315 744 571 782 fraudulente.
623 743 737 782 (ΞΛΜ.
770 742 917 792 inpure.
971 743 1032 780 Ps.
1066 743 1166 780 leno.
1219 743 1333 781 CALI.
1367 756 1544 781 caenum.
1571 758 1632 791 140

1073 808 1143 845 BA.
1177 814 1355 845 cantores
1377 808 1521 858 probos
1540 810 1547 847 1

219 876 334 914 CALI.
367 873 620 913 uerberauisti
641 880 790 924 patrem
811 880 929 924 atque
950 880 1125 911 matrem.
1178 874 1247 910 BA.
1280 880 1399 923 atque
1419 873 1546 912 occidi

1386 951 1545 989 quoque

216 1006 346 1057 potius
368 1018 486 1055 quam
508 1004 640 1043 cibum
663 1004 932 1054 praehiberem
953 1019 960 1043 :
992 1017 1088 1042 num
1109 1003 1272 1054 peccaui
1294 1003 1527 1054 quippiam?

218 1073 279 1109 Ps.
313 1070 351 1108 in
373 1077 594 1122 pertussum
615 1069 827 1120 ingerimus
848 1068 954 1108 dicta
974 1068 1136 1116 dolium,
1161 1081 1320 1119 operam
1343 1068 1524 1107 ludimus.

130 1149 200 1185 370
218 1138 289 1175 BA.
322 1135 515 1186 numquid
545 1134 653 1174 aliud
682 1134 799 1173 etiam
830 1134 947 1173 uoltis
977 1134 1137 1173 dicere?
1194 1134 1308 1173 CALI.
1342 1134 1485 1184 ecquid
1507 1142 1544 1173 te

1390 1201 1544 1250 pudet?

215 1269 287 1306 BA.
318 1275 382 1306 ten
421 1273 637 1306 amatorem
677 1279 762 1305 esse
801 1265 1007 1305 inuentum
1047 1264 1205 1304 inanem
1245 1265 1356 1316 quasi
1390 1278 1541 1304 cassam
1568 1280 1624 1312 ¹45

592 1372 595 1377 ,
1369 1332 1542 1368 nucem?

213 1411 349 1437 uerum
366 1411 607 1448 quamquam
626 1398 748 1435 multa
769 1398 951 1447 malaque
974 1394 1031 1449 [in
1048 1394 1126 1448 me]
1145 1394 1250 1435 dicta
1267 1394 1415 1434 dixistis
1432 1395 1539 1444 mihi,

213 1464 286 1502 nisi
307 1463 403 1502 mihi
425 1463 543 1502 hodie
563 1462 735 1501 attulerit
755 1462 866 1501 miles
888 1462 1064 1513 quinque
1085 1475 1182 1512 quas
1204 1461 1323 1500 debet
1344 1460 1479 1507 minas,

213 1529 312 1568 sicut
333 1530 429 1567 haec
450 1535 508 1567 est
530 1527 757 1579 praestituta
778 1541 932 1566 summa
952 1527 987 1566 ei
1007 1533 1168 1577 argento
1190 1527 1284 1574 dies,

127 1607 191 1644 375
213 1594 244 1632 si
265 1595 305 1633 id
326 1607 406 1632 non
426 1595 561 1640 adfert,
584 1606 701 1644 posse
722 1592 863 1643 opinor
883 1594 1009 1631 facere
1031 1606 1093 1631 me
1115 1591 1287 1630 officium
1310 1605 1453 1631 meum.

213 1659 328 1699 CALI.
361 1659 456 1710 quid
484 1658 523 1698 id
551 1660 639 1698 est?
697 1660 766 1696 BA.
801 1657 832 1696 si
859 1665 901 1696 tu
921 1664 1126 1708 argentum
1153 1657 1337 1704 attuleris,
1361 1671 1451 1696 cum
1473 1657 1540 1697 illo
1563 1673 1623 1704 150

1166 1722 1374 1773 perdidero
1395 1724 1514 1762 fidem
1532 1738 1539 1762 ι

209 1793 285 1831 hoc
321 1804 451 1831 meum
487 1798 544 1829 est
578 1789 762 1829 officium.
822 1802 905 1840 ego,
944 1802 1085 1839 operae
1120 1788 1151 1826 si
1191 1787 1249 1835 sit,
1286 1789 1373 1838 plus
1407 1795 1538 1827 tecum

1377 1854 1514 1902 loquar
1529 1869 1539 1901 5

251 1964 314 2002 362
337 1961 550 1994 sociufraude
574 1960 608 1991 A
721 1970 796 1991 mea
820 1970 858 1991 ec
891 1960 955 1991 ista
982 1959 1016 1989 P
1039 1959 1093 1999 (ec
1123 1969 1138 1990 e
1165 1968 1272 1999 ntang.
1293 1962 1354 1989 aut
1367 1960 1535 1999 supet-scr.)

208 2007 272 2046 364
297 2006 472 2046 permittes
498 2005 556 2036 A:
581 2004 753 2045 permilies
778 2002 812 2034 Ρ
951 2003 1014 2042 366
1038 2002 1116 2033 leno
1144 2002 1295 2034 Calidoro
1320 2002 1487 2033 continual
1506 2002 1540 2033 Ρ

208 2060 273 2090 370
297 2060 384 2081 nunc
401 2050 479 2090 quid
496 2049 596 2080 alium
613 2048 646 2079 P
744 2058 782 2078 ec
796 2047 888 2087 quite
905 2057 935 2086 p.
956 2046 988 2077 Ρ
1003 2047 1078 2087 (pro
1094 2046 1207 2086 ecquit
1222 2046 1272 2086 te)
1415 2056 1475 2085 371
1501 2051 1534 2078 te

207 2094 241 2124 Ρ
327 2094 501 2125 inuentum
519 2103 597 2124 esse
612 2092 644 2123 Ρ
772 2101 836 2131 372
860 2100 979 2121 uerum
996 2101 1026 2130 q.
1046 2101 1088 2121 m.
1106 2090 1195 2121 mala
1211 2099 1298 2129 quae
1319 2090 1353 2120 in
1376 2100 1430 2121 me
1446 2089 1534 2121 dicta

209 2136 340 2168 dixistis
372 2142 484 2168 tamen
516 2135 572 2166 A:
597 2135 658 2167 sed
685 2146 716 2175 q.
745 2145 788 2167 m.
817 2134 902 2165 mala
933 2144 1020 2174 quae
1044 2134 1076 2164 in
1102 2144 1154 2165 me
1179 2133 1266 2164 dicta
1291 2133 1425 2164 dixistis
1452 2133 1533 2164 mihi

208 2180 258 2211 P:
284 2180 369 2211 duas
391 2180 551 2211 versiones
565 2179 731 2220 conflatas,
752 2188 869 2210 uerum
893 2188 925 2217 q.
952 2187 993 2208 m.
1017 2177 1172 2217 malaque
1189 2178 1277 2208 dicta
1301 2177 1436 2208 dixistis
1454 2177 1532 2208 mihi

208 2228 237 2255 et
253 2225 314 2256 sed
333 2235 364 2264 q.
385 2235 426 2255 rn.
447 2224 602 2262 malaque
619 2223 652 2253 in
671 2232 724 2252 me
741 2222 830 2253 dicta
846 2221 988 2260 dixistis,
1014 2225 1137 2260 tamen,
1161 2220 1256 2251 credit
1273 2219 1412 2261 Seyffert
1429 2219 1530 2259 (Bm-l.

208 2267 293 2299 ΡΙιιἸ.
321 2267 427 2299 lVoch.
458 2269 506 2304 16,
529 2267 606 2305 284)
740 2275 803 2304 373
827 2265 928 2296 hodie
950 2275 1015 2295 om.
1042 2263 1076 2295 Ρ
1160 2264 1257 2294 mites
1289 2263 1323 2294 P
1343 2264 1385 2304 (T
1405 2269 1467 2304 pro
1491 2264 1531 2300 L)

208 2322 271 2351 374
294 2321 423 2343 summa
439 2311 486 2352 ei]
505 2319 656 2342 summae
673 2309 704 2340 P
861 2317 925 2348 375
949 2308 981 2338 id
999 2318 1066 2339 non
1084 2306 1209 2347 adfert]
1232 2308 1259 2337 is
1276 2316 1344 2338 non
1368 2307 1477 2339 aderit
1502 2307 1536 2337 P

207 2356 258 2386 vel
270 2356 371 2395 opino
474 2365 526 2385 me
544 2364 609 2385 om.
630 2352 663 2382 P
783 2353 847 2392 376
870 2362 969 2391 quom
990 2350 1330 2391 P(a11tiqzmsorma)
1420 2351 1530 2392 perdi-

207 2399 313 2431 derim
340 2399 373 2430 P
501 2407 563 2438 377
589 2397 654 2428 hoc
670 2396 813 2428 officium
830 2406 942 2426 meum
959 2399 1010 2426 est
1027 2395 1106 2434 mihi
1123 2404 1226 2435 opera
1241 2394 1268 2425 si
1286 2395 1329 2426 sit
1345 2395 1443 2469 Am*
