1783 2707
188 515 229 546 50

190 1154 231 1185 (20

665 128 711 165 T.
744 126 924 165 MACCI
956 125 1159 164 PLAVTI

252 239 320 276 Pv.
353 246 500 289 quanta
521 237 641 277 istaec
662 235 869 275 hominum
891 237 1111 274 summast?
1168 237 1244 273 AR.
1276 242 1426 285 septem
1449 233 1563 272 milia.

251 305 319 341 ΡΥ.
352 310 504 341 tantum
526 316 611 341 esse
633 309 797 353 oportet.
859 309 962 339 recte
984 300 1173 338 rationem
1198 307 1316 338 tenes.

250 369 327 405 AR.
360 375 398 406 at
420 369 546 405 nullos
569 367 697 405 habeo
719 366 909 416 scriptos:
941 364 995 403 sic
1018 364 1179 403 memini
1201 371 1345 402 tamen.

251 434 319 470 ΡΥ.
351 433 494 482 edepol
516 430 735 470 memoria’s
758 430 931 481 optuma.
990 432 1068 471 AR.
1101 430 1202 468 offae
1223 435 1396 468 monent.

251 499 319 535 Pv.
351 498 446 536 dum
468 498 543 535 tale
565 496 682 535 facies
704 498 818 547 quale
839 498 982 543 adhuc,
1005 495 1174 534 adsiduo
1194 496 1298 540 edes,
1599 508 1643 544 50

250 562 555 601 communicabo
576 576 730 613 semper
751 570 788 601 te
811 575 947 600 mensa
969 575 1065 600 mea.

251 631 326 666 AR.
360 628 455 679 quid
476 628 514 666 in
537 628 802 679 Cappadocia,
827 627 894 666 ubi
916 635 957 666 tu
979 626 1216 677 quingentos
1236 624 1364 673 simul,

250 693 288 731 ni
311 694 432 732 hebes
454 694 661 732 machaera
680 694 792 741 foret,
813 706 894 731 uno
915 692 994 730 ictu
1015 691 1248 730 occideras?
1353 699 1356 701 “

252 760 319 796 Ργ.
352 766 390 796 at
411 757 645 808 peditastelli
667 757 759 808 quia
780 765 900 804 erant,
925 756 998 795 siui
1019 756 1207 794 uiuerent.

251 826 326 861 AR.
360 823 454 873 quid
476 823 544 862 tibi
567 837 639 874 ego
660 823 804 870 dicam,
824 823 933 873 quod
954 835 1092 861 omnes
1114 821 1296 860 mortales
1317 819 1455 867 sciunt,
1596 827 1637 866 55

252 887 601 938 Pyrgopolynicem
623 895 661 927 te
683 901 804 926 unum
826 887 866 925 in
887 894 986 926 terra
1006 887 1139 925 uiuere

251 953 393 992 uirtute
414 960 451 992 et
473 954 598 992 forma
618 960 656 992 et
676 953 787 991 factis
809 951 1120 991 inuictissumis?

251 1027 385 1057 amant
406 1020 471 1058 ted
493 1032 632 1058 omnes
654 1018 835 1057 mulieres
857 1031 987 1068 neque
1009 1017 1158 1064 iniuria,

252 1084 318 1135 qui
340 1084 391 1123 sis
412 1093 491 1123 tam
512 1085 675 1135 pulcher
690 1098 700 1132 ,·
729 1085 792 1123 uel
813 1083 901 1122 illae
922 1082 1023 1134 quae'
1044 1084 1136 1121 here
1157 1082 1275 1133 pallio

252 1164 315 1189 me
336 1151 681 1201 reprehenderunt.
744 1151 812 1187 ΡΥ.
844 1148 940 1199 quid
962 1162 1031 1187 eae
1051 1148 1233 1187 dixerunt
1252 1147 1351 1186 tibi?
1599 1152 1646 1186 60

253 1217 328 1254 AR.
361 1215 581 1266 rogitabant
599 1230 605 1253 :
639 1214 790 1254 ‘hicine
812 1214 986 1253 Achilles
1008 1215 1116 1252 est?'
1146 1212 1272 1263 inquit
1292 1212 1398 1251 mihi.

255 1281 400 1320 ‘immo
421 1281 504 1321 eius
525 1282 660 1320 frater’
683 1281 844 1330 inquam
868 1281 972 1318 ‘est.’
1030 1278 1083 1317 ibi
1104 1278 1256 1317 illarum
1275 1279 1394 1316 altera

257 1352 368 1398 ‘ergo
390 1355 585 1387 mecastor
604 1348 769 1398 pulcher
789 1354 846 1385 est
860 1347 868 1363 '
889 1345 1016 1396 inquit
1037 1344 1133 1383 mihi

258 1417 317 1452 ‘et
337 1412 517 1452 liberalis.
576 1412 668 1451 uide
689 1411 878 1450 caesaries
900 1424 1017 1461 quam
1040 1411 1165 1449 decet.

220 1495 230 1501 ·
256 1492 305 1518 ne
326 1477 414 1517 illae
435 1484 526 1516 sunt
546 1478 765 1516 fortunatae
786 1489 887 1527 quae
908 1489 999 1514 cum
1020 1474 1095 1513 isto
1116 1475 1262 1513 cubant
1279 1475 1307 1512 !’
1600 1478 1642 1524 65

258 1545 324 1582 Pv.
357 1543 462 1581 itane
482 1542 616 1582 aibant
638 1543 828 1581 tandem?
885 1542 962 1579 AR.
996 1554 1124 1591 quaen
1153 1553 1216 1578 me
1242 1539 1382 1578 ambae
1407 1553 1582 1590 opsecra-

1457 1612 1583 1643 uerint

256 1682 297 1714 ut
318 1683 356 1714 te
377 1674 496 1714 hodie
517 1674 628 1725 quasi
649 1687 836 1725 pompam
859 1672 924 1711 illa
944 1672 1312 1723 praeterducerem?

258 1743 325 1778 ΡΥ.
358 1739 516 1778 nimiast
550 1739 705 1778 miseria
736 1738 843 1776 nimi'
875 1738 1083 1788 pulchrum
1117 1750 1201 1775 esse
1231 1735 1445 1775 hominem.
1504 1737 1580 1773 AR.
1606 1744 1608 1748 ’

1339 1800 1462 1839 immo
1482 1800 1581 1839 itast.

299 1911 341 1949 46
366 1909 438 1950 istic
455 1909 487 1940 A
639 1920 681 1950 49
705 1908 897 1940 memoriast
915 1907 947 1938 Ρ
1034 1911 1144 1938 monet
1170 1906 1202 1936 P
1330 1915 1372 1945 50
1396 1904 1527 1945 qualem
1555 1905 1588 1935 Ρ

259 1954 330 1985 edis
347 1953 380 1984 P
503 1963 544 1992 53
569 1953 732 1984 occideris
748 1951 782 1983 P
794 1953 870 1993 (pro
883 1962 953 1982 -res
964 1951 991 1991 2>
1140 1960 1181 1989 54
1206 1950 1337 1990 peditas
1353 1949 1423 1980 telu
1438 1948 1472 1979 Ρ
1555 1948 1583 1979 si

260 1998 416 2028 uiuerent
433 1997 466 2028 Ρ
603 2007 644 2036 57
670 1996 830 2027 uirtutem
848 1995 881 2025 Ρ
897 2001 989 2034 (corr.
1009 1994 1070 2026 Bo
1176 1993 1445 2024 inuictissumum
1463 1992 1589 2023 Ritschl

261 2042 303 2081 58
327 2046 360 2072 te
377 2040 464 2072 codd.
569 2040 721 2070 iniuriam
740 2041 771 2070 A
916 2048 957 2078 59
980 2038 1125 2078 quistam
1142 2037 1174 2067 Β
1191 2037 1252 2077 (iii.
1271 2038 1306 2077 3)
1323 2048 1329 2067 :
1347 2036 1403 2076 qui
1426 2046 1464 2066 es
1480 2040 1537 2066 tan
1550 2035 1581 2065 A

263 2087 359 2125 r3p1'o
374 2084 430 2124 qui
448 2084 514 2114 sies
533 2084 573 2123 t.)
701 2083 933 2124 pulcher[um]
954 2082 987 2112 Ρ
1003 2090 1078 2121 ςεεᾳ.
1098 2081 1153 2112 uel
1168 2091 1176 2120 ;
1200 2081 1242 2112 iv.
1258 2081 1291 2119 3}
1418 2079 1531 2110 hercle
1555 2078 1588 2108 P

262 2130 306 2159 60
330 2138 390 2158 eae
408 2127 553 2159 Ritsclzl:
577 2138 634 2158 ere
650 2127 692 2165 P,
708 2127 740 2158 A
762 2137 793 2157 n.
812 2126 831 2155 l.
853 2128 928 2166 (pro
943 2126 1024 2156 here
1037 2125 1065 2164 ἵ)
1175 2126 1215 2155 61
1241 2123 1291 2155 vel
1303 2123 1445 2154 Achillis
1464 2123 1584 2164 (nom.)

263 2170 369 2202 tibiP
502 2172 546 2202 62
570 2176 622 2202 est
650 2181 715 2201 om.
742 2170 775 2200 P
862 2169 920 2210 ibi]
949 2169 1032 2200 inuit
1053 2168 1085 2199 Ρ
1103 2169 1176 2209 (pro
1193 2167 1258 2204 iui3
1292 2167 1328 2208 cf.
1356 2177 1417 2206 104
1438 2166 1587 2197 interiuit

258 2221 318 2255 pro
335 2214 484 2256 interibi)
582 2217 624 2253 63
650 2214 810 2254 pulchere
827 2213 855 2243 si
873 2213 905 2244 P
920 2213 949 2254 (Ι
961 2218 1023 2254 pro
1039 2212 1080 2250 T)
1176 2214 1217 2250 64
1242 2211 1321 2242 uida
1337 2215 1371 2241 et
1388 2209 1545 2241 caesariis
1559 2208 1591 2239 Ρ

263 2260 305 2297 65
330 2259 386 2289 illo
412 2258 445 2288 A
537 2259 636 2289 cubat
658 2257 692 2288 P
713 2259 808 2297 (corr.
828 2256 890 2297 B2)
1024 2257 1067 2286 66
1091 2254 1219 2295 aibant]
1239 2265 1258 2285 a
1283 2254 1373 2285 leuat
1395 2253 1429 2283 Ρ
1447 2254 1545 2294 <1pro
1559 2254 1586 2292 j)

264 2302 392 2342 quaen]
422 2313 488 2341 que
514 2302 546 2332 P
646 2300 876 2332 obsecrauerit
907 2299 941 2330 P
1079 2301 1120 2337 67
1146 2298 1238 2329 illam
1269 2297 1356 2329 codd.
1394 2299 1486 2338 (corr.
1519 2296 1587 2335 32)

265 2347 565 2385 praeterducerent
582 2344 615 2374 A
749 2344 793 2375 68
815 2342 969 2384 nimiast]
989 2343 1087 2374 nimis
1103 2342 1136 2373 Ρ
1153 2344 1229 2382 (pro
1246 2341 1396 2381 nimist'3)
1487 2341 1587 2371 immo

265 2390 342 2420 itast
358 2399 422 2420 om.
445 2389 477 2419 Ρ
