1783 2707
183 136 213 174 I.
235 135 264 172 ii
639 132 683 169 T.
718 129 898 170 MACCI
931 128 1133 166 PLAVTI

236 243 447 288 exorando,
469 242 576 280 haud
596 239 848 280 aduorsando
869 237 1103 276 sumendam
1126 247 1285 285 operam
1305 246 1474 273 censeo:
1581 243 1627 278 70

205 331 208 333 Δ
237 308 399 359 gratiam
421 321 488 358 per
508 306 539 345 si
560 305 742 357 petimus,
766 317 879 354 spero
900 304 950 341 ab
972 316 1019 341 eo
1042 303 1312 352 impetrassere
1327 315 1337 348 3

183 388 217 418 15
238 372 439 413 aduorsari
461 372 544 410 sine
565 372 761 410 dedecore
782 377 819 408 et
840 370 986 407 scelere
1008 379 1164 406 summo
1185 367 1262 404 hau
1283 356 1504 416 possumus,

241 452 370 489 neque
406 437 591 488 equidem
627 436 667 475 id
702 437 850 474 factura
884 447 1013 484 neque
1053 440 1093 470 tu
1129 439 1171 470 ut
1206 430 1322 470 facias
1357 429 1566 469 consilium

1447 494 1563 540 dabo,

241 582 377 608 uerum
399 575 440 606 ut
461 580 676 606 exoremus.
737 564 831 604 noui
852 577 925 614 ego
946 571 1100 601 nostros
1118 577 1125 599 2
1160 560 1405 600 exorabilest.

241 637 318 673 AN.
352 632 588 685 principium
616 645 688 682 ego
717 644 795 681 quo
822 637 939 681 pacto
960 642 1051 668 cum
1072 627 1146 666 illis
1168 626 1372 676 occipiam,
1396 625 1437 664 id
1457 624 1569 662 ratio·
1587 634 1629 670 75

1436 689 1568 728 cinor:

243 772 373 803 utrum
394 777 467 813 ego
488 761 702 813 perplexim
723 762 913 800 lacessam
935 758 1112 798 oratione
1133 759 1183 797 ad
1204 759 1310 795 hunc
1338 756 1512 802 modum,

186 844 224 866 20
243 829 355 881 quasi
381 842 599 879 numquam
627 826 840 878 quicquam
867 827 968 864 adeo
995 823 1241 870 adsimulem,
1271 836 1321 861 an
1343 820 1453 872 quasi
1475 819 1571 870 quid

1281 884 1571 926 indaudiuerim

244 974 308 1000 eas
330 959 369 998 in
391 973 432 999 se
453 958 640 998 meruisse
661 958 818 1008 culpam
839 971 845 994 :
876 969 926 994 an
948 954 1078 1006 potius
1100 961 1290 1005 temptem
1312 951 1452 992 leniter

243 1040 294 1064 an
315 1025 527 1064 minaciter.
588 1023 668 1063 scio
689 1022 766 1061 litis
787 1023 868 1060 fore
889 1021 979 1072 (ego
1000 1034 1108 1059 meas
1129 1019 1223 1058 noui
1244 1018 1424 1069 optume)

245 1092 276 1131 si
297 1104 454 1130 manere
476 1089 539 1128 hic
561 1102 646 1128 sese
667 1087 803 1126 malint
823 1086 954 1137 potius
975 1099 1094 1136 quam
1115 1084 1193 1123 alio
1213 1084 1373 1123 nubere.
1593 1083 1639 1118 80

246 1171 327 1196 non
348 1156 500 1195 faciam.
560 1153 656 1205 quid
678 1152 774 1191 mihi
795 1159 911 1203 opust
926 1152 1093 1190 decurso
1115 1149 1252 1189 aetatis
1270 1148 1396 1199 spatio
1413 1161 1503 1187 cum
1519 1146 1575 1186 eis

189 1238 227 1271 25
247 1235 378 1273 gerere
406 1222 565 1266 bellurn,
589 1232 710 1269 quom
739 1217 793 1256 nil
821 1230 940 1268 quam
971 1216 1022 1255 ob
1053 1229 1134 1254 rem
1162 1214 1202 1253 id
1223 1213 1364 1253 faciam
1389 1212 1577 1252 meruisse

1381 1278 1545 1318 arbitror
1561 1279 1578 1316 ?

248 1352 422 1399 minime,
445 1352 538 1390 nolo
560 1351 703 1397 turbas,
727 1350 797 1388 sed
818 1349 894 1386 hoc
916 1346 1011 1385 mihi
1033 1354 1241 1397 optumum
1263 1347 1367 1385 factu
1387 1344 1551 1384 arbitror
1570 1358 1577 1381 :

249 1419 304 1458 sic
334 1417 473 1457 faciam
494 1415 780 1470 :adsimulabo
808 1412 919 1464 quasi
944 1426 1064 1463 quam
1093 1414 1248 1462 culpam
1276 1411 1316 1449 in
1344 1424 1428 1450 sese
1457 1408 1579 1448 admi-

1446 1481 1574 1514 serint.

249 1548 561 1602 perplexabiliter
581 1560 714 1586 earum
737 1544 856 1584 hodie
877 1542 1191 1594 perpauefaciam
1212 1550 1395 1594 pectora3
1597 1545 1640 1588 85

249 1614 382 1668 postid
413 1627 525 1664 agam
557 1612 671 1663 igitur
707 1610 853 1651 deinde
888 1618 930 1648 ut
970 1609 1126 1648 animus
1166 1622 1277 1647 meus
1315 1607 1397 1655 erit,
1437 1605 1577 1645 faciam

1436 1673 1576 1724 palam.

193 1762 234 1794 30
254 1748 376 1785 multa
401 1744 482 1784 scio
502 1744 686 1782 faciunda
707 1743 837 1782 uerba.
898 1742 964 1781 ibo
987 1741 1099 1780 intro.
1160 1742 1230 1780 sed
1250 1747 1419 1791 apertast
1439 1737 1541 1777 foris.
1589 1748 1591 1752 ’

255 1815 358 1851 PAM.
410 1817 516 1850 certo
564 1809 669 1848 enim
732 1808 828 1847 mihi
892 1816 1076 1859 paternae
1125 1806 1234 1846 uocis
1283 1805 1433 1845 sonitus
1479 1802 1582 1846 auris

1427 1869 1581 1909 accidit.

300 1982 406 2021 70—83
439 1982 482 2011 sic
514 1981 645 2012 collocat
669 1981 708 2019 P,
735 1981 831 2020 80-3‚
862 1990 957 2020 75—9‚
986 1989 1069 2019 70-4
1221 1988 1257 2017 71
1283 1976 1361 2018 per]
1392 1987 1410 2007 a
1439 1980 1534 2016 patre
1555 1974 1588 2005 P

256 2026 328 2065 (vii,
349 2035 380 2065 p.
398 2026 478 2064 99):
506 2035 568 2064 per
588 2025 808 2066 postpositum
828 2024 879 2064 (cf
902 2023 1099 2064 parumperl
1125 2025 1235 2053 tuetur
1255 2021 1320 2052 Leo
1339 2019 1472 2060 (Naclzr.
1497 2018 1580 2050 Gott.

258 2068 329 2100 Ges.
354 2070 446 2108 1895,
467 2079 496 2108 p.
515 2069 593 2108 418)
686 2069 831 2108 petimus
850 2079 893 2098 cm
907 2071 1061 2108 petemus
1073 2066 1176 2096 incerl.
1196 2065 1228 2095 A
1353 2075 1392 2103 72
1408 2062 1583 2094 aduorsari

256 2113 348 2155 sine]
367 2113 569 2143 aduersariis
587 2113 619 2143 in
637 2113 669 2143 P
805 2121 845 2151 73
870 2112 1026 2151 equidem
1045 2111 1076 2141 id
1095 2109 1223 2140 factura
1248 2109 1352 2140 Brix:
1380 2107 1536 2147 equidem
1555 2107 1583 2137 is

257 2156 282 2198 (3
297 2159 350 2195 es)
368 2157 497 2188 factura
514 2156 546 2186 A
565 2168 572 2188 :
600 2167 663 2196 egr)
682 2156 810 2188 factura
827 2166 900 2186 sum
925 2155 957 2186 P
973 2156 1068 2195 (2pro
1082 2165 1110 2184 e.
1127 2153 1148 2184 f.
1161 2152 1236 2194 (id)
1252 2152 1342 2188 sum)
1425 2150 1476 2192 tu]
1496 2154 1530 2181 te
1546 2149 1580 2180 A

258 2211 298 2240 75
322 2211 397 2232 cum
415 2201 495 2242 illis]
516 2200 562 2231 illi
580 2201 611 2231 A
633 2203 715 2240 (pro
734 2200 800 2230 illic
815 2201 839 2231 Ἡ,
858 2210 865 2229 :
889 2209 963 2229 cum
982 2198 1010 2228 is
1027 2198 1070 2228 illi
1088 2196 1200 2228 Haut
1217 2196 1309 2228 tRev.
1330 2195 1415 2226 Plzil.
1434 2195 1485 2233 28,
1505 2195 1583 2233 271)

258 2246 299 2284 76
330 2245 517 2276 orationem
542 2244 606 2276 cod.
636 2243 781 2276 Charisii
803 2252 877 2282 213,
905 2241 992 2273 codd.
1019 2241 1122 2272 Nom'i
1143 2250 1206 2280 515
1340 2249 1378 2278 77
1409 2249 1441 2278 q.
1467 2238 1500 2268 in
1527 2247 1584 2268 eas

257 2289 408 2320 simulem
428 2289 461 2319 P
547 2299 590 2319 an
608 2288 704 2327 quasi
722 2287 818 2329 quid]
837 2286 930 2326 qnasi
947 2286 1030 2316 nihil
1050 2285 1083 2316 P
1238 2293 1277 2322 79
1300 2283 1378 2313 litus
1396 2281 1527 2322 (vitiis)
1547 2280 1580 2310 A

257 2333 294 2363 81
322 2333 372 2364 vel
387 2333 430 2363 mi
499 2333 581 2363 meis
598 2331 730 2363 Lomcm
848 2332 890 2361 82
913 2329 1031 2370 quom]
1050 2339 1149 2369 quam
1166 2327 1199 2358 A
1269 2327 1301 2357 id
1315 2337 1381 2357 om.
1393 2325 1426 2356 P
1541 2326 1583 2363 84

257 2376 470 2407 adsemulabo
489 2377 522 2407 Β
654 2385 752 2415 quam
780 2374 927 2405 Ritschl:
959 2383 1059 2412 quom
1080 2372 1113 2402 A
1130 2385 1135 2403 :
1170 2371 1312 2410 aliquam
1334 2369 1368 2401 P
1495 2379 1533 2400 se
1549 2368 1582 2398 A

257 2421 300 2451 86
323 2431 436 2451 versus
459 2420 515 2450 vix
526 2418 687 2459 serendus
791 2423 866 2458 post
887 2417 919 2449 id
941 2417 960 2449 i.
982 2415 1054 2455 (del.
1074 2416 1187 2455 agam)
1208 2413 1335 2445 Rz'tsclzl
1350 2425 1357 2444 ε
1389 2413 1542 2453 postidea
1561 2412 1580 2442 i.

257 2464 366 2505 Bergk
382 2475 426 2495 an
443 2462 524 2506 (ut)
548 2463 591 2495 f.2
693 2467 802 2502 patam
820 2461 854 2492 P
982 2462 1022 2499 87
1047 2459 1160 2499 mulpa
1177 2458 1209 2488 A

977 2518 999 2529 l
