1731 2713
663 450 1042 500 PROLOGVS

700 585 999 622 ARCTvRvs

295 671 375 721 Qui
394 671 519 722 gentis
540 670 668 710 omnis
689 671 888 722 mariaque
909 680 947 711 et
968 679 1085 711 terras
1107 679 1254 720 mouet,

294 736 390 774 eiius
411 749 496 774 sum
519 736 614 775 ciuis
636 736 793 776 ciuitate
814 737 1009 776 caelitum.

293 800 345 839 ita
366 815 450 839 sum
473 810 514 839 ut
535 801 676 840 uidetis
698 803 909 852 splendens
931 804 1041 841 stella
1061 802 1243 850 eandida,

293 867 446 917 signum
468 868 575 917 quod
598 880 751 917 semper
771 875 947 918 tempore
969 868 1137 907 exoritur
1157 882 1228 907 suo

293 932 355 970 hie
372 940 489 982 atque
511 932 549 970 in
571 934 703 971 eaelo:
735 947 881 972 nomen
902 936 1070 972 Arcturo
1090 941 1148 972 est
1170 933 1275 972 mihi.
1534 950 1552 982 5

291 1006 410 1036 noctu
432 1012 518 1036 sum
540 998 577 1035 in
601 1000 710 1037 caelo
731 1000 856 1038 clarus
877 1007 994 1050 atque
1016 998 1114 1038 inter
1134 1000 1244 1047 deOS,

291 1063 389 1102 inter
410 1063 582 1102 mortalis
602 1065 764 1103 ambulo
791 1064 794 1115 Ι
822 1065 1020 1104 interdius.

290 1137 328 1169 et
347 1130 422 1168 alia
442 1130 552 1180 signa
572 1131 622 1169 de
644 1132 754 1169 caelo
775 1132 826 1169 ad
848 1138 986 1170 terram
1007 1131 1194 1170 'accidunt
1212 1147 1219 1171 ε

290 1195 358 1246 qui
378 1204 436 1234 est
457 1195 666 1246 imperator
688 1196 824 1235 diuom
845 1204 963 1247 atque
984 1196 1190 1235 hominum
1213 1196 1400 1247 Iuppiter,

124 1273 165 1299 10
291 1261 321 1300 is
342 1275 414 1301 nos
434 1276 502 1312 per
521 1261 647 1312 gentis
667 1262 764 1301 alios
785 1261 860 1301 alia
879 1262 1051 1313 disparat
1536 1272 1573 1295 ¹0

290 1327 357 1378 qui
379 1329 479 1366 facta
499 1327 706 1366 hominum
732 1341 951 1378 moresque,
975 1327 1160 1378 pietatem
1181 1335 1219 1365 et
1241 1328 1360 1366 fidem

289 1406 512 1442 noscamus,
532 1401 574 1432 ut
595 1407 794 1444 quemque
814 1393 976 1432 adiuuet
996 1393 1207 1443 opulentia.

287 1458 355 1509 qui
375 1459 489 1498 falsas
510 1458 586 1498 litis
607 1458 712 1497 falsis
733 1458 968 1497 testimoniis

287 1532 426 1574 petunt
446 1524 593 1575 quique
614 1524 653 1563 in
674 1524 756 1563 iure
776 1524 957 1563 abiurant
977 1524 1197 1575 pecuniam,

119 1600 158 1637 15
286 1601 422 1628 eorum
443 1590 643 1629 referimus
664 1590 828 1629 nomina
848 1589 1039 1640 exscripta
1058 1590 1109 1628 ad
1131 1591 1269 1628 Iouem
1286 1603 1295 1637 5
1531 1605 1568 1638 15

287 1655 448 1694 cottidie
468 1656 532 1694 ille
553 1656 624 1695 scit
645 1656 731 1706 quis
753 1656 817 1695 hie
838 1663 998 1706 quaerat
1019 1656 1165 1693 malum
1183 1670 1190 1694 :

285 1720 352 1771 qui
373 1721 436 1760 hie
457 1721 563 1760 litem
584 1721 706 1773 apisci
726 1723 927 1772 postulant
947 1720 1112 1771 peiiurio

284 1787 385 1835 mali,
409 1801 468 1827 res
488 1789 603 1828 falsas
624 1788 691 1839 qui
713 1788 923 1840 impetrant
942 1789 1049 1838 apud
1070 1786 1252 1835 iudicem,

283 1851 422 1891 iterum
443 1853 508 1893 ille
528 1868 614 1893 eam
636 1868 716 1893 rem
740 1854 951 1893 iudicatam
974 1853 1121 1893 iudicat
1136 1868 1147 1901 3

112 1930 159 1955 20
285 1917 430 1957 maiore
452 1921 573 1958 multa
594 1921 732 1958 multat
753 1933 872 1970 quam
893 1919 1000 1958 litem
1021 1920 1213 1958 auferunt.
1524 1929 1566 1953 20

283 1982 411 2023 bonos
431 1983 470 2021 in
490 1984 575 2022 aliis
596 1984 738 2023 tabulis
760 1984 973 2035 exscriptos
994 1985 1123 2023 habet.

279 2054 398 2098 atque
419 2049 494 2087 hoc
516 2049 669 2088 scelesti
695 2049 699 2100 Ι
726 2048 766 2087 in
787 2049 963 2088 animum
985 2048 1180 2088 inducunt
1200 2062 1326 2096 suom,

283 2113 421 2150 Iouem
443 2114 483 2152 se
504 2115 656 2163 placare
677 2127 792 2163 posse
813 2113 940 2161 donis,
964 2113 1101 2152 hostiis
1119 2129 1125 2152 :
1268 2103 1273 2108 ’

218 2225 237 2245 2
261 2215 346 2246 ciuis
365 2216 429 2256 (R)
453 2217 502 2248 vel
524 2218 619 2248 cuius
644 2217 746 2257 (PCD)
771 2217 837 2249 cod.
1012 2229 1028 2257 7
1053 2217 1151 2260 (hic)
1176 2217 1340 2249 interdius
1364 2216 1506 2258 Spengel

174 2260 194 2289 8
217 2259 284 2292 secl.
314 2259 475 2291 Dziatzko
620 2271 659 2291 10
683 2261 768 2292 alius
794 2260 860 2292 cod.
891 2261 924 2300 (i.
941 2273 964 2292 e.
993 2262 1096 2293 alios?
1124 2262 1144 2292 i.
1172 2263 1232 2301 3):
1256 2261 1345 2292 aliud
1369 2261 1503 2302 Seyffirt

177 2311 211 2333 11
238 2313 304 2342 que
330 2313 396 2334 om.
429 2304 502 2335 PBC
650 2314 756 2344 ρετ-37
781 2305 874 2335 initia
900 2309 1029 2335 servata
1060 2306 1092 2335 A
1243 2316 1283 2336 22
1308 2303 1379 2347 (si)
1410 2304 1443 2335 in
1469 2316 1497 2336 a.

174 2345 391 2420 MuelleprzAsi
416 2358 445 2420 al.
471 2346 620 2378 Sclzoell:
653 2348 708 2387 qui
725 2359 754 2379 a.
778 2347 842 2379 Leo
861 2348 909 2389 (A
929 2358 959 2379 n.
980 2348 1018 2388 l.)
1110 2349 1271 2380 inducunt
1287 2348 1361 2379 Ital.
1382 2359 1388 2379 :
1413 2348 1496 2378 indi-

174 2395 253 2420 cunt
301 2415 307 2422 .
379 2401 410 2421 n.
442 2414 450 2421 .
