1731 2713
586 133 996 173 TRVCVLENTVS
1414 126 1480 162 lv.
1505 127 1552 161 iv

155 252 328 302 cogitato
351 264 436 288 mus
457 247 619 299 pusillus
640 258 758 296 quam
781 243 828 282 sit
850 242 1004 293 sapiens
1026 240 1160 286 bestia,
1507 247 1544 278 15

159 325 326 356 aetatem
347 315 413 366 qui
435 328 514 353 non
536 311 654 352 cubili
673 308 778 362 (uni)
797 321 984 358 umquam
1007 304 1216 345 committit
1238 317 1359 349 suam,

74 392 142 431 870
160 382 262 432 quia,
285 381 315 420 si
338 393 460 419 unum
481 378 624 417 ostium
647 375 883 427 opsideatur‚
906 372 1011 411 aliud
1034 369 1251 422 perfugium
1274 367 1428 419 i‘gerit†.

164 450 228 486 D1.
284 446 406 485 otium
449 444 515 483 ubi
551 442 631 490 erit,
674 443 723 481 de
758 440 839 479 istis
879 439 994 478 rebus
1034 445 1117 475 tum
1156 434 1324 485 amplius
1359 440 1489 472 tecum

1341 501 1488 548 loquar.

163 590 268 616 nune
288 589 453 626 puerum
474 575 605 614 redde.
667 575 741 611 Pru
773 571 895 610 immo
915 569 1058 608 amabo
1079 574 1120 606 ut
1141 567 1214 605 hos
1234 564 1318 604 dies
1339 562 1491 613 aliquos

1388 640 1492 666 Sinas

163 721 253 746 eum
274 701 362 746 esse*
379 706 485 757 apud
511 718 583 743 me.
648 705 710 742 D1.
744 702 915 741 minime.
978 702 1051 738 PH.
1083 697 1237 737 amabo.
1299 697 1364 733 D1.
1396 692 1493 744 quid
1515 704 1553 727 20

739 766 823 820 (eo)
842 767 987 818 opust?
1046 766 1118 802 PH.
1152 763 1191 801 in
1212 774 1293 800 rem
1315 765 1491 798 meamst.

166 838 336 877 triduom
358 839 434 875 hoc
455 837 602 882 saltem,
627 836 722 874 dum
745 833 856 872 miles
875 831 1008 882 aliquo
1030 826 1344 873 circumducitur,

77 909 119 950 87
127 915 142 952 5
166 903 249 942 sine
277 917 339 942 me
368 902 511 941 habere
531 917 537 939 :
577 899 773 951 siquidem
798 898 966 944 habebo,
990 895 1061 934 tibi
1085 907 1244 945 quoque
1272 891 1388 931 etiam
1411 904 1494 940 pro-

1369 955 1466 995 derit
1485 969 1495 1003 3

165 1034 196 1073 si
216 1034 366 1073 auferes
388 1029 599 1085 [puerum]‚
622 1044 645 1070 a
666 1029 787 1068 milite
808 1027 936 1068 omnis
959 1023 1078 1080 [tum]
1102 1024 1196 1063 mihi
1217 1037 1304 1074 spes
1321 1021 1494 1060 animam

1283 1085 1492 1127 ecflauerit.

167 1168 232 1204 Di.
264 1166 409 1203 factum
431 1163 559 1214 cupio,
583 1175 672 1200 nam
696 1162 864 1200 refacere
885 1159 916 1197 si
937 1157 1070 1205 uelim,
1091 1170 1171 1195 non
1193 1162 1251 1194 est
1271 1156 1380 1192 locus
1396 1166 1406 1199 ;

165 1243 271 1268 nunc
292 1242 414 1280 puero
435 1236 543 1267 utere
564 1235 601 1267 et
622 1239 798 1278 procura,
821 1225 983 1275 quando
1004 1236 1074 1274 pro
1095 1235 1187 1261 cura
1206 1233 1272 1259 aes
1293 1219 1425 1257 habes.
1517 1227 1555 1260 25

166 1297 240 1334 PH.
273 1296 440 1334 multum
469 1307 561 1332 amo
595 1300 633 1332 te
667 1292 719 1332 ob
753 1291 867 1330 istam
901 1303 983 1329 rem
1023 1294 1225 1327 mecastor.
1284 1284 1351 1324 ubi
1387 1281 1497 1323 domi

1163 1359 1314 1390 metues
1336 1350 1494 1395 malum,

81 1432 151 1466 880
169 1425 291 1476 fugito
311 1426 389 1464 huc
409 1426 459 1463 ad
482 1438 544 1463 me
561 1439 567 1462 :
599 1424 736 1462 saltem
757 1421 907 1461 amicus
929 1420 982 1459 mi
1002 1427 1086 1458 esto
1107 1415 1387 1456 manubiarius.

171 1492 237 1528 D1.
269 1490 370 1528 bene
400 1491 497 1536 uale,
528 1487 798 1527 Phronesium.
859 1488 932 1524 PH.
965 1485 1042 1523 iam
1070 1481 1170 1535 (me)
1198 1489 1308 1521 tuom
1337 1481 1497 1519 oculum

1212 1545 1329 1599 (non)
1348 1559 1466 1585 uocas
1482 1547 1499 1584 ?

170 1622 235 1659 Di.
268 1620 307 1659 id
329 1633 487 1671 quoque
508 1618 702 1658 interatim
723 1617 855 1656 furtim
877 1629 1023 1656 nomen
1044 1611 1428 1654 commemorabitur.

213 1727 277 1757 868
302 1725 410 1758 uestia
427 1725 491 1756 cod.
629 1726 694 1764 869
717 1723 799 1763 quin
817 1722 996 1754 ocubilium
1009 1731 1108 1761 quam
1122 1719 1187 1751 cod.
1207 1731 1214 1750 ε
1237 1728 1316 1750 corr.
1330 1716 1503 1749 Buecheler

169 1780 266 1801 suum
282 1769 348 1801 cod.
370 1770 419 1809 [cſs
442 1768 489 1799 ad
508 1768 594 1800 Tn'n.
618 1769 716 1809 1090)
850 1768 916 1805 870
938 1766 1018 1806 quin
1036 1764 1139 1795 Bothe
1228 1762 1348 1793 ostium
1365 1761 1504 1792 Mueller

170 1813 303 1853 gHam.
322 1823 375 1852 34,
393 1816 472 1852 335)
490 1824 496 1843 τ
521 1812 633 1843 odium
647 1812 697 1842 B:
724 1822 790 1842 om.
812 1810 886 1841 ΡΟ)
903 1810 1030 1851 (etsort.
1049 1807 1115 1839 cod.
1134 1818 1141 1846 ;
1166 1807 1203 1848 cf
1225 1816 1252 1838 v.
1272 1805 1349 1846 871)
1441 1805 1499 1835 ob-

169 1857 309 1888 sidiatur
325 1855 391 1888 cod.
456 1856 555 1887 alium
573 1855 638 1886 cod.
711 1866 741 1895 q.
760 1855 787 1886 si
805 1865 836 1885 u.
854 1864 907 1893 op.
931 1853 1021 1884 aliud
1039 1850 1148 1895 (iam)
1165 1861 1197 1891 p.
1214 1848 1399 1892 (e1e>gerit
1416 1848 1499 1880 Leo:

160 1901 242 1941 sort.
260 1900 302 1932 al.
316 1911 348 1940 p.
363 1900 393 1930 ci
407 1900 470 1930 erit
558 1901 619 1939 871
645 1899 757 1930 odium
771 1897 837 1930 cod.
919 1898 981 1935 872
1003 1896 1122 1927 amabo
1140 1894 1243 1925 Bothe
1253 1896 1328 1934 post
1344 1892 1500 1924 Camera-

173 1945 261 1974 rium
277 1955 284 1975 ι
309 1944 372 1974 iam
384 1943 446 1974 abo
471 1942 536 1973 cod.
560 1943 639 1983 (iam
656 1943 731 1973 abio
748 1942 838 1981 PCD)
945 1942 1006 1979 873
1031 1939 1111 1980 quid
1125 1948 1210 1978 opus
1228 1938 1300 1968 iure
1317 1946 1392 1968 mea
1409 1935 1475 1967 cod.
1494 1947 1501 1966 z

172 1999 253 2018 corr.
266 1986 488 2024 Slccdemmtd,
504 1986 726 2025 Camerarius,
741 1985 852 2024 Bothe,
867 1983 1056 2014 Lambinus
1143 1984 1206 2021 874
1224 1981 1341 2012 saltem
1353 1978 1502 2023 (unum)

174 2030 311 2062 Mueller
409 2030 520 2069 aliquo
537 2030 624 2061 milis
639 2029 704 2061 cod.
726 2041 733 2060 :
764 2029 835 2060 [ναί.
854 2028 958 2059 Bothe
976 2027 1022 2069 (ii.
1046 2027 1077 2067 Ι)
1094 2037 1099 2056 ;
1125 2025 1214 2068 (mi)
1231 2026 1272 2056 al.
1290 2024 1359 2055 mil.
1376 2022 1505 2055 Sclzoell

172 2074 273 2113 aliqui
299 2073 460 2114 Spengel:
474 2073 556 2112 sort.
580 2069 691 2113 aliqua
823 2073 888 2111 875
912 2071 952 2102 In
975 2081 1049 2102 eam
1070 2080 1139 2101 rem
1165 2069 1277 2108 siquid
1298 2067 1387 2099 cod.:
1421 2077 1500 2098 corr.

172 2117 345 2148 Buecheler
360 2117 411 2156 <esi
432 2116 479 2147 acl
493 2116 579 2148 Meu.
600 2118 678 2156 452)
811 2117 876 2154 876
899 2124 1041 2155 puerum
1059 2113 1115 2144 del.
1140 2112 1275 2144 Guietns
1356 2115 1424 2141 tum
1441 2109 1498 2141 del.

174 2160 312 2191 *Mueller
375 2160 517 2191 animam
535 2159 664 2190 Merula
681 2171 688 2191 :
712 2159 824 2190 anima
840 2158 904 2190 cod.
1006 2159 1068 2196 877
1094 2157 1250 2188 nefacere
1267 2154 1341 2186 Ital.
1438 2155 1502 2192 878

174 2214 235 2242 pro
258 2214 338 2235 cura
362 2214 420 2234 aes
444 2203 589 2234 Schoell:
622 2213 782 2243 procures
807 2202 896 2233 cod.:
930 2211 1018 2241 quor
1036 2211 1134 2232 cures
1149 2199 1215 2230 Leo
1337 2200 1402 2237 879
1425 2207 1501 2228 amo

174 2247 277 2278 Bothe
291 2258 298 2277 x
321 2247 439 2278 amabo
456 2246 519 2278 cod.
625 2248 689 2278 880
714 2245 966 2277 manubinarius
981 2244 1047 2276 cod.
1064 2257 1070 2276 :
1094 2254 1137 2275 au
1152 2243 1338 2274 mutuarius
1357 2241 1476 2280 &mit-1
1491 2241 1501 2271 ἕ

173 2292 234 2321 881
270 2301 322 2321 me
344 2294 372 2320 ct
396 2301 460 2321 non
490 2290 565 2322 add.
598 2290 809 2321 Camerarius
897 2294 990 2319 tuum
1017 2287 1114 2319 Itan:
1147 2293 1215 2317 tum
1236 2285 1300 2317 cml.
1437 2285 1501 2314 882

175 2333 342 2381 interatim
371 2334 481 2364 furtim
507 2333 640 2374 scripsi:
676 2333 809 2364 interim
835 2332 960 2364 futatim
986 2331 1050 2362 cod.
1078 2331 1127 2371 (ii,
1154 2340 1186 2370 p.
1211 2330 1291 2369 38):
1324 2329 1343 2359 i.
1369 2328 1501 2358 l'uratini

172 2375 307 2418 Ltpsz‘us
396 2378 718 2408 cummemorauiter
734 2376 798 2408 cod.
817 2388 824 2407 :
849 2387 926 2408 corr.
950 2374 1163 2407 Camerarius
