1731 2713
733 85 973 125 STICHVS
1436 91 1505 128 IV.
1525 91 1541 129 i

184 194 321 236 itidem
340 195 456 234 amici
477 197 783 236 conlabascunt:
814 211 873 236 res
893 198 1042 237 amicos
1064 198 1224 238 inuenit.

186 261 254 298 ΕΡ.
287 259 364 298 iarn
386 263 514 300 redeo.
574 261 731 300 nimiast
751 264 944 313 uoluptas,
969 264 1036 302 ubi
1059 263 1125 303 diu
1146 265 1287 304 afueris
1308 266 1440 314 domo,

183 325 347 363 domum
370 325 436 363 ubi
458 326 626 373 redieris,
650 326 681 364 si
702 326 772 365 tibi
794 329 936 365 nullast
957 328 1161 378 aegritudo
1181 329 1314 368 animo
1336 330 1507 370 obuiam.
1532 346 1572 368 20

95 400 160 437 525
182 402 274 427 nam
296 389 347 428 ita
369 403 431 428 me
450 399 613 439 apsente
634 391 863 430 familiarem
886 405 967 430 rem
989 406 1085 431 uxor
1105 394 1254 432 curauit
1276 408 1415 443 meam,

181 455 359 494 omnium
381 469 444 495 me
464 455 603 494 exilem
624 464 742 507 atque
763 457 921 496 inanem
942 458 1033 496 fecit
1053 459 1352 509 aegritudinum.

180 521 250 559 sed
271 534 408 559 eccum
430 522 584 560 fratrem
608 522 940 573 Pamphilippum,
964 523 1111 562 incedit
1132 538 1221 562 cum
1244 538 1380 564 socero
1401 539 1482 565 suo.

181 586 284 624 PAM.
317 585 414 635 quid
433 585 568 636 agitur,
594 586 848 637 Epignome?
906 589 976 626 ΕΡ.
1000 588 1095 639 quid
1117 591 1187 627 tu?
1216 603 1335 640 quarn
1356 592 1508 630 dudum

1130 654 1170 692 in
1191 662 1347 705 portum
1370 656 1510 695 uenis?

180 717 284 754 PAM.
317 717 394 755 huc
415 716 656 767 longissume
676 716 843 769 postilla.
905 720 975 757 ΕΡ.
1008 718 1084 775 iarn
1107 719 1178 758 iste
1198 728 1256 759 est
1277 721 1508 772 tranquillus
1530 737 1568 769 25

1407 786 1508 825 tibi?

92 859 159 896 530
178 848 257 886 AN.
290 846 402 897 magi’
424 860 542 898 quam
570 861 677 888 mare
703 862 783 900 quo
809 849 930 888 ambo
951 849 1043 889 estis
1064 849 1178 889 uecti.
1239 853 1309 890 ΕΡ.
1340 852 1434 891 facis
1465 860 1508 891 ut

1196 916 1289 954 alias
1311 930 1370 955 res
1391 919 1503 957 soles.

176 977 323 1017 hodien
345 992 602 1018 exoneramus
623 992 778 1027 nauem,
801 980 948 1018 frater?
1005 981 1110 1018 PAM.
1142 982 1356 1020 clementer
1375 984 1478 1022 uolo.

175 1057 247 1082 nos
268 1044 398 1094 potius
419 1058 627 1083 oneremus
648 1052 804 1083 nosmet
824 1044 1040 1083 uicissatim
1061 1046 1340 1096 uoluptatibus.

174 1122 292 1160 quam
314 1123 406 1148 mox
425 1118 574 1148 coctast
595 1112 724 1149 cena?
753 1109 960 1161 inpransus
981 1124 1053 1161 ego
1074 1124 1173 1150 sum.
1224 1114 1293 1151 ΕΡ.
1317 1112 1382 1151 abi
1402 1112 1505 1152 intro

1186 1178 1238 1215 ad
1260 1191 1322 1216 me
1343 1185 1382 1216 et
1402 1179 1501 1217 laua.

173 1241 278 1280 PAM.
311 1241 408 1280 deos
438 1241 649 1280 salutatum
678 1248 797 1292 atque
831 1254 994 1280 uxorem
1029 1242 1151 1281 modo
1184 1241 1286 1281 intro
1317 1244 1504 1283 deuortor
1524 1260 1565 1292 30

1310 1309 1475 1347 domurn
1493 1323 1505 1359 ,-

85 1381 101 1418 5
107 1383 126 1418 3
132 1381 148 1418 5
171 1371 268 1409 haec
289 1370 320 1410 si
340 1370 394 1410 ita
413 1378 456 1410 ut
476 1372 569 1410 uolo
589 1370 770 1419 conficio,
793 1371 984 1410 continuo
1004 1372 1056 1410 ad
1076 1378 1114 1411 te
1135 1379 1302 1412 transeo.

171 1437 241 1474 ΕΡ.
273 1437 379 1486 apud
400 1449 472 1475 nos
493 1435 670 1475 eccillam
691 1436 849 1475 festinat
870 1450 961 1475 cum
982 1450 1113 1476 sorore
1134 1451 1231 1477 uxor
1250 1445 1327 1477 tua.

170 1502 275 1540 PAM.
308 1509 517 1552 optumest‚
541 1501 618 1540 iarn
639 1501 738 1541 istoc
759 1501 882 1541 morai
910 1501 1040 1541 minus
1062 1502 1142 1542 erit.
1202 1502 1280 1541 iarn
1302 1517 1374 1554 ego
1394 1505 1502 1555 apud

1362 1576 1401 1608 te
1421 1583 1498 1609 ero.

169 1633 247 1671 AN.
280 1631 377 1683 priu'
409 1645 527 1683 quam
556 1632 652 1680 abis,
684 1640 890 1684 praesente
919 1634 986 1673 ted
1018 1632 1110 1672 huic
1143 1634 1357 1684 apologum
1385 1647 1500 1684 agere
1556 1660 1567 1673 ,.

1243 1713 1367 1738 unum
1391 1701 1495 1740 uolo.

167 1764 273 1802 PAM.
304 1776 498 1802 maxume.
556 1764 634 1801 AN.
666 1762 738 1802 fuit
768 1762 874 1812 olim,
906 1762 1018 1815 quasi
1048 1777 1121 1814 ego
1150 1777 1248 1812 sum,
1281 1778 1424 1814 senex3
1462 1765 1497 1805 ei
1517 1783 1556 1816 35

1394 1830 1497 1871 filiae

81 1905 148 1943 540
166 1893 269 1933 duae
289 1900 408 1941 erant,
423 1893 535 1944 quasi
554 1907 661 1932 nunc
683 1907 793 1932 meae
813 1901 903 1932 sunt
920 1909 930 1943 ,-
965 1907 1034 1933 eae
1051 1901 1160 1934 erant
1176 1895 1333 1935 duobus
1350 1903 1497 1947 nuptae

1299 1960 1496 2011 fratribus,

207 2056 270 2086 523
294 2045 398 2078 nimia
413 2050 465 2078 est
489 2045 660 2086 uoluptast
687 2046 717 2077 P
737 2046 790 2088 (cf.
818 2045 866 2077 ad
885 2046 982 2079 Merc.
1006 2047 1087 2087 330)
1176 2046 1250 2089 ubi]
1272 2047 1302 2079 si
1318 2047 1352 2078 P
1439 2047 1491 2091 [a]

164 2091 264 2122 domo
279 2089 313 2120 P
441 2099 504 2130 524
528 2090 600 2132 ubi]
619 2091 646 2121 si
661 2090 696 2121 P
802 2090 877 2132 tibi]
898 2090 942 2121 ibi
964 2090 1136 2122 Acidalz'us
1154 2090 1202 2131 (A
1220 2102 1253 2123 n.
1270 2091 1310 2132 l.)
1428 2101 1492 2131 525

163 2134 336 2165 absentem
354 2133 388 2164 P
483 2135 548 2174 526
571 2134 705 2165 exulem
722 2133 807 2165 Pius
864 2134 1110 2174 aegritudinem
1135 2134 1169 2165 A
1259 2143 1321 2174 527
1345 2145 1444 2175 quom
1462 2146 1488 2167 s.

162 2177 196 2208 P
209 2178 363 2218 <antiqua
369 2178 505 2218 forma)
640 2187 705 2218 529
728 2178 794 2209 hau
814 2177 948 2209 Guz'etus
1058 2178 1192 2218 postilla
1208 2177 1396 2220 Epignomo
1412 2178 1494 2210 dant

163 2221 258 2262 (cum
281 2221 348 2262 ΡΖ)
368 2221 428 2252 alii
536 2231 602 2261 530
624 2221 675 2252 vel
689 2231 786 2261 mage
854 2232 920 2261 quo
939 2232 968 2252 a.
988 2221 1062 2253 Ital.
1080 2233 1087 2252 z
1110 2222 1201 2261 quod
1219 2232 1248 2253 a.
1266 2221 1324 2253 A:
1348 2223 1490 2262 quambo

162 2269 199 2295 ut
213 2264 277 2297 vid.
294 2265 327 2295 P
412 2274 472 2305 531
499 2264 602 2296 hodie
617 2264 651 2295 A
740 2274 803 2304 532
828 2264 907 2305 nos]
926 2269 1059 2296 nosmet
1071 2265 1105 2296 P
1201 2275 1264 2305 533
1288 2270 1444 2297 coactaes
1459 2266 1494 2296 P

161 2318 224 2348 535
247 2318 314 2340 om.
338 2307 372 2338 P
506 2310 571 2348 536
593 2308 696 2349 se(vel
717 2308 874 2349 i)ccillam
897 2307 954 2340 A:
986 2308 1085 2340 ecilla
1109 2311 1147 2339 ut
1167 2308 1233 2341 vid.
1256 2308 1291 2339 P
1425 2319 1488 2349 537

161 2356 336 2392 optumum
356 2356 408 2382 est
424 2352 457 2382 P
600 2354 663 2391 538
687 2356 868 2392 praesente
890 2352 948 2383 ted
969 2351 1046 2383 huic
1069 2351 1134 2393 (vel
1153 2356 1188 2384 te
1210 2352 1303 2393 hu'i'c)
1329 2351 1487 2387 Guietus:

161 2400 335 2436 presentet
350 2395 427 2428 huic
442 2395 484 2437 P,
502 2394 536 2426 A
556 2405 587 2427 n.
608 2396 629 2427 l.
649 2395 710 2437 (iii.
730 2395 765 2435 3>

205 2448 326 2470 PLAVT.
346 2448 373 2470 11
1359 2440 1401 2471 27
