1783 2707
176 133 222 168 V.
243 132 271 168 ii
661 130 706 166 T.
739 128 919 167 MACCI
952 127 1154 164 PLAVTI

242 245 348 282 solus
379 257 451 293 ego
472 242 657 281 omnibus
686 241 847 280 antideo
867 240 990 287 facile,
1014 239 1267 278 miserrumus
1294 236 1501 276 hominum
1526 243 1568 274 ut

1421 302 1565 340 uiuam.

241 373 347 424 perii,
370 373 496 411 interii
515 376 521 411 X
552 385 758 423 pessumus
780 371 843 409 hic
865 370 918 409 mi
939 370 1023 409 dies
1044 369 1163 408 hodie
1184 368 1322 407 inluxit
1343 375 1555 417 corruptor,
1589 369 1719 412 779-80

241 438 293 476 ita
315 452 377 476 me
398 438 551 475 Toxilu⁷
573 436 848 487 perfabricauit
869 436 1001 485 itaque
1023 448 1152 473 meam
1173 448 1255 472 rem
1277 432 1486 472 diuexauit.

203 517 219 548 5
242 503 441 542 uehiclum
471 502 620 552 argenti
651 502 767 540 miser
797 501 905 548 eieci,
937 499 1061 547 amisi,
1093 512 1222 549 neque
1253 498 1371 549 quc'tm
1407 499 1459 536 ob
1489 510 1570 535 rem

1297 563 1404 610 eieci,
1428 563 1567 600 habeo.

241 634 307 684 qui
338 634 447 672 illum
479 635 637 672 Persam
667 641 785 683 atque
815 631 943 670 omnis
976 633 1110 668 Persas
1141 637 1259 679 atque
1294 628 1411 667 etiam
1442 626 1570 665 omnis

1383 706 1569 743 personas

240 766 341 803 male
362 765 401 803 di
423 778 561 804 omnes
589 765 754 814 perdant
773 766 778 801 1
819 763 871 800 ita
898 761 1040 800 misero
1061 760 1224 798 Toxilus
1245 761 1342 797 haec
1364 757 1458 796 mihi
1481 771 1571 795 con-

1462 823 1566 861 cinit.

240 897 331 946 quia
370 896 405 934 ei
440 897 559 934 fidem
595 908 675 933 non
711 894 831 932 habui
866 894 1028 943 argenti,
1058 906 1106 931 eo
1137 891 1234 929 mihi
1268 904 1333 929 eas
1368 888 1569 927 machinas
1590 895 1655 938 785

1370 955 1545 993 molitust
1563 969 1569 992 :

242 1042 360 1079 quem
382 1030 448 1079 pol
469 1041 541 1078 ego
558 1035 600 1066 ut
621 1040 701 1065 non
718 1026 757 1064 in
774 1024 990 1064 cruciatum
1006 1031 1125 1073 atque
1140 1022 1180 1060 in
1197 1020 1401 1071 compedis
1418 1033 1567 1069 cogam,

1361 1085 1392 1123 si
1413 1085 1545 1123 uiuam
1563 1086 1569 1121 1

186 1175 222 1197 ιο
243 1159 439 1209 siquidem
461 1160 539 1196 huc
566 1171 756 1207 umquam
785 1158 864 1194 eru'
885 1154 1041 1193 redierit
1068 1153 1176 1201 eiius,
1200 1153 1309 1202 quod
1330 1150 1570 1202 spero—sed

1183 1217 1280 1267 quid
1301 1229 1374 1266 ego
1393 1213 1571 1265 aspicio?

241 1291 316 1328 hoc
351 1289 454 1337 uide,
492 1303 593 1338 quae
627 1289 724 1326 haec
765 1287 963 1325 fabulast?
1019 1285 1086 1336 pol
1120 1283 1184 1321 hic
1224 1282 1385 1332 quidem
1420 1286 1568 1330 potant.

1075 1348 1290 1400 adgrediar.
1328 1360 1352 1385 o
1373 1346 1478 1384 bone
1498 1344 1568 1391 uir,

242 1422 403 1467 salueto,
441 1427 478 1458 et
512 1427 565 1466 tu,
602 1420 708 1457 bona
742 1417 888 1456 liberte.
949 1418 1023 1454 TO.
1058 1415 1256 1453 Dordalus
1291 1411 1567 1462 hicquidemst.
1590 1414 1723 1458 789-90

1097 1482 1188 1518 SAG.
1222 1478 1317 1528 quin
1339 1477 1430 1515 iube
1450 1475 1568 1514 adire.

241 1553 315 1589 TO.
345 1550 421 1598 adi,
445 1550 476 1588 si
496 1551 615 1588 lubet.
676 1551 768 1588 SAG.
798 1548 911 1598 agite,
934 1547 1235 1596 adplaudamus.
1284 1545 1359 1581 To.
1385 1542 1570 1587 Dordale,

1018 1613 1140 1650 homo
1161 1608 1427 1660 lepidissume‚
1452 1607 1569 1649 salue,

349 1683 459 1720 locus
480 1681 543 1719 hic
564 1689 653 1719 tuos
674 1687 746 1727 est,
761 1679 825 1717 hic
845 1677 1048 1717 accumbe.
1109 1677 1204 1714 ferte
1225 1687 1368 1724 aquam
1390 1671 1569 1722 pedibus.

1170 1740 1342 1791 praeben
1363 1746 1404 1776 tu
1425 1737 1589 1787 puere?·

184 1831 221 1863 15
244 1814 321 1851 DO.
353 1825 403 1850 ne
424 1812 475 1850 sis
504 1825 566 1850 me
593 1824 674 1849 uno
701 1809 824 1860 digito
850 1807 1033 1858 attigeris,
1056 1821 1106 1845 ne
1127 1814 1164 1845 te
1185 1807 1235 1844 ad
1257 1813 1408 1849 terram,
1433 1803 1570 1848 scelus,
1604 1801 1607 1803 ’

1375 1867 1570 1918 adfligam.

351 1945 420 1981 PA.
451 1950 490 1981 at
511 1942 581 1980 tibi
606 1954 679 1991 ego
703 1942 779 1979 hoc
807 1939 999 1978 continuo
1026 1938 1168 1988 cyatho
1197 1937 1356 1975 oculum
1378 1932 1572 1972 excutiam

1448 2005 1569 2036 tuom.

244 2076 321 2113 Do.
354 2073 449 2124 quid
479 2072 545 2120 ais,
569 2086 673 2119 crux,
696 2071 944 2110 stimulorum
971 2068 1109 2107 tritor?
1143 2066 1348 2117 quomodo
1370 2078 1432 2102 me
1453 2062 1573 2102 hodie
1593 2070 1657 2108 795

1010 2126 1012 2128 V
1351 2127 1570 2175 uorsauisti,

288 2245 350 2284 778
374 2244 557 2274 homonum
575 2241 639 2272 cod.
661 2240 731 2275 (vix
746 2239 884 2279 antiqua
892 2237 1025 2278 forma)
1127 2237 1188 2276 782
1212 2234 1307 2266 amisi
1324 2233 1383 2264 del.
1403 2231 1574 2262 Am'dalfus

246 2289 308 2327 788
332 2287 385 2318 hic
402 2288 537 2326 quidem
554 2286 610 2326 pol
628 2284 767 2315 Mueller
897 2282 970 2321 789,
989 2291 1052 2320 790
1075 2280 1153 2321 To.]
1175 2280 1232 2310 LE.
1258 2278 1380 2317 Ussing
1511 2285 1573 2314 792

244 2332 369 2363 accuba
387 2331 427 2371 (2)
445 2329 512 2360 Leo
601 2329 652 2359 ser
670 2336 791 2366 aquam
812 2326 964 2366 pedibus,
984 2324 1144 2364 praeben,
1164 2333 1267 2362 puere
1287 2321 1421 2351 Guietus
1438 2318 1571 2359 (anap.)

243 2386 324 2406 same
353 2377 473 2414 aqufim
502 2383 533 2412 p.
568 2371 732 2412 displiceat
841 2368 891 2400 vel
917 2368 977 2399 ΡΑ.
1007 2377 1058 2407 pr.
1088 2372 1123 2398 tu
1151 2369 1206 2408 (sc.
1235 2365 1382 2405 pedes)‘.2
1418 2363 1484 2394 Do.
1513 2371 1572 2401 pu.

246 2430 308 2459 794
333 2429 396 2457 ego
414 2417 474 2447 tibi
491 2416 565 2447 PCD

966 2523 988 2533 l
