<?xml version="1.0" encoding="UTF-8"?>
<!DOCTYPE html PUBLIC "-//W3C//DTD XHTML 1.0 Transitional//EN"
    "http://www.w3.org/TR/xhtml1/DTD/xhtml1-transitional.dtd">
<html xmlns="http://www.w3.org/1999/xhtml" xml:lang="en" lang="en">
 <head>
  <title>
</title>
<meta http-equiv="Content-Type" content="text/html;charset=utf-8" />
  <meta name='ocr-system' content='tesseract 3.04.00' />
  <meta name='ocr-capabilities' content='ocr_page ocr_carea ocr_par ocr_line ocrx_word'/>
</head>
<body>
  <div class='ocr_page' id='page_1' title='image "./tmacciplauticomo02plauuoft_0186.png"; bbox 0 0 1783 2707; ppageno 0'>
   <div class='ocr_carea' id='block_1_1' title="bbox 158 110 1165 148">
    <p class='ocr_par' dir='ltr' id='par_1_1' title="bbox 158 110 1165 148">
     <span class='ocr_line' id='line_1_1' title="bbox 158 110 1165 148; baseline -0.001 -1"><span class='ocrx_word' id='word_1_1' title='bbox 158 111 226 147; x_wconf 89' lang='lat' dir='ltr'>IV.</span> <span class='ocrx_word' id='word_1_2' title='bbox 250 110 299 147; x_wconf 88' lang='lat' dir='ltr'>iv</span> <span class='ocrx_word' id='word_1_3' title='bbox 665 111 712 147; x_wconf 88' lang='lat' dir='ltr'>T.</span> <span class='ocrx_word' id='word_1_4' title='bbox 746 110 928 148; x_wconf 88' lang='lat' dir='ltr'><strong>MACCI</strong></span> <span class='ocrx_word' id='word_1_5' title='bbox 961 110 1165 147; x_wconf 85' lang='lat' dir='ltr'><strong>PLAVTI</strong></span> 
     </span>
    </p>
   </div>
   <div class='ocr_carea' id='block_1_2' title="bbox 210 217 1582 269">
    <p class='ocr_par' dir='ltr' id='par_1_2' title="bbox 210 217 1582 269">
     <span class='ocr_line' id='line_1_2' title="bbox 210 217 1582 269; baseline 0 -11"><span class='ocrx_word' id='word_1_6' title='bbox 210 237 226 267; x_wconf 86' lang='lat'>5</span> <span class='ocrx_word' id='word_1_7' title='bbox 250 221 341 258; x_wconf 83' lang='lat' dir='ltr'><strong>SAG.</strong></span> <span class='ocrx_word' id='word_1_8' title='bbox 379 219 475 269; x_wconf 85' lang='lat' dir='ltr'>quid</span> <span class='ocrx_word' id='word_1_9' title='bbox 505 219 545 258; x_wconf 92' lang='lat' dir='ltr'>id</span> <span class='ocrx_word' id='word_1_10' title='bbox 575 220 684 269; x_wconf 82' lang='lat' dir='ltr'>quod</span> <span class='ocrx_word' id='word_1_11' title='bbox 714 218 876 257; x_wconf 82' lang='lat' dir='ltr'>uidisti?</span> <span class='ocrx_word' id='word_1_12' title='bbox 910 225 953 256; x_wconf 87' lang='lat' dir='ltr'>ut</span> <span class='ocrx_word' id='word_1_13' title='bbox 982 218 1178 257; x_wconf 88' lang='lat' dir='ltr'>munitum</span> <span class='ocrx_word' id='word_1_14' title='bbox 1209 231 1321 257; x_wconf 90' lang='lat' dir='ltr'>muro</span> <span class='ocrx_word' id='word_1_15' title='bbox 1352 217 1423 257; x_wconf 91' lang='lat' dir='ltr'>tibi</span> <span class='ocrx_word' id='word_1_16' title='bbox 1452 217 1582 258; x_wconf 89' lang='lat' dir='ltr'>uisum</span> 
     </span>
    </p>
   </div>
   <div class='ocr_carea' id='block_1_3' title="bbox 247 283 1666 464">
    <p class='ocr_par' dir='ltr' id='par_1_3' title="bbox 247 283 1666 464">
     <span class='ocr_line' id='line_1_3' title="bbox 1322 283 1583 334; baseline 0.004 -14"><span class='ocrx_word' id='word_1_17' title='bbox 1322 283 1553 334; x_wconf 89' lang='lat' dir='ltr'>oppidumst</span> <span class='ocrx_word' id='word_1_18' title='bbox 1565 285 1583 321; x_wconf 74' lang='grc' dir='ltr'><strong><em>Ρ</em></strong></span> 
     </span>
     <span class='ocr_line' id='line_1_4' title="bbox 247 347 1578 398; baseline -0.002 -11"><span class='ocrx_word' id='word_1_19' title='bbox 247 351 310 387; x_wconf 92' lang='lat' dir='ltr'>V1.</span> <span class='ocrx_word' id='word_1_20' title='bbox 342 349 372 387; x_wconf 88' lang='lat' dir='ltr'>si</span> <span class='ocrx_word' id='word_1_21' title='bbox 387 350 538 388; x_wconf 79' lang='lat' dir='ltr'>incolae</span> <span class='ocrx_word' id='word_1_22' title='bbox 552 350 654 387; x_wconf 91' lang='lat' dir='ltr'>bene</span> <span class='ocrx_word' id='word_1_23' title='bbox 669 356 760 386; x_wconf 89' lang='lat' dir='ltr'>sunt</span> <span class='ocrx_word' id='word_1_24' title='bbox 774 348 925 395; x_wconf 86' lang='lat' dir='ltr'>morati,</span> <span class='ocrx_word' id='word_1_25' title='bbox 940 348 981 386; x_wconf 92' lang='lat' dir='ltr'>id</span> <span class='ocrx_word' id='word_1_26' title='bbox 997 349 1160 398; x_wconf 84' lang='lat' dir='ltr'><strong>pulchre</strong></span> <span class='ocrx_word' id='word_1_27' title='bbox 1173 348 1391 386; x_wconf 88' lang='lat' dir='ltr'>moenitum</span> <span class='ocrx_word' id='word_1_28' title='bbox 1405 347 1578 386; x_wconf 83' lang='lat' dir='ltr'>arbitror.</span> 
     </span>
     <span class='ocr_line' id='line_1_5' title="bbox 247 413 1666 464; baseline -0.001 -12"><span class='ocrx_word' id='word_1_29' title='bbox 247 415 410 464; x_wconf 81' lang='lat' dir='ltr'>perfidia</span> <span class='ocrx_word' id='word_1_30' title='bbox 431 422 468 452; x_wconf 88' lang='lat' dir='ltr'>et</span> <span class='ocrx_word' id='word_1_31' title='bbox 488 415 691 464; x_wconf 75' lang='lat' dir='ltr'>peculatus</span> <span class='ocrx_word' id='word_1_32' title='bbox 713 427 759 451; x_wconf 88' lang='lat' dir='ltr'>ex</span> <span class='ocrx_word' id='word_1_33' title='bbox 780 414 876 451; x_wconf 88' lang='lat' dir='ltr'>urbe</span> <span class='ocrx_word' id='word_1_34' title='bbox 897 421 935 451; x_wconf 88' lang='lat' dir='ltr'>et</span> <span class='ocrx_word' id='word_1_35' title='bbox 954 413 1116 451; x_wconf 79' lang='lat' dir='ltr'>auaritia</span> <span class='ocrx_word' id='word_1_36' title='bbox 1136 413 1167 451; x_wconf 91' lang='lat' dir='ltr'>si</span> <span class='ocrx_word' id='word_1_37' title='bbox 1188 414 1375 460; x_wconf 82' lang='lat' dir='ltr'>exsulant,</span> <span class='ocrx_word' id='word_1_38' title='bbox 1603 421 1666 458; x_wconf 87' lang='grc'>555</span> 
     </span>
    </p>
   </div>
   <div class='ocr_carea' id='block_1_4' title="bbox 191 478 1670 2032">
    <p class='ocr_par' dir='ltr' id='par_1_4' title="bbox 191 478 1670 2032">
     <span class='ocr_line' id='line_1_6' title="bbox 250 478 1324 530; baseline -0.001 -13"><span class='ocrx_word' id='word_1_39' title='bbox 250 488 387 530; x_wconf 84' lang='lat' dir='ltr'>quarta</span> <span class='ocrx_word' id='word_1_40' title='bbox 407 479 567 526; x_wconf 84' lang='lat' dir='ltr'>inuidia,</span> <span class='ocrx_word' id='word_1_41' title='bbox 591 479 729 529; x_wconf 85' lang='lat' dir='ltr'>quinta</span> <span class='ocrx_word' id='word_1_42' title='bbox 748 478 924 524; x_wconf 80' lang='lat' dir='ltr'>ambitio,</span> <span class='ocrx_word' id='word_1_43' title='bbox 948 486 1057 516; x_wconf 87' lang='lat' dir='ltr'>sexta</span> <span class='ocrx_word' id='word_1_44' title='bbox 1078 478 1324 528; x_wconf 76' lang='lat' dir='ltr'>optrectatio,</span> 
     </span>
     <span class='ocr_line' id='line_1_7' title="bbox 250 543 1581 596; baseline -0.002 -12"><span class='ocrx_word' id='word_1_45' title='bbox 250 554 472 596; x_wconf 73' lang='lat' dir='ltr'>septumum</span> <span class='ocrx_word' id='word_1_46' title='bbox 494 544 846 595; x_wconf 81' lang='lat' dir='ltr'>peiiurium‚—T0.</span> <span class='ocrx_word' id='word_1_47' title='bbox 870 557 991 593; x_wconf 84' lang='lat' dir='ltr'>eugae</span> <span class='ocrx_word' id='word_1_48' title='bbox 1009 546 1015 581; x_wconf 79' lang='lat'>1</span> <span class='ocrx_word' id='word_1_49' title='bbox 1071 545 1136 581; x_wconf 88' lang='lat' dir='ltr'>V1.</span> <span class='ocrx_word' id='word_1_50' title='bbox 1168 551 1308 582; x_wconf 89' lang='lat' dir='ltr'>octaua</span> <span class='ocrx_word' id='word_1_51' title='bbox 1327 543 1581 594; x_wconf 79' lang='lat' dir='ltr'>indiligentia,</span> 
     </span>
     <span class='ocr_line' id='line_1_8' title="bbox 193 610 1582 660; baseline -0.001 -11"><span class='ocrx_word' id='word_1_52' title='bbox 193 629 230 650; x_wconf 93' lang='lat'>10</span> <span class='ocrx_word' id='word_1_53' title='bbox 250 626 356 650; x_wconf 86' lang='lat' dir='ltr'>nona</span> <span class='ocrx_word' id='word_1_54' title='bbox 376 610 524 657; x_wconf 88' lang='lat' dir='ltr'>iniuria,</span> <span class='ocrx_word' id='word_1_55' title='bbox 548 612 774 656; x_wconf 87' lang='lat' dir='ltr'>decumum,</span> <span class='ocrx_word' id='word_1_56' title='bbox 798 611 907 659; x_wconf 83' lang='lat' dir='ltr'>quod</span> <span class='ocrx_word' id='word_1_57' title='bbox 928 622 1157 660; x_wconf 87' lang='lat' dir='ltr'>pessumum</span> <span class='ocrx_word' id='word_1_58' title='bbox 1178 610 1413 659; x_wconf 84' lang='lat' dir='ltr'>adgressust,</span> <span class='ocrx_word' id='word_1_59' title='bbox 1432 611 1582 648; x_wconf 83' lang='lat' dir='ltr'>scelus:</span> 
     </span>
     <span class='ocr_line' id='line_1_9' title="bbox 249 674 1556 725; baseline -0.002 -10"><span class='ocrx_word' id='word_1_60' title='bbox 249 679 345 715; x_wconf 84' lang='lat' dir='ltr'>haec</span> <span class='ocrx_word' id='word_1_61' title='bbox 367 677 472 714; x_wconf 88' lang='lat' dir='ltr'>unde</span> <span class='ocrx_word' id='word_1_62' title='bbox 492 676 670 722; x_wconf 86' lang='lat' dir='ltr'>aberunt,</span> <span class='ocrx_word' id='word_1_63' title='bbox 689 689 735 713; x_wconf 89' lang='lat' dir='ltr'>ea</span> <span class='ocrx_word' id='word_1_64' title='bbox 754 675 846 713; x_wconf 87' lang='lat' dir='ltr'>urbs</span> <span class='ocrx_word' id='word_1_65' title='bbox 868 674 1042 712; x_wconf 89' lang='lat' dir='ltr'>moenita</span> <span class='ocrx_word' id='word_1_66' title='bbox 1062 688 1174 712; x_wconf 88' lang='lat' dir='ltr'>muro</span> <span class='ocrx_word' id='word_1_67' title='bbox 1195 682 1253 712; x_wconf 87' lang='lat' dir='ltr'>sat</span> <span class='ocrx_word' id='word_1_68' title='bbox 1274 675 1343 713; x_wconf 87' lang='lat' dir='ltr'>erit</span> <span class='ocrx_word' id='word_1_69' title='bbox 1364 674 1556 725; x_wconf 80' lang='lat' dir='ltr'>simplici,-</span> 
     </span>
     <span class='ocr_line' id='line_1_10' title="bbox 248 739 1669 790; baseline -0.003 -10"><span class='ocrx_word' id='word_1_70' title='bbox 248 741 315 780; x_wconf 91' lang='lat' dir='ltr'>ubi</span> <span class='ocrx_word' id='word_1_71' title='bbox 336 755 382 779; x_wconf 88' lang='lat' dir='ltr'>ea</span> <span class='ocrx_word' id='word_1_72' title='bbox 401 742 578 787; x_wconf 78' lang='lat' dir='ltr'>aderunt,</span> <span class='ocrx_word' id='word_1_73' title='bbox 601 741 854 789; x_wconf 79' lang='lat' dir='ltr'>centumplex</span> <span class='ocrx_word' id='word_1_74' title='bbox 879 753 1012 777; x_wconf 88' lang='lat' dir='ltr'>murus</span> <span class='ocrx_word' id='word_1_75' title='bbox 1032 739 1148 777; x_wconf 91' lang='lat' dir='ltr'>rebus</span> <span class='ocrx_word' id='word_1_76' title='bbox 1169 739 1372 778; x_wconf 88' lang='lat' dir='ltr'>seruandis</span> <span class='ocrx_word' id='word_1_77' title='bbox 1392 747 1577 790; x_wconf 85' lang='lat' dir='ltr'>parumst.</span> <span class='ocrx_word' id='word_1_78' title='bbox 1600 742 1669 787; x_wconf 86' lang='lat'>560</span> 
     </span>
     <span class='ocr_line' id='line_1_11' title="bbox 247 804 1581 856; baseline -0.001 -12"><span class='ocrx_word' id='word_1_79' title='bbox 247 809 321 845; x_wconf 91' lang='lat' dir='ltr'>To.</span> <span class='ocrx_word' id='word_1_80' title='bbox 355 806 451 856; x_wconf 87' lang='lat' dir='ltr'>quid</span> <span class='ocrx_word' id='word_1_81' title='bbox 474 805 529 843; x_wconf 87' lang='lat' dir='ltr'>ais</span> <span class='ocrx_word' id='word_1_82' title='bbox 557 807 629 843; x_wconf 83' lang='lat' dir='ltr'>tu?</span> <span class='ocrx_word' id='word_1_83' title='bbox 678 807 755 843; x_wconf 89' lang='lat' dir='ltr'>Do.</span> <span class='ocrx_word' id='word_1_84' title='bbox 789 804 885 854; x_wconf 87' lang='lat' dir='ltr'>quid</span> <span class='ocrx_word' id='word_1_85' title='bbox 910 804 999 842; x_wconf 81' lang='lat' dir='ltr'>uis?</span> <span class='ocrx_word' id='word_1_86' title='bbox 1046 806 1120 842; x_wconf 89' lang='lat' dir='ltr'>To.</span> <span class='ocrx_word' id='word_1_87' title='bbox 1152 811 1194 842; x_wconf 89' lang='lat' dir='ltr'>tu</span> <span class='ocrx_word' id='word_1_88' title='bbox 1214 804 1255 842; x_wconf 89' lang='lat' dir='ltr'>in</span> <span class='ocrx_word' id='word_1_89' title='bbox 1279 804 1352 843; x_wconf 89' lang='lat' dir='ltr'>illis</span> <span class='ocrx_word' id='word_1_90' title='bbox 1377 818 1418 843; x_wconf 89' lang='lat' dir='ltr'>es</span> <span class='ocrx_word' id='word_1_91' title='bbox 1442 806 1581 843; x_wconf 89' lang='lat' dir='ltr'>decem</span> 
     </span>
     <span class='ocr_line' id='line_1_12' title="bbox 1358 870 1581 909; baseline 0 0"><span class='ocrx_word' id='word_1_92' title='bbox 1358 870 1581 909; x_wconf 83' lang='lat' dir='ltr'>sodalibus:</span> 
     </span>
     <span class='ocr_line' id='line_1_13' title="bbox 248 934 1585 986; baseline -0.004 -9"><span class='ocrx_word' id='word_1_93' title='bbox 248 938 285 977; x_wconf 90' lang='lat' dir='ltr'>te&#39;</span> <span class='ocrx_word' id='word_1_94' title='bbox 313 938 352 976; x_wconf 88' lang='lat' dir='ltr'>in</span> <span class='ocrx_word' id='word_1_95' title='bbox 380 937 558 976; x_wconf 81' lang='lat' dir='ltr'>exsilium</span> <span class='ocrx_word' id='word_1_96' title='bbox 585 936 640 975; x_wconf 89' lang='lat' dir='ltr'>ire</span> <span class='ocrx_word' id='word_1_97' title='bbox 667 936 759 974; x_wconf 91' lang='lat' dir='ltr'>hinc</span> <span class='ocrx_word' id='word_1_98' title='bbox 787 943 952 986; x_wconf 87' lang='lat' dir='ltr'>oportet.</span> <span class='ocrx_word' id='word_1_99' title='bbox 1015 937 1090 974; x_wconf 88' lang='lat' dir='ltr'>Do.</span> <span class='ocrx_word' id='word_1_100' title='bbox 1124 935 1220 986; x_wconf 87' lang='lat' dir='ltr'>quid</span> <span class='ocrx_word' id='word_1_101' title='bbox 1244 935 1351 974; x_wconf 89' lang='lat' dir='ltr'>iam?</span> <span class='ocrx_word' id='word_1_102' title='bbox 1389 938 1462 974; x_wconf 88' lang='lat' dir='ltr'>To.</span> <span class='ocrx_word' id='word_1_103' title='bbox 1492 934 1585 985; x_wconf 86' lang='lat' dir='ltr'>quia</span> 
     </span>
     <span class='ocr_line' id='line_1_14' title="bbox 1337 1001 1581 1052; baseline -0.004 -13"><span class='ocrx_word' id='word_1_104' title='bbox 1337 1001 1508 1052; x_wconf 89' lang='lat' dir='ltr'>peiiurus</span> <span class='ocrx_word' id='word_1_105' title='bbox 1529 1013 1581 1039; x_wconf 90' lang='lat' dir='ltr'>es.</span> 
     </span>
     <span class='ocr_line' id='line_1_15' title="bbox 192 1067 1581 1119; baseline -0.003 -11"><span class='ocrx_word' id='word_1_106' title='bbox 192 1088 231 1119; x_wconf 83' lang='lat'>15</span> <span class='ocrx_word' id='word_1_107' title='bbox 254 1072 330 1107; x_wconf 91' lang='lat' dir='ltr'>Do.</span> <span class='ocrx_word' id='word_1_108' title='bbox 362 1069 484 1107; x_wconf 85' lang='lat' dir='ltr'>uerba</span> <span class='ocrx_word' id='word_1_109' title='bbox 503 1068 664 1118; x_wconf 85' lang='lat' dir='ltr'>quidem</span> <span class='ocrx_word' id='word_1_110' title='bbox 681 1069 787 1106; x_wconf 88' lang='lat' dir='ltr'>haud</span> <span class='ocrx_word' id='word_1_111' title='bbox 808 1067 968 1105; x_wconf 85' lang='lat' dir='ltr'>indocte</span> <span class='ocrx_word' id='word_1_112' title='bbox 989 1067 1090 1106; x_wconf 87' lang='lat' dir='ltr'>fecit.</span> <span class='ocrx_word' id='word_1_113' title='bbox 1141 1069 1215 1105; x_wconf 90' lang='lat' dir='ltr'>TO.</span> <span class='ocrx_word' id='word_1_114' title='bbox 1248 1081 1294 1105; x_wconf 88' lang='lat' dir='ltr'>ex</span> <span class='ocrx_word' id='word_1_115' title='bbox 1315 1075 1393 1114; x_wconf 85' lang='lat' dir='ltr'>tuo,</span> <span class='ocrx_word' id='word_1_116' title='bbox 1409 1067 1581 1116; x_wconf 86' lang='lat' dir='ltr'>inquam,</span> 
     </span>
     <span class='ocr_line' id='line_1_16' title="bbox 1196 1133 1579 1170; baseline -0.003 0"><span class='ocrx_word' id='word_1_117' title='bbox 1196 1141 1329 1170; x_wconf 88' lang='lat' dir='ltr'>usust:</span> <span class='ocrx_word' id='word_1_118' title='bbox 1360 1146 1447 1170; x_wconf 91' lang='lat' dir='ltr'>eme</span> <span class='ocrx_word' id='word_1_119' title='bbox 1468 1133 1579 1170; x_wconf 90' lang='lat' dir='ltr'>hanc.</span> 
     </span>
     <span class='ocr_line' id='line_1_17' title="bbox 250 1197 1578 1250; baseline -0.003 -11"><span class='ocrx_word' id='word_1_120' title='bbox 250 1203 325 1239; x_wconf 86' lang='lat' dir='ltr'>Do.</span> <span class='ocrx_word' id='word_1_121' title='bbox 358 1201 499 1250; x_wconf 86' lang='lat' dir='ltr'>edepol</span> <span class='ocrx_word' id='word_1_122' title='bbox 528 1198 595 1249; x_wconf 85' lang='lat' dir='ltr'>qui</span> <span class='ocrx_word' id='word_1_123' title='bbox 625 1212 747 1249; x_wconf 87' lang='lat' dir='ltr'>quom</span> <span class='ocrx_word' id='word_1_124' title='bbox 779 1199 881 1237; x_wconf 85' lang='lat' dir='ltr'>hanc</span> <span class='ocrx_word' id='word_1_125' title='bbox 909 1198 1022 1248; x_wconf 83' lang='lat' dir='ltr'>magi’</span> <span class='ocrx_word' id='word_1_126' title='bbox 1043 1199 1283 1248; x_wconf 88' lang='lat' dir='ltr'>contemplo,</span> <span class='ocrx_word' id='word_1_127' title='bbox 1307 1197 1418 1248; x_wconf 82' lang='lat' dir='ltr'>magi&#39;</span> <span class='ocrx_word' id='word_1_128' title='bbox 1440 1199 1578 1247; x_wconf 82' lang='lat' dir='ltr'>placet.</span> 
     </span>
     <span class='ocr_line' id='line_1_18' title="bbox 1146 1262 1578 1310; baseline 0 -9"><span class='ocrx_word' id='word_1_129' title='bbox 1146 1265 1219 1301; x_wconf 91' lang='lat' dir='ltr'>To.</span> <span class='ocrx_word' id='word_1_130' title='bbox 1253 1262 1283 1301; x_wconf 90' lang='lat' dir='ltr'>si</span> <span class='ocrx_word' id='word_1_131' title='bbox 1305 1264 1406 1301; x_wconf 89' lang='lat' dir='ltr'>hanc</span> <span class='ocrx_word' id='word_1_132' title='bbox 1427 1262 1578 1310; x_wconf 88' lang='lat' dir='ltr'>emeris,</span> 
     </span>
     <span class='ocr_line' id='line_1_19' title="bbox 249 1328 1666 1379; baseline -0.003 -10"><span class='ocrx_word' id='word_1_133' title='bbox 249 1331 290 1370; x_wconf 90' lang='lat' dir='ltr'>di</span> <span class='ocrx_word' id='word_1_134' title='bbox 310 1331 536 1369; x_wconf 88' lang='lat' dir='ltr'>inmortales</span> <span class='ocrx_word' id='word_1_135' title='bbox 554 1333 560 1368; x_wconf 78' lang='lat'>1</span> <span class='ocrx_word' id='word_1_136' title='bbox 591 1331 721 1368; x_wconf 89' lang='lat' dir='ltr'>nullus</span> <span class='ocrx_word' id='word_1_137' title='bbox 743 1331 834 1368; x_wconf 92' lang='lat' dir='ltr'>leno</span> <span class='ocrx_word' id='word_1_138' title='bbox 855 1337 893 1368; x_wconf 88' lang='lat' dir='ltr'>te</span> <span class='ocrx_word' id='word_1_139' title='bbox 913 1331 1009 1367; x_wconf 88' lang='lat' dir='ltr'>alter</span> <span class='ocrx_word' id='word_1_140' title='bbox 1029 1328 1100 1367; x_wconf 88' lang='lat' dir='ltr'>erit</span> <span class='ocrx_word' id='word_1_141' title='bbox 1120 1328 1354 1379; x_wconf 89' lang='lat' dir='ltr'>opulentior.</span> <span class='ocrx_word' id='word_1_142' title='bbox 1602 1330 1666 1376; x_wconf 83' lang='lat'>565</span> 
     </span>
     <span class='ocr_line' id='line_1_20' title="bbox 250 1393 1273 1441; baseline -0.004 -6"><span class='ocrx_word' id='word_1_143' title='bbox 250 1405 404 1435; x_wconf 86' lang='lat' dir='ltr'>euortes</span> <span class='ocrx_word' id='word_1_144' title='bbox 426 1404 494 1435; x_wconf 92' lang='lat' dir='ltr'>tuo</span> <span class='ocrx_word' id='word_1_145' title='bbox 514 1395 700 1434; x_wconf 89' lang='lat' dir='ltr'>arbitratu</span> <span class='ocrx_word' id='word_1_146' title='bbox 722 1394 903 1433; x_wconf 81' lang='lat' dir='ltr'>homines</span> <span class='ocrx_word' id='word_1_147' title='bbox 925 1394 1068 1441; x_wconf 87' lang='lat' dir='ltr'>fundis,</span> <span class='ocrx_word' id='word_1_148' title='bbox 1092 1393 1273 1441; x_wconf 77' lang='lat' dir='ltr'>familii53</span> 
     </span>
     <span class='ocr_line' id='line_1_21' title="bbox 250 1459 1470 1512; baseline -0.002 -12"><span class='ocrx_word' id='word_1_149' title='bbox 250 1476 340 1500; x_wconf 88' lang='lat' dir='ltr'>cum</span> <span class='ocrx_word' id='word_1_150' title='bbox 363 1461 535 1512; x_wconf 82' lang='lat' dir='ltr'>optumis</span> <span class='ocrx_word' id='word_1_151' title='bbox 556 1460 649 1499; x_wconf 88' lang='lat' dir='ltr'>uiris</span> <span class='ocrx_word' id='word_1_152' title='bbox 670 1474 751 1499; x_wconf 82' lang='lat' dir='ltr'>rem</span> <span class='ocrx_word' id='word_1_153' title='bbox 773 1459 952 1508; x_wconf 80' lang='lat' dir='ltr'>habebis,</span> <span class='ocrx_word' id='word_1_154' title='bbox 973 1459 1135 1509; x_wconf 79' lang='lat' dir='ltr'>gratiam</span> <span class='ocrx_word' id='word_1_155' title='bbox 1157 1459 1317 1509; x_wconf 86' lang='lat' dir='ltr'>cupient</span> <span class='ocrx_word' id='word_1_156' title='bbox 1337 1467 1445 1497; x_wconf 87' lang='lat' dir='ltr'>tuam</span> <span class='ocrx_word' id='word_1_157' title='bbox 1463 1474 1470 1497; x_wconf 76' lang='grc' dir='ltr'>ε</span> 
     </span>
     <span class='ocr_line' id='line_1_22' title="bbox 191 1524 1578 1574; baseline -0.002 -9"><span class='ocrx_word' id='word_1_158' title='bbox 191 1543 230 1565; x_wconf 88' lang='lat'>20</span> <span class='ocrx_word' id='word_1_159' title='bbox 250 1527 410 1566; x_wconf 87' lang='lat' dir='ltr'>uenient</span> <span class='ocrx_word' id='word_1_160' title='bbox 431 1528 481 1565; x_wconf 90' lang='lat' dir='ltr'>ad</span> <span class='ocrx_word' id='word_1_161' title='bbox 504 1534 540 1565; x_wconf 87' lang='lat' dir='ltr'>te</span> <span class='ocrx_word' id='word_1_162' title='bbox 561 1525 827 1564; x_wconf 89' lang='lat' dir='ltr'>comissatum.</span> <span class='ocrx_word' id='word_1_163' title='bbox 890 1527 965 1563; x_wconf 88' lang='lat' dir='ltr'>Do.</span> <span class='ocrx_word' id='word_1_164' title='bbox 998 1532 1037 1563; x_wconf 86' lang='lat' dir='ltr'>at</span> <span class='ocrx_word' id='word_1_165' title='bbox 1058 1538 1131 1574; x_wconf 84' lang='lat' dir='ltr'>ego</span> <span class='ocrx_word' id='word_1_166' title='bbox 1151 1524 1253 1563; x_wconf 86' lang='lat' dir='ltr'>intro</span> <span class='ocrx_word' id='word_1_167' title='bbox 1275 1524 1375 1562; x_wconf 89' lang='lat' dir='ltr'>mitti</span> <span class='ocrx_word' id='word_1_168' title='bbox 1402 1531 1578 1563; x_wconf 89' lang='lat' dir='ltr'>uotuero.</span> 
     </span>
     <span class='ocr_line' id='line_1_23' title="bbox 249 1590 1535 1637; baseline -0.003 -5"><span class='ocrx_word' id='word_1_169' title='bbox 249 1596 323 1632; x_wconf 93' lang='lat' dir='ltr'>To.</span> <span class='ocrx_word' id='word_1_170' title='bbox 355 1601 394 1631; x_wconf 86' lang='lat' dir='ltr'>at</span> <span class='ocrx_word' id='word_1_171' title='bbox 415 1593 519 1632; x_wconf 89' lang='lat' dir='ltr'>enim</span> <span class='ocrx_word' id='word_1_172' title='bbox 542 1592 594 1630; x_wconf 92' lang='lat' dir='ltr'>illi</span> <span class='ocrx_word' id='word_1_173' title='bbox 616 1600 737 1631; x_wconf 90' lang='lat' dir='ltr'>noctu</span> <span class='ocrx_word' id='word_1_174' title='bbox 759 1591 1026 1630; x_wconf 87' lang='lat' dir='ltr'>occentabunt</span> <span class='ocrx_word' id='word_1_175' title='bbox 1047 1590 1202 1637; x_wconf 84' lang='lat' dir='ltr'>ostium,</span> <span class='ocrx_word' id='word_1_176' title='bbox 1227 1598 1389 1629; x_wconf 89' lang='lat' dir='ltr'>exurent</span> <span class='ocrx_word' id='word_1_177' title='bbox 1409 1591 1510 1628; x_wconf 87' lang='lat' dir='ltr'>fores</span> <span class='ocrx_word' id='word_1_178' title='bbox 1528 1605 1535 1628; x_wconf 74' lang='grc' dir='ltr'>ε</span> 
     </span>
     <span class='ocr_line' id='line_1_24' title="bbox 249 1655 1670 1709; baseline -0.004 -12"><span class='ocrx_word' id='word_1_179' title='bbox 249 1659 361 1709; x_wconf 88' lang='lat' dir='ltr'>proin</span> <span class='ocrx_word' id='word_1_180' title='bbox 383 1667 423 1697; x_wconf 89' lang='lat' dir='ltr'>tu</span> <span class='ocrx_word' id='word_1_181' title='bbox 445 1658 516 1697; x_wconf 90' lang='lat' dir='ltr'>tibi</span> <span class='ocrx_word' id='word_1_182' title='bbox 536 1658 672 1696; x_wconf 79' lang='lat' dir='ltr'>iubeas</span> <span class='ocrx_word' id='word_1_183' title='bbox 693 1656 879 1696; x_wconf 90' lang='lat' dir='ltr'>concludi</span> <span class='ocrx_word' id='word_1_184' title='bbox 899 1656 1007 1695; x_wconf 83' lang='lat' dir='ltr'>ae&#39;dis</span> <span class='ocrx_word' id='word_1_185' title='bbox 1029 1655 1177 1695; x_wconf 89' lang='lat' dir='ltr'>foribus</span> <span class='ocrx_word' id='word_1_186' title='bbox 1198 1655 1340 1704; x_wconf 87' lang='lat' dir='ltr'>ferreis,</span> <span class='ocrx_word' id='word_1_187' title='bbox 1602 1665 1670 1702; x_wconf 88' lang='lat'>570</span> 
     </span>
     <span class='ocr_line' id='line_1_25' title="bbox 248 1722 1216 1771; baseline -0.003 -8"><span class='ocrx_word' id='word_1_188' title='bbox 248 1726 389 1763; x_wconf 86' lang='lat' dir='ltr'>ferreas</span> <span class='ocrx_word' id='word_1_189' title='bbox 409 1724 517 1763; x_wconf 85' lang='lat' dir='ltr'>aedis</span> <span class='ocrx_word' id='word_1_190' title='bbox 539 1730 771 1771; x_wconf 87' lang='lat' dir='ltr'>commutes,</span> <span class='ocrx_word' id='word_1_191' title='bbox 794 1722 930 1760; x_wconf 92' lang='lat' dir='ltr'>limina</span> <span class='ocrx_word' id='word_1_192' title='bbox 950 1722 1063 1761; x_wconf 88' lang='lat' dir='ltr'>indas</span> <span class='ocrx_word' id='word_1_193' title='bbox 1085 1723 1216 1770; x_wconf 86' lang='lat' dir='ltr'>ferrea,</span> 
     </span>
     <span class='ocr_line' id='line_1_26' title="bbox 250 1787 1398 1839; baseline -0.002 -11"><span class='ocrx_word' id='word_1_194' title='bbox 250 1791 411 1828; x_wconf 85' lang='lat' dir='ltr'>ferream</span> <span class='ocrx_word' id='word_1_195' title='bbox 433 1803 558 1828; x_wconf 83' lang='lat' dir='ltr'>seram</span> <span class='ocrx_word' id='word_1_196' title='bbox 579 1796 697 1839; x_wconf 86' lang='lat' dir='ltr'>atque</span> <span class='ocrx_word' id='word_1_197' title='bbox 718 1789 891 1827; x_wconf 86' lang='lat' dir='ltr'>anellum</span> <span class='ocrx_word' id='word_1_198' title='bbox 908 1803 917 1836; x_wconf 79' lang='lat'><em>3</em></span> <span class='ocrx_word' id='word_1_199' title='bbox 946 1802 995 1826; x_wconf 90' lang='lat' dir='ltr'>ne</span> <span class='ocrx_word' id='word_1_200' title='bbox 1017 1787 1068 1826; x_wconf 86' lang='lat' dir='ltr'>sis</span> <span class='ocrx_word' id='word_1_201' title='bbox 1089 1789 1189 1826; x_wconf 87' lang='lat' dir='ltr'>ferro</span> <span class='ocrx_word' id='word_1_202' title='bbox 1209 1787 1373 1838; x_wconf 87' lang='lat' dir='ltr'>parseris</span> <span class='ocrx_word' id='word_1_203' title='bbox 1390 1803 1398 1826; x_wconf 75' lang='grc' dir='ltr'><strong>ι</strong></span> 
     </span>
     <span class='ocr_line' id='line_1_27' title="bbox 192 1853 1332 1904; baseline 0 -12"><span class='ocrx_word' id='word_1_204' title='bbox 192 1869 230 1901; x_wconf 86' lang='lat'>25</span> <span class='ocrx_word' id='word_1_205' title='bbox 251 1857 390 1894; x_wconf 86' lang='lat' dir='ltr'>ferreas</span> <span class='ocrx_word' id='word_1_206' title='bbox 411 1862 493 1893; x_wconf 86' lang='lat' dir='ltr'>tute</span> <span class='ocrx_word' id='word_1_207' title='bbox 513 1854 584 1892; x_wconf 86' lang='lat' dir='ltr'>tibi</span> <span class='ocrx_word' id='word_1_208' title='bbox 605 1853 767 1904; x_wconf 84' lang='lat' dir='ltr'>impingi</span> <span class='ocrx_word' id='word_1_209' title='bbox 790 1853 925 1892; x_wconf 85' lang='lat' dir='ltr'>iubeas</span> <span class='ocrx_word' id='word_1_210' title='bbox 947 1867 1094 1892; x_wconf 87' lang='lat' dir='ltr'>crassas</span> <span class='ocrx_word' id='word_1_211' title='bbox 1115 1853 1332 1904; x_wconf 68' lang='lat' dir='ltr'>compedis</span> 
     </span>
     <span class='ocr_line' id='line_1_28' title="bbox 252 1917 1580 1972; baseline -0.002 -13"><span class='ocrx_word' id='word_1_212' title='bbox 252 1923 328 1959; x_wconf 90' lang='lat' dir='ltr'>Do.</span> <span class='ocrx_word' id='word_1_213' title='bbox 369 1920 379 1958; x_wconf 93' lang='lat' dir='ltr'>i</span> <span class='ocrx_word' id='word_1_214' title='bbox 414 1920 464 1958; x_wconf 89' lang='lat' dir='ltr'>sis</span> <span class='ocrx_word' id='word_1_215' title='bbox 505 1917 577 1972; x_wconf 91' lang='lat' dir='ltr'>[in]</span> <span class='ocrx_word' id='word_1_216' title='bbox 613 1921 760 1958; x_wconf 90' lang='lat' dir='ltr'>malum</span> <span class='ocrx_word' id='word_1_217' title='bbox 795 1918 1021 1958; x_wconf 80' lang='lat' dir='ltr'>cruciatum.</span> <span class='ocrx_word' id='word_1_218' title='bbox 1080 1920 1154 1957; x_wconf 88' lang='lat' dir='ltr'>To.</span> <span class='ocrx_word' id='word_1_219' title='bbox 1198 1919 1209 1956; x_wconf 91' lang='lat' dir='ltr'>i</span> <span class='ocrx_word' id='word_1_220' title='bbox 1248 1932 1342 1957; x_wconf 88' lang='lat' dir='ltr'>sane</span> <span class='ocrx_word' id='word_1_221' title='bbox 1379 1919 1580 1957; x_wconf 74' lang='lat' dir='ltr'>ti&#39;i—-hanc</span> 
     </span>
     <span class='ocr_line' id='line_1_29' title="bbox 1131 1983 1576 2032; baseline 0 -10"><span class='ocrx_word' id='word_1_222' title='bbox 1131 1997 1244 2032; x_wconf 79' lang='lat' dir='ltr'>eme3</span> <span class='ocrx_word' id='word_1_223' title='bbox 1272 1985 1450 2022; x_wconf 84' lang='lat' dir='ltr'>ausculta</span> <span class='ocrx_word' id='word_1_224' title='bbox 1471 1983 1576 2031; x_wconf 84' lang='lat' dir='ltr'>mihi.</span> 
     </span>
    </p>
   </div>
   <div class='ocr_carea' id='block_1_5' title="bbox 246 2087 1583 2485">
    <p class='ocr_par' dir='ltr' id='par_1_5' title="bbox 246 2087 1583 2485">
     <span class='ocr_line' id='line_1_30' title="bbox 291 2087 1580 2130; baseline -0.002 -9"><span class='ocrx_word' id='word_1_225' title='bbox 291 2100 353 2130; x_wconf 87' lang='lat'>553</span> <span class='ocrx_word' id='word_1_226' title='bbox 379 2091 519 2121; x_wconf 85' lang='lat' dir='ltr'>uisumst</span> <span class='ocrx_word' id='word_1_227' title='bbox 537 2091 698 2130; x_wconf 87' lang='lat' dir='ltr'>oppidum</span> <span class='ocrx_word' id='word_1_228' title='bbox 718 2089 751 2120; x_wconf 88' lang='lat' dir='ltr'><em>P</em></span> <span class='ocrx_word' id='word_1_229' title='bbox 767 2090 819 2130; x_wconf 81' lang='lat' dir='ltr'>(cf.</span> <span class='ocrx_word' id='word_1_230' title='bbox 839 2088 887 2120; x_wconf 79' lang='lat' dir='ltr'>ad</span> <span class='ocrx_word' id='word_1_231' title='bbox 900 2087 996 2120; x_wconf 83' lang='lat' dir='ltr'>Merc.</span> <span class='ocrx_word' id='word_1_232' title='bbox 1013 2089 1092 2128; x_wconf 70' lang='lat'>330)</span> <span class='ocrx_word' id='word_1_233' title='bbox 1183 2097 1245 2127; x_wconf 85' lang='lat'>554</span> <span class='ocrx_word' id='word_1_234' title='bbox 1271 2087 1303 2118; x_wconf 93' lang='lat' dir='ltr'>id</span> <span class='ocrx_word' id='word_1_235' title='bbox 1322 2098 1384 2118; x_wconf 81' lang='lat' dir='ltr'>om.</span> <span class='ocrx_word' id='word_1_236' title='bbox 1406 2087 1439 2117; x_wconf 90' lang='lat' dir='ltr'><em>P</em></span> <span class='ocrx_word' id='word_1_237' title='bbox 1516 2089 1580 2127; x_wconf 89' lang='grc'>556</span> 
     </span>
     <span class='ocr_line' id='line_1_31' title="bbox 246 2131 1583 2176; baseline -0.003 -11"><span class='ocrx_word' id='word_1_238' title='bbox 246 2135 402 2176; x_wconf 85' lang='lat' dir='ltr'>ambitio]</span> <span class='ocrx_word' id='word_1_239' title='bbox 431 2135 567 2165; x_wconf 82' lang='lat' dir='ltr'>arbitrio</span> <span class='ocrx_word' id='word_1_240' title='bbox 593 2135 626 2164; x_wconf 89' lang='lat' dir='ltr'><em>A</em></span> <span class='ocrx_word' id='word_1_241' title='bbox 762 2135 824 2173; x_wconf 82' lang='grc'>557</span> <span class='ocrx_word' id='word_1_242' title='bbox 850 2134 905 2163; x_wconf 76' lang='lat' dir='ltr'>vix</span> <span class='ocrx_word' id='word_1_243' title='bbox 923 2133 1004 2163; x_wconf 81' lang='lat' dir='ltr'>SAG.</span> <span class='ocrx_word' id='word_1_244' title='bbox 1030 2142 1136 2171; x_wconf 85' lang='lat' dir='ltr'>eugae</span> <span class='ocrx_word' id='word_1_245' title='bbox 1270 2132 1334 2171; x_wconf 90' lang='grc'>558</span> <span class='ocrx_word' id='word_1_246' title='bbox 1357 2132 1518 2170; x_wconf 77' lang='lat' dir='ltr'>adgressu</span> <span class='ocrx_word' id='word_1_247' title='bbox 1549 2131 1583 2162; x_wconf 92' lang='lat' dir='ltr'><em>P</em></span> 
     </span>
     <span class='ocr_line' id='line_1_32' title="bbox 247 2175 1578 2218; baseline -0.002 -10"><span class='ocrx_word' id='word_1_248' title='bbox 247 2179 313 2218; x_wconf 73' lang='lat' dir='ltr'>(iii.</span> <span class='ocrx_word' id='word_1_249' title='bbox 334 2180 369 2217; x_wconf 50' lang='lat'>35</span> <span class='ocrx_word' id='word_1_250' title='bbox 503 2180 634 2217; x_wconf 76' lang='lat'>559—60</span> <span class='ocrx_word' id='word_1_251' title='bbox 658 2188 698 2208; x_wconf 87' lang='lat' dir='ltr'>ea</span> <span class='ocrx_word' id='word_1_252' title='bbox 723 2179 803 2208; x_wconf 83' lang='lat' dir='ltr'>urbs</span> <span class='ocrx_word' id='word_1_253' title='bbox 820 2202 827 2209; x_wconf 91' lang='lat'>.</span> <span class='ocrx_word' id='word_1_254' title='bbox 846 2202 852 2208; x_wconf 90' lang='lat'><em>.</em></span> <span class='ocrx_word' id='word_1_255' title='bbox 876 2201 883 2207; x_wconf 95' lang='lat'><em>.</em></span> <span class='ocrx_word' id='word_1_256' title='bbox 902 2177 1046 2207; x_wconf 78' lang='lat' dir='ltr'>aderunt</span> <span class='ocrx_word' id='word_1_257' title='bbox 1063 2187 1128 2207; x_wconf 86' lang='lat' dir='ltr'>om.</span> <span class='ocrx_word' id='word_1_258' title='bbox 1164 2175 1195 2206; x_wconf 85' lang='lat' dir='ltr'><em>P</em></span> <span class='ocrx_word' id='word_1_259' title='bbox 1220 2177 1365 2216; x_wconf 82' lang='lat' dir='ltr'>(propter</span> <span class='ocrx_word' id='word_1_260' title='bbox 1377 2175 1578 2209; x_wconf 54' lang='lat' dir='ltr'>homoeotel.)</span> 
     </span>
     <span class='ocr_line' id='line_1_33' title="bbox 248 2218 1577 2262; baseline -0.004 -9"><span class='ocrx_word' id='word_1_261' title='bbox 248 2232 311 2262; x_wconf 83' lang='lat'>559</span> <span class='ocrx_word' id='word_1_262' title='bbox 325 2222 408 2261; x_wconf 82' lang='lat' dir='ltr'>sort.</span> <span class='ocrx_word' id='word_1_263' title='bbox 430 2233 545 2253; x_wconf 85' lang='lat' dir='ltr'>moero</span> <span class='ocrx_word' id='word_1_264' title='bbox 673 2222 738 2261; x_wconf 88' lang='lat'>560</span> <span class='ocrx_word' id='word_1_265' title='bbox 762 2220 947 2251; x_wconf 79' lang='lat' dir='ltr'>aberuntA</span> <span class='ocrx_word' id='word_1_266' title='bbox 1041 2218 1215 2250; x_wconf 83' lang='lat' dir='ltr'>murumA</span> <span class='ocrx_word' id='word_1_267' title='bbox 1331 2220 1394 2258; x_wconf 88' lang='lat'>562</span> <span class='ocrx_word' id='word_1_268' title='bbox 1419 2219 1467 2249; x_wconf 84' lang='lat' dir='ltr'>ire</span> <span class='ocrx_word' id='word_1_269' title='bbox 1484 2219 1577 2260; x_wconf 90' lang='lat' dir='ltr'>hinc]</span> 
     </span>
     <span class='ocr_line' id='line_1_34' title="bbox 249 2263 1578 2306; baseline -0.002 -10"><span class='ocrx_word' id='word_1_270' title='bbox 249 2267 314 2296; x_wconf 92' lang='lat' dir='ltr'>h—-</span> <span class='ocrx_word' id='word_1_271' title='bbox 330 2266 361 2296; x_wconf 82' lang='lat' dir='ltr'><em>A</em></span> <span class='ocrx_word' id='word_1_272' title='bbox 384 2266 416 2306; x_wconf 46' lang='lat' dir='ltr'>gi.</span> <span class='ocrx_word' id='word_1_273' title='bbox 431 2277 454 2297; x_wconf 81' lang='lat' dir='ltr'>e.</span> <span class='ocrx_word' id='word_1_274' title='bbox 470 2267 549 2296; x_wconf 86' lang='lat' dir='ltr'>hinc</span> <span class='ocrx_word' id='word_1_275' title='bbox 568 2266 632 2301; x_wconf 56' lang='lat' dir='ltr'>ire]</span> <span class='ocrx_word' id='word_1_276' title='bbox 710 2266 772 2305; x_wconf 81' lang='grc'>563</span> <span class='ocrx_word' id='word_1_277' title='bbox 798 2269 893 2295; x_wconf 82' lang='lat' dir='ltr'>ussut</span> <span class='ocrx_word' id='word_1_278' title='bbox 911 2263 942 2293; x_wconf 89' lang='grc' dir='ltr'><em>Β</em></span> <span class='ocrx_word' id='word_1_279' title='bbox 961 2266 1034 2304; x_wconf 79' lang='lat' dir='ltr'>(pro</span> <span class='ocrx_word' id='word_1_280' title='bbox 1051 2269 1164 2294; x_wconf 83' lang='lat' dir='ltr'>ussust</span> <span class='ocrx_word' id='word_1_281' title='bbox 1178 2263 1204 2298; x_wconf 55' lang='lat' dir='ltr'>ft)</span> <span class='ocrx_word' id='word_1_282' title='bbox 1286 2263 1348 2301; x_wconf 88' lang='lat'>564</span> <span class='ocrx_word' id='word_1_283' title='bbox 1374 2263 1422 2292; x_wconf 79' lang='lat' dir='ltr'>vel</span> <span class='ocrx_word' id='word_1_284' title='bbox 1437 2273 1533 2302; x_wconf 85' lang='lat' dir='ltr'>mage</span> <span class='ocrx_word' id='word_1_285' title='bbox 1550 2273 1578 2294; x_wconf 89' lang='lat' dir='ltr'>c.</span> 
     </span>
     <span class='ocr_line' id='line_1_35' title="bbox 251 2305 1581 2349; baseline -0.004 -9"><span class='ocrx_word' id='word_1_286' title='bbox 251 2321 347 2348; x_wconf 80' lang='lat' dir='ltr'>mage</span> <span class='ocrx_word' id='word_1_287' title='bbox 494 2311 558 2349; x_wconf 88' lang='lat'>568</span> <span class='ocrx_word' id='word_1_288' title='bbox 582 2314 723 2339; x_wconf 86' lang='lat' dir='ltr'>uotuero</span> <span class='ocrx_word' id='word_1_289' title='bbox 743 2308 977 2339; x_wconf 74' lang='lat' dir='ltr'>Camerarius:</span> <span class='ocrx_word' id='word_1_290' title='bbox 1003 2307 1143 2347; x_wconf 79' lang='lat' dir='ltr'>uoluero</span> <span class='ocrx_word' id='word_1_291' title='bbox 1167 2306 1199 2336; x_wconf 90' lang='lat' dir='ltr'><em>A</em></span> <span class='ocrx_word' id='word_1_292' title='bbox 1218 2317 1225 2337; x_wconf 90' lang='lat'>:</span> <span class='ocrx_word' id='word_1_293' title='bbox 1248 2317 1313 2336; x_wconf 84' lang='lat' dir='ltr'>om.</span> <span class='ocrx_word' id='word_1_294' title='bbox 1341 2305 1373 2335; x_wconf 88' lang='lat' dir='ltr'><em>P</em></span> <span class='ocrx_word' id='word_1_295' title='bbox 1517 2316 1581 2345; x_wconf 85' lang='lat'>572</span> 
     </span>
     <span class='ocr_line' id='line_1_36' title="bbox 251 2348 1577 2396; baseline -0.004 -12"><span class='ocrx_word' id='word_1_296' title='bbox 251 2354 396 2384; x_wconf 83' lang='lat' dir='ltr'>anellum</span> <span class='ocrx_word' id='word_1_297' title='bbox 415 2353 538 2384; x_wconf 72' lang='lat' dir='ltr'>Bothe:</span> <span class='ocrx_word' id='word_1_298' title='bbox 562 2353 697 2383; x_wconf 86' lang='lat' dir='ltr'>anulum</span> <span class='ocrx_word' id='word_1_299' title='bbox 709 2351 797 2383; x_wconf 86' lang='lat' dir='ltr'>codd.</span> <span class='ocrx_word' id='word_1_300' title='bbox 900 2361 962 2391; x_wconf 85' lang='lat'>573</span> <span class='ocrx_word' id='word_1_301' title='bbox 988 2351 1072 2381; x_wconf 87' lang='lat' dir='ltr'>tulte</span> <span class='ocrx_word' id='word_1_302' title='bbox 1096 2350 1128 2380; x_wconf 86' lang='lat' dir='ltr'><em>A</em></span> <span class='ocrx_word' id='word_1_303' title='bbox 1221 2349 1380 2396; x_wconf 62' lang='lat' dir='ltr'>compedis</span> <span class='ocrx_word' id='word_1_304' title='bbox 1397 2360 1527 2380; x_wconf 83' lang='lat' dir='ltr'>crassas</span> <span class='ocrx_word' id='word_1_305' title='bbox 1545 2348 1577 2378; x_wconf 88' lang='lat' dir='ltr'><em>A</em></span> 
     </span>
     <span class='ocr_line' id='line_1_37' title="bbox 252 2397 1580 2442; baseline -0.003 -10"><span class='ocrx_word' id='word_1_306' title='bbox 252 2412 314 2442; x_wconf 89' lang='lat'>574</span> <span class='ocrx_word' id='word_1_307' title='bbox 340 2402 347 2431; x_wconf 94' lang='lat' dir='ltr'>i</span> <span class='ocrx_word' id='word_1_308' title='bbox 365 2403 455 2433; x_wconf 86' lang='lat' dir='ltr'>sisin</span> <span class='ocrx_word' id='word_1_309' title='bbox 470 2402 501 2432; x_wconf 77' lang='lat' dir='ltr'><em>A</em></span> <span class='ocrx_word' id='word_1_310' title='bbox 520 2414 527 2432; x_wconf 91' lang='lat'>:</span> <span class='ocrx_word' id='word_1_311' title='bbox 553 2402 561 2431; x_wconf 93' lang='lat' dir='ltr'>i</span> <span class='ocrx_word' id='word_1_312' title='bbox 580 2402 612 2432; x_wconf 88' lang='lat' dir='ltr'>in</span> <span class='ocrx_word' id='word_1_313' title='bbox 632 2401 680 2431; x_wconf 86' lang='lat' dir='ltr'>P:</span> <span class='ocrx_word' id='word_1_314' title='bbox 708 2402 739 2431; x_wconf 87' lang='lat' dir='ltr'>in</span> <span class='ocrx_word' id='word_1_315' title='bbox 757 2401 889 2431; x_wconf 75' lang='lat' dir='ltr'>seclusi:</span> <span class='ocrx_word' id='word_1_316' title='bbox 905 2401 985 2439; x_wconf 75' lang='lat' dir='ltr'>sort.</span> <span class='ocrx_word' id='word_1_317' title='bbox 1007 2398 1049 2430; x_wconf 84' lang='lat' dir='ltr'>in&#39;</span> <span class='ocrx_word' id='word_1_318' title='bbox 1139 2399 1207 2439; x_wconf 83' lang='lat' dir='ltr'>(tu)</span> <span class='ocrx_word' id='word_1_319' title='bbox 1225 2399 1345 2439; x_wconf 67' lang='lat' dir='ltr'>lfi(an)c</span> <span class='ocrx_word' id='word_1_320' title='bbox 1362 2408 1436 2428; x_wconf 87' lang='lat' dir='ltr'>eme</span> <span class='ocrx_word' id='word_1_321' title='bbox 1453 2408 1504 2429; x_wconf 89' lang='lat' dir='ltr'>au.</span> <span class='ocrx_word' id='word_1_322' title='bbox 1521 2397 1552 2427; x_wconf 83' lang='lat' dir='ltr'><em>A</em></span> <span class='ocrx_word' id='word_1_323' title='bbox 1573 2408 1580 2428; x_wconf 90' lang='lat'>:</span> 
     </span>
     <span class='ocr_line' id='line_1_38' title="bbox 253 2444 1007 2485; baseline -0.004 -8"><span class='ocrx_word' id='word_1_324' title='bbox 253 2447 337 2477; x_wconf 89' lang='lat' dir='ltr'>hanc</span> <span class='ocrx_word' id='word_1_325' title='bbox 353 2456 426 2476; x_wconf 88' lang='lat' dir='ltr'>eme</span> <span class='ocrx_word' id='word_1_326' title='bbox 444 2445 516 2485; x_wconf 64' lang='lat' dir='ltr'>(sed</span> <span class='ocrx_word' id='word_1_327' title='bbox 530 2455 603 2475; x_wconf 88' lang='lat' dir='ltr'>eme</span> <span class='ocrx_word' id='word_1_328' title='bbox 620 2445 706 2475; x_wconf 79' lang='lat' dir='ltr'>hanc</span> <span class='ocrx_word' id='word_1_329' title='bbox 730 2445 771 2485; x_wconf 83' lang='lat' dir='ltr'>T)</span> <span class='ocrx_word' id='word_1_330' title='bbox 789 2449 888 2483; x_wconf 85' lang='lat' dir='ltr'>atque</span> <span class='ocrx_word' id='word_1_331' title='bbox 905 2455 955 2474; x_wconf 91' lang='lat' dir='ltr'>au.</span> <span class='ocrx_word' id='word_1_332' title='bbox 975 2444 1007 2474; x_wconf 87' lang='grc' dir='ltr'><em>Ρ</em></span> 
     </span>
    </p>
   </div>
   <div class='ocr_carea' id='block_1_6' title="bbox 1004 2524 1026 2535">
    <p class='ocr_par' dir='ltr' id='par_1_6' title="bbox 1004 2524 1026 2535">
     <span class='ocr_line' id='line_1_39' title="bbox 1004 2524 1026 2535; baseline 0 0"><span class='ocrx_word' id='word_1_333' title='bbox 1004 2524 1026 2535; x_wconf 70' lang='lat' dir='ltr'><em>l</em></span> 
     </span>
    </p>
   </div>
  </div>
 </body>
</html>
