1731 2713
709 106 1026 144 PSEVDOLVS
1498 106 1526 143 Ι.
1548 104 1577 142 ii

365 220 515 270 δύναμιν
535 219 642 258 domi
663 219 811 257 habent
830 231 1066 256 maxumam.

364 285 394 323 si
417 284 511 323 mihi
533 298 613 323 non
634 283 709 323 iam
731 284 808 322 huc
828 282 964 321 culleis

364 351 495 389 oleum
516 351 765 399 deportatum
787 347 867 393 erit,

204 425 240 453 te
261 414 386 466 ipsam
407 416 534 454 culleo
555 427 628 464 ego
649 426 732 452 cras
753 411 892 451 faciam
914 420 956 450 ut
977 412 1182 461 deportere
1203 410 1241 448 in
1263 412 1461 461 pergulam
1479 425 1487 457 ς
1548 420 1586 458 ⁸5

118 492 180 526 215
203 480 256 519 ibi
278 479 348 518 tibi
363 481 464 518 adeo
478 481 601 518 lectus
617 478 773 517 dabitur
789 476 856 515 ubi
871 484 911 515 tu
926 477 1003 514 hau
1018 489 1201 515 somnum
1218 476 1360 526 capias,
1376 477 1445 514 sed
1462 474 1529 513 ubi

364 558 489 594 usque
509 545 559 582 ad
579 545 975 593 languorem—tenes
1351 536 1355 537 ⁷

363 623 442 659 quo
464 622 505 647 se
525 610 623 647 haec
644 608 808 646 tendant
829 620 930 657 quae
950 607 1100 656 loquor.

202 675 277 722 ain,
301 681 453 713 excetra
473 674 545 712 tu?
573 686 674 723 quae
696 671 766 711 tibi
787 671 935 710 amicos
957 679 1015 710 tot
1042 672 1163 710 habes
1185 680 1264 710 tam
1293 671 1415 722 probe
1443 672 1530 710 oleo

1353 743 1527 782 onustos,

257 818 352 843 num
373 803 575 855 quoipiam
597 811 654 842 est
676 802 795 842 hodie
817 810 883 840 tua
903 810 1060 840 tuorum
1082 802 1201 852 Opera
1222 814 1502 840 conseruorum
1550 813 1593 844 90

116 884 187 910 220
203 870 499 909 nitidiusculum
521 871 667 920 caput?
696 871 762 906 aut
783 882 877 906 num
895 867 977 918 ipse
995 881 1066 918 ego
1083 869 1288 918 pulmento
1305 875 1392 906 utor
1408 866 1530 917 magis

203 934 481 974 unctiusculo?
521 935 590 973 sed
612 934 703 981 scio,
728 942 770 972 tu
791 935 922 972 oleum
943 935 1021 972 hau
1043 933 1172 983 magni
1194 932 1345 984 pendis,
1369 932 1462 971 uino

363 1008 401 1039 te
421 999 609 1039 deuincis.
669 998 753 1037 sine
772 1000 906 1046 modo,

203 1067 487 1116 reprehendam
509 1078 581 1115 ego
611 1072 752 1103 cuncta
782 1065 912 1103 hercle
942 1077 1020 1102 una
1047 1078 1178 1114 opera,
1199 1063 1273 1102 nisi
1300 1062 1462 1114 quidem
1489 1070 1530 1102 tu

1280 1130 1377 1167 haec
1398 1127 1531 1167 omnia

366 1195 460 1234 facis
480 1196 629 1235 eefeeta
648 1208 749 1245 quae
770 1196 919 1245 loquor.
1552 1202 1593 1235 95

119 1275 181 1311 225
205 1269 246 1300 tu
266 1270 398 1300 autem
415 1275 516 1311 quae
536 1274 606 1311 pro
626 1259 754 1310 capite
773 1267 978 1309 argentum
995 1258 1092 1298 mihi
1112 1258 1189 1297 iam
1205 1258 1363 1310 iamque
1379 1271 1533 1309 semper

1336 1319 1532 1372 numeras,

203 1405 249 1430 ea
269 1391 414 1442 pacisci
435 1392 556 1430 modo
577 1390 663 1438 scis,
686 1391 756 1429 sed
776 1391 885 1440 quod
907 1397 1021 1440 pacta
1041 1404 1082 1428 es
1103 1403 1184 1428 non
1205 1389 1279 1428 scis
1301 1391 1464 1437 soluere,

259 1457 527 1503 Phoenicium,
564 1456 635 1494 tibi
667 1469 740 1506 ego
778 1457 876 1494 haec
909 1457 1060 1505 loquor,
1094 1454 1259 1494 deliciae
1290 1462 1529 1493 summatum

1380 1533 1507 1558 uirum
1524 1535 1531 1558 ε

204 1587 278 1628 nisi
297 1588 417 1627 hodie
438 1587 491 1626 mi
512 1601 558 1626 ex
578 1586 710 1626 fundis
730 1594 888 1625 tuorum
914 1586 1129 1625 amicorum
1159 1599 1277 1625 omne
1301 1586 1379 1624 huc
1406 1598 1532 1636 penus

1347 1652 1530 1700 adfertur,

205 1734 288 1759 cras
310 1718 567 1758 Phoenicium
589 1717 782 1768 poeniceo
802 1717 909 1756 corio
930 1716 1075 1756 inuises
1096 1718 1307 1772 gergulam.
1556 1728 1617 1752 100

315 1810 642 1848 CALIDORVS
765 1808 1091 1845 PSEVDoLvS
1204 1808 1415 1844 BALLIO
1552 1804 1597 1841 iii

123 1895 189 1930 230
316 1885 432 1924 CALI.
464 1885 671 1931 Pseudole,
707 1897 788 1922 non
822 1882 935 1921 audis
967 1896 1068 1934 quae
1100 1882 1164 1921 hic
1199 1882 1401 1932 loquitur?
1469 1883 1530 1920 ΡΞ.

560 1949 690 1996 audio,
714 1962 787 1995 ere,
811 1948 996 1998 equidem
1017 1956 1136 1998 atque
1156 1947 1332 1986 animum
1353 1948 1530 1986 aduorto.

250 2064 309 2085 211
337 2055 436 2085 domo
453 2055 486 2085 A
599 2065 661 2085 212
686 2055 763 2086 huic
781 2054 899 2086 cullius
915 2055 948 2086 P
1058 2064 1121 2094 213
1146 2053 1211 2084 erit
1226 2064 1292 2085 om.
1308 2052 1343 2083 P
1471 2062 1532 2091 217

207 2099 262 2129 vix
292 2109 398 2138 quose
432 2099 482 2135 (nt
507 2108 661 2137 quosum,
695 2099 870 2138 quorsum)
1014 2099 1077 2128 218
1102 2097 1172 2139 ain]
1207 2108 1250 2128 en
1278 2096 1312 2127 P
1396 2099 1536 2126 excetra

207 2142 346 2183 tltlspltket
434 2141 514 2181 sort.
534 2142 590 2173 ain
609 2143 692 2179 sain)
714 2143 762 2173 vel
776 2147 864 2173 extra
884 2153 1015 2174 versum
1035 2143 1085 2173 vel
1099 2143 1131 2172 in
1141 2142 1214 2180 fine
1233 2152 1261 2171 v.
1282 2150 1345 2179 224
1363 2138 1532 2170 collocand.

206 2186 370 2217 honestos
380 2185 412 2215 Α
513 2195 576 2225 219
600 2187 732 2226 cupiam
748 2186 782 2216 P
847 2187 949 2217 hodie
960 2186 1083 2218 etuaP
1098 2187 1171 2227 (pro
1184 2185 1341 2215 hodi&ua
1353 2184 1379 2223 3>
1470 2193 1534 2214 220

206 2229 443 2261 nitidissimum
471 2229 504 2260 P
662 2239 724 2260 222
749 2231 891 2270 deungis
922 2229 1097 2261 Acz'dalius
1262 2238 1325 2267 223
1350 2227 1532 2267 rependam

205 2273 369 2314 Angelius
456 2284 520 2313 ego
538 2278 659 2305 cuncta
677 2273 791 2305 hercle
809 2273 861 2304 P:
886 2284 950 2313 ego
975 2273 1089 2305 hercle
1109 2284 1174 2313 ego
1195 2278 1318 2304 cuncta
1334 2271 1366 2302 A
1385 2282 1392 2301 z
1416 2269 1532 2301 hercle

206 2327 270 2357 ego
286 2322 406 2349 cuncta
427 2317 548 2348 Usener
648 2327 679 2349 n.
699 2329 730 2357 q.
755 2318 856 2348 hodie
879 2322 914 2348 tu
939 2317 1052 2348 omnia
1100 2316 1196 2348 Facis
1219 2316 1364 2347 scelesta
1388 2314 1472 2345 haec
1496 2318 1531 2344 ut

206 2360 327 2400 loquor
341 2361 373 2392 Ρ
489 2370 552 2400 225
577 2371 688 2402 ,seper
703 2360 736 2391 A
755 2372 762 2392 z
786 2371 868 2400 sepe
886 2360 919 2390 Ρ
1026 2371 1088 2400 227
1114 2361 1197 2391 haec
1216 2370 1279 2400 ego
1295 2359 1330 2390 P
1416 2367 1530 2388 uerum

205 2404 238 2434 A
385 2415 449 2445 229
472 2405 629 2445 phoenici
661 2405 842 2444 phoenicio
867 2404 900 2435 Ρ
997 2403 1127 2435 inuisus
1162 2404 1193 2434 A
1352 2413 1416 2442 230
1440 2401 1532 2433 nulla

206 2459 290 2480 nova
301 2450 415 2480 sc'aena
432 2448 464 2479 A
556 2449 634 2480 audi
652 2459 728 2479 cere
745 2447 778 2478 P
792 2452 883 2487 (corr.
902 2446 952 2488 D)

1680 1712 1712 1739 s
