1783 2707
184 119 251 156 IV.

216 242 255 273 45

217 762 256 793 50

220 1212 257 1245 55

220 1597 263 1629 60

273 117 301 153 ii
677 114 722 148 T.
758 111 937 149 MACCI
970 109 1172 146 PLAVTI

275 232 446 275 quartus,
472 223 643 274 quintus,
669 229 810 267 sextus,
835 233 959 270 usque
987 226 1196 269 postquam
1217 218 1310 256 hinc
1337 216 1485 267 peregri
1506 216 1603 256 eiius

1494 289 1604 332 pater

276 355 381 401 abiit,
406 366 622 403 numquam
645 351 707 389 hic
730 350 900 389 triduom
922 362 1045 387 unum
1067 347 1238 387 desitum
1259 355 1317 386 est
1337 346 1515 398 potarier.
1598 399 1601 401 Δ

276 423 354 459 ΤΗ.
388 420 483 469 quid
497 419 582 456 ais?
632 419 733 455 PHA.
772 415 943 454 triduom
972 428 1094 452 unum
1118 421 1178 452 'est
1206 414 1314 452 haud
1339 411 1604 450 intermissum

1262 477 1326 516 hic
1346 491 1431 516 esse
1452 484 1490 515 et
1511 475 1603 523 bibi,

278 558 404 589 scorta
425 548 526 594 duci,
551 546 798 598 pergraecari,
823 544 1012 591 fidicinas,
1037 543 1217 582 tibicinas
1625 544 1696 588 960

278 618 431 654 ducere.
513 615 592 650 TH.
638 611 725 662 quis
764 611 883 649 istaec
923 608 1120 648 faciebat?
1196 611 1300 646 PHA.
1341 599 1604 646 Philolaches.

1130 676 1209 712 TH.
1243 675 1309 723 qui
1332 672 1608 711 Philolaches?

279 748 380 783 PHA.
418 743 564 794 quoiiu'
595 750 745 792 patrem
776 739 1100 791 Theopropidem
1133 753 1219 777 esse
1251 738 1401 789 opinor.
1461 739 1539 774 TH.
1573 736 1609 775 ei

1366 801 1444 853 <6ἰ>,
1469 800 1606 849 occidi,

278 875 309 912 si
332 876 427 912 haec
449 873 512 911 hic
534 886 626 911 uera
647 878 837 909 memorat
859 873 864 908 ἒ
896 883 1054 920 pergam
1076 882 1191 918 porro
1214 866 1486 918 percontarier.

277 939 341 977 ain
363 947 403 977 tu
425 938 510 976 istic
532 945 666 988 potare
687 936 845 974 solitum
869 934 1139 972 Philolachem
1161 933 1290 979 istum,
1315 931 1492 982 quisquis
1513 939 1581 978 est,

278 1007 368 1043 cum
397 1017 463 1042 ero
492 1004 655 1041 uostro?
712 1004 813 1039 PHA.
844 999 918 1047 aio,
947 999 1120 1050 inquam.
1180 1000 1215 1036 T
1220 1011 1259 1036 H.
1297 1011 1427 1048 puere,
1459 1004 1610 1047 praeter
1628 1003 1694 1047 965

1198 1063 1371 1114 speciem
1393 1064 1533 1102 stultus
1555 1076 1606 1101 es.

279 1135 371 1173 uide
392 1134 443 1173 sis
464 1148 513 1172 ne
535 1135 632 1173 forte
653 1134 704 1171 ad
725 1132 953 1171 merendam
975 1130 1163 1181 quopiam
1186 1129 1403 1168 deuorteris

279 1208 398 1251 atque
425 1199 479 1239 ibi
499 1199 757 1250 ampliuscule
784 1211 903 1248 quam
925 1195 1006 1235 sati’
1028 1197 1140 1234 suerit
1161 1194 1318 1234 biberis.
1380 1197 1481 1233 PHA.
1514 1193 1611 1244 quid

1525 1267 1583 1298 est
1596 1261 1612 1298 ?

280 1334 358 1369 TH.
392 1331 445 1370 ita
465 1331 566 1377 dico,
591 1344 639 1369 ne
660 1330 710 1369 ad
731 1329 824 1368 alias
845 1327 953 1367 aedis
975 1340 1178 1378 perperam
1201 1325 1417 1365 deueneris.

281 1398 382 1434 PHA.
415 1396 496 1434 scio
518 1409 595 1445 qua
616 1408 678 1433 me
699 1393 776 1432 eire
797 1400 951 1444 oportet
972 1400 1010 1431 et
1031 1405 1110 1442 quo
1132 1391 1307 1430 uenerim
1329 1390 1423 1429 noui
1445 1392 1587 1429 locum.

281 1460 528 1499 Philolaches
550 1460 613 1498 hic
634 1458 795 1505 habitat,
819 1457 974 1508 quoiius
995 1465 1053 1495 est
1075 1464 1183 1507 pater
1204 1455 1517 1506 Theopropides.
1631 1466 1700 1502 970

281 1525 358 1575 qui,
382 1533 592 1576 postquam
614 1532 729 1575 pater‘
742 1525 792 1562 ad
815 1530 1029 1561 mercatum
1051 1522 1143 1560 hinc
1163 1521 1270 1568 abiit,
1293 1521 1357 1559 hic
1378 1520 1581 1559 tibicinam

282 1590 471 1629 liberauit.
543 1592 622 1628 TH.
656 1589 956 1628 Philolachesne
988 1589 1108 1638 ergo?
1178 1589 1280 1624 PHA.
1321 1586 1383 1632 ita,
1421 1585 1614 1624 Philema-

1317 1651 1413 1689 tium
1435 1650 1609 1700 quidem.

281 1723 360 1759 TH.
393 1720 561 1770 quanti?
624 1722 724 1758 PHA.
757 1718 1048 1769 triginta—TH.
1083 1716 1267 1755 talentis?
1326 1718 1427 1753 PHA.
1464 1719 1516 1765 μὰ
1547 1717 1618 1758 τὸν,

1176 1783 1365 1829 Ἀπόλλω,
1390 1783 1459 1819 sed
1480 1780 1606 1819 minis.

280 1853 359 1889 TH.
391 1851 600 1890 liberauit?
658 1853 758 1889 ΡΗΑ.
792 1849 972 1889 liberauit
993 1848 1134 1895 ualide‚
1159 1847 1314 1898 triginta
1335 1846 1461 1884 minis.
1628 1849 1717 1888 973a

324 1965 387 1995 957
413 1956 490 1986 hinc
506 1967 572 1986 om.
593 1956 624 1986 A
717 1955 872 1995 peregrei
891 1955 923 1984 A
941 1966 948 1985 ε
974 1964 1046 1993 —gre
1060 1954 1092 1984 P
1222 1954 1286 1992 958
1311 1952 1456 1983 triduom
1474 1961 1611 1981 murium

282 2000 403 2040 (unum
421 1999 483 2035 ΒΖ)
504 2000 649 2030 desitum
669 1999 760 2039 (add.
781 2004 833 2029 est
851 1999 883 2029 Β
901 1999 913 2038 >
937 2009 1011 2029 esse
1036 2002 1070 2028 et
1093 1996 1160 2028 bibi
1186 2002 1237 2027 est
1255 1996 1393 2036 <bibisse
1417 1999 1454 2025 ut
1469 1994 1535 2025 vid.
1552 1994 1608 2032 13¹,

283 2044 350 2074 bibi
363 2043 427 2083 B2)
446 2044 478 2074 P
494 2044 545 2081 (cfi
561 2046 640 2083 959)
740 2053 804 2082 959
827 2043 897 2081 agis
911 2041 943 2072 P
959 2045 1051 2072 (corr.
1065 2040 1127 2081 32)
1191 2041 1256 2071 essi
1275 2039 1462 2070 Lambinus
1548 2039 1608 2076 961

283 2087 424 2118 conduci
454 2088 598 2117 Ritsclzl:
635 2087 751 2117 ducier
781 2086 969 2116 Lambinus
1121 2086 1185 2124 962
1210 2085 1288 2123 quoi
1315 2082 1348 2112 Ρ
1448 2082 1496 2112 vel
1511 2082 1612 2120 opino

284 2135 318 2161 et
339 2130 389 2161 P:
414 2131 443 2160 ei
461 2130 536 2173 (ei)
553 2131 735 2162 Gruterzscs:
761 2131 791 2161 ei
806 2128 929 2172 (mihi)
945 2128 1156 2160 Camerarius
1287 2128 1350 2166 964
1377 2127 1460 2156 istuc
1477 2131 1612 2165 portare

283 2174 317 2203 P
423 2175 548 2215 silitum
569 2175 601 2204 Α
779 2175 843 2212 965
868 2177 981 2203 uostra
1002 2172 1035 2203 P
1056 2176 1147 2203 (corr.
1170 2171 1228 2204 Bi
1363 2170 1416 2209 aio
1441 2169 1497 2199 A:
1528 2168 1612 2198 haec

285 2218 377 2257 (hec)
391 2217 442 2248 P:
467 2219 519 2248 hic
543 2218 617 2248 Ital.
708 2218 770 2257 967
796 2215 1015 2256 ampliuscule
1032 2214 1119 2246 Leo:
1136 2214 1278 2254 amplius
1299 2213 1330 2243 A
1347 2225 1352 2243 :
1379 2213 1498 2242 melius
1515 2211 1567 2243 cui
1584 2211 1617 2241 P

283 2262 348 2300 968
372 2262 411 2291 ab
430 2262 460 2292 Ρ
476 2264 567 2302 (corr.
588 2260 649 2300 3¹2)
742 2260 924 2291 neueneris
942 2259 974 2289 P
1116 2260 1181 2298 969
1205 2257 1289 2299 eire]
1316 2262 1349 2287 et
1366 2267 1402 2286 re
1419 2256 1451 2286 Ρ
1467 2255 1530 2286 sire
1550 2254 1612 2295 3²)

285 2305 409 2346 locum]
433 2304 523 2344 loqui
542 2305 574 2335 P
594 2308 671 2345 (pro
688 2304 791 2345 locir)
946 2312 1006 2342 971
1034 2312 1079 2333 m.
1099 2302 1150 2332 ab.
1168 2302 1245 2332 hinc
1265 2308 1344 2333 (om.
1365 2300 1432 2336 hie)
1452 2299 1483 2329 P
1499 2298 1560 2336 (iii.
1581 2298 1612 2338 1)

285 2358 348 2388 972
373 2359 431 2379 -ne
454 2359 520 2379 om.
542 2348 574 2378 P
702 2358 765 2388 973
788 2347 863 2389 sed]
888 2357 951 2378 sex
970 2346 1003 2377 P
1139 2347 1220 2385 973ιὶι
1243 2355 1309 2375 om.
1336 2343 1369 2374 P
1384 2343 1443 2384 (iii.
1464 2342 1516 2382 11)
