1731 2713
681 111 1028 148 TRINVMMVS
1443 112 1517 148 ΙΙΙ.
1540 110 1568 147 ii

109 225 266 271 630LE.
299 224 406 271 quod
442 229 499 260 cst
531 221 785 266 facillumum,
823 220 928 258 sacis.
1004 221 1071 257 Lv.
1105 220 1200 269 quid
1233 219 1272 258 id
1305 223 1394 258 est?
1453 222 1522 257 LE.

1182 284 1310 322 amico
1332 284 1523 323 iniuriam.

197 353 264 389 Lx:
309 366 436 401 neque
477 358 646 390 meumst
685 363 814 400 neque
857 351 982 388 facere
1028 348 1160 387 didici.
1239 350 1308 387 LE.
1342 349 1525 388 indoctus
1546 365 1563 396 5

1128 427 1246 463 quam
1269 415 1386 452 docte
1407 414 1524 453 facis!

193 480 288 531 quid
311 483 466 528 faceres,
491 480 521 519 si
543 481 629 531 quis
650 479 850 519 docuisset
871 487 921 526 te,
943 486 984 517 ut
1006 479 1060 517 sic
1081 479 1175 517 odio
1196 492 1300 517 esses
1324 479 1448 516 mihi?

196 543 299 598 [qui]
323 547 424 584 bene
458 559 580 596 quom
613 545 772 583 simulas
803 546 929 583 facere
961 543 1055 581 mihi
1082 552 1130 590 te,
1164 545 1264 582 male
1295 543 1399 591 facis,
1424 546 1524 582 male

1339 608 1521 647 consulis.

195 677 263 713 Lx:
293 678 448 726 egone?
506 677 576 714 LE.
606 683 710 713 tune.
773 676 842 713 ΙΝ.
875 674 970 724 quid
1003 675 1103 712 male
1125 673 1256 712 facio?
1314 675 1383 711 LE.
1417 674 1525 724 quod

994 753 1066 790 ego
1088 741 1192 788 nolo,
1215 739 1255 778 id
1276 752 1398 789 quom
1419 738 1523 777 facis.

107 809 172 855 635
195 808 263 844 Lv.
289 813 378 845 tuae
398 806 451 845 rei
475 807 576 844 bene
597 807 801 844 consulere
822 805 949 855 cupio.
1012 807 1083 843 LE.
1111 812 1152 843 tu
1175 802 1306 857 [mihi]
1328 818 1368 843 es
1390 804 1527 842 melior

1080 884 1200 921 quam
1221 878 1377 921 egomet
1397 870 1493 909 mihi
1510 872 1526 908 ?

193 945 250 976 sat
271 937 392 988 sapio,
416 937 508 975 satis
530 937 569 974 in
592 950 673 976 rem
697 950 797 986 quae
819 936 895 974 sint
917 949 1045 974 meam
1068 949 1141 985 ego
1163 935 1366 986 conspicio
1389 935 1494 974 mihi.
1547 951 1585 972 10

194 1004 263 1041 Lv.
295 1016 346 1040 an
367 1001 407 1041 id
429 1010 487 1041 est
508 1016 654 1052 sapere,
678 1009 719 1040 ut
741 1001 807 1051 qui
829 1001 1065 1040 beneficium
1087 1014 1110 1039 a
1131 1001 1394 1039 beneuolente
1415 1014 1524 1051 repu-

1412 1066 1495 1105 dies
1509 1068 1525 1104 ?

194 1133 264 1170 LE.
297 1133 448 1171 nullum
470 1132 708 1172 beneficium
731 1131 815 1170 e'sse
836 1133 941 1170 duco
969 1130 1009 1171 id
1036 1132 1144 1182 quod
1172 1131 1267 1182 quoi
1296 1131 1414 1170 facias
1444 1145 1524 1170 non

1382 1198 1520 1247 placet.

192 1262 274 1301 scio
294 1276 367 1313 ego
388 1270 425 1301 et
446 1262 573 1302 sentio
594 1262 677 1313 ipse
698 1262 794 1312 quid
815 1276 938 1313 agam,
957 1276 1087 1313 neque
1104 1276 1215 1301 mens
1236 1262 1365 1301 officio
1386 1261 1524 1313 migrat

104 1333 174 1375 640
192 1341 265 1366 nec
286 1327 362 1366 tuis
382 1329 555 1378 depellar
576 1326 690 1366 dictis
711 1327 807 1377 quin
829 1326 974 1365 rumori
995 1327 1175 1366 seruiam.

193 1394 261 1431 Lv.
294 1392 390 1443 quid
424 1392 513 1431 ais?
553 1406 644 1431 nam
678 1392 833 1431 retineri
868 1406 1024 1443 nequeo
1059 1393 1155 1443 quin
1187 1392 1316 1432 dicam
1347 1407 1393 1432 ea
1422 1406 1523 1444 quae
1544 1406 1581 1439 15

1297 1473 1497 1510 promeres
1516 1475 1522 1498 :

191 1523 271 1563 itan
292 1526 452 1564 tandem
473 1527 575 1563 hanc
596 1525 775 1564 maiiores
796 1527 941 1564 famam
963 1525 1206 1565 tradiderunt
1226 1526 1297 1564 tibi
1317 1525 1384 1574 tui,

191 1597 234 1628 ut
254 1590 398 1629 uirtute
419 1604 555 1630 eorum
577 1591 779 1641 anteperta
799 1605 867 1641 per
886 1590 1078 1642 flagitium
1103 1593 1319 1642 perderes?

191 1664 309 1706 atque
329 1656 469 1696 honori
491 1645 737 1708 posterorum
759 1665 915 1695 tuorum
938 1665 980 1696 ut
1002 1657 1148 1697 uindex
1169 1659 1292 1706 fieres,

105 1727 169 1772 645
191 1720 261 1759 tibi
282 1729 469 1772 paterque
489 1735 665 1772 auosque
685 1721 840 1761 facilem
862 1722 954 1761 fecit
974 1729 1012 1761 et
1032 1724 1190 1772 planam
1211 1722 1316 1761 uiam

189 1786 240 1824 ad
261 1788 536 1836 quaerundum
557 1788 749 1826 honorem
770 1802 776 1825 :
807 1795 848 1825 tu
869 1786 995 1826 fecisti
1016 1795 1058 1826 ut
1078 1787 1245 1827 difficilis
1266 1789 1364 1827 foret
1543 1803 1583 1826 20

190 1852 305 1901 culpa
325 1865 506 1890 maxume
528 1860 566 1890 et
586 1851 739 1891 desidia
760 1852 917 1903 tuisque
938 1851 1065 1891 stultis
1085 1852 1274 1892 moribus.

190 1916 469 1967 praeoptauisti
490 1929 665 1956 amorem
688 1926 798 1957 tuom
820 1917 876 1956 uti
897 1918 1030 1957 uirtuti
1051 1932 1322 1970 praeponeres.

191 1994 297 2020 nunc
318 1988 355 2020 te
385 1981 461 2020 hoc
490 1982 594 2021 facto
624 1982 750 2021 credis
780 1995 896 2033 posse
926 1990 1110 2034 optegere
1139 1986 1292 2023 errata?
1320 1985 1395 2023 aha
1414 1988 1420 2022 ἓ
1442 1998 1522 2023 non

1406 2050 1495 2089 itast
1515 2065 1522 2089 :

232 2154 295 2192 633
320 2153 374 2192 qui
393 2152 453 2186 dcl.
472 2154 653 2186 Hermann
785 2156 848 2195 635
874 2154 1143 2196 mihidelssmgk
1274 2158 1337 2196 637
1362 2156 1519 2187 acccdilA

190 2196 300 2227 iddest
313 2195 346 2226 A
451 2209 469 2228 a
486 2209 550 2229 om.
571 2199 604 2229 P
740 2201 804 2237 638
828 2199 935 2239 quod]
955 2210 1029 2231 cum
1047 2200 1080 2229 A
1227 2202 1292 2239 639
1317 2210 1433 2231 mense
1452 2201 1521 2231 offi-

191 2240 277 2270 cium
289 2239 321 2270 P
404 2242 467 2279 640
484 2241 680 2282 depellorP
765 2245 824 2282 641
851 2243 930 2282 quid
947 2244 996 2274 ais
1010 2243 1181 2274 Lesbonico
1194 2243 1251 2274 dat
1266 2243 1299 2273 P
1373 2244 1520 2275 retinere

190 2283 279 2314 codd.
298 2283 401 2314 Nom't'
413 2294 475 2324 475
491 2285 603 2324 etsort.
620 2285 653 2315 A
788 2289 850 2326 642
867 2287 955 2318 hanc
971 2298 1036 2318 om.
1054 2287 1087 2317 P
1214 2289 1278 2326 643
1301 2288 1521 2326 anteuertaA

191 2328 266 2367 643,
283 2329 344 2365 644
369 2328 541 2367 perderes,
564 2352 570 2359 .
589 2353 594 2360 .
613 2352 620 2360 .
650 2329 771 2360 fieres?
795 2329 968 2371 distinguit
982 2330 1135 2371 Hopkins
1152 2331 1271 2369 &Classz
1292 2331 1370 2362 Rev.
1391 2342 1422 2371 9,
1441 2335 1519 2371 3071

191 2374 252 2409 644
277 2371 325 2402 vel
346 2372 438 2411 atqui
570 2373 632 2412 645
656 2378 754 2412 pater
771 2373 852 2414 (om.
877 2375 958 2415 que)
977 2374 1009 2404 A
1030 2375 1099 2415 (120.
1120 2375 1254 2414 paterZ)
1387 2375 1465 2406 facit
1491 2375 1524 2406 P

192 2415 255 2452 648
279 2414 539 2455 praeoptasuisti
555 2415 588 2446 A
605 2416 826 2458 (inchoaverat
840 2419 1066 2459 praeoptasti)
1200 2419 1265 2458 649
1289 2423 1388 2459 pacto
1405 2418 1438 2449 P
