1783 2707
194 135 270 171 ΙΙΙ.

234 391 272 412 20

234 711 271 741 ²5

235 1041 274 1071 30

235 1429 274 1460 35

235 1760 278 1790 40

294 133 338 170 iii
698 133 743 169 T.
778 131 959 169 MACCI
992 130 1196 167 PLAVTI

402 255 561 293 possum
594 239 650 294 [a]
681 248 718 279 te
748 240 899 290 exigere
929 242 1165 289 argentum?
1207 247 1422 290 argentum,
1445 237 1617 288 inquam,

1507 303 1620 350 cedo,

400 372 495 422 quin
517 380 557 410 tu
580 371 632 409 mi
653 378 858 421 argentum
880 371 1044 409 reddis?
1074 371 1222 410 nihilne
1244 378 1281 409 te
1303 370 1455 420 pudet?

398 440 489 476 leno
511 445 547 476 te
569 444 772 486 argentum
794 435 934 485 poscit,
955 435 1082 474 solida
1102 435 1278 482 seruitus,
1640 448 1706 485 425

398 516 468 553 pro
489 501 691 540 liberanda
711 500 848 547 amica,
872 508 914 537 ut
936 514 1073 539 omnes
1094 500 1266 538 audiant.

399 569 473 605 To.
507 574 601 613 tace,
626 579 790 616 opsecro
811 567 952 603 hercle.
1011 579 1061 603 ne
1083 573 1149 603 tua
1168 580 1245 604 uox
1266 564 1395 603 ualide
1416 565 1520 602 ualet
1540 566 1546 602 !

404 635 479 670 Do.
513 633 744 670 referundae
765 645 837 681 ego
858 631 988 669 habeo
1010 631 1182 681 linguam
1206 639 1336 669 natam
1357 629 1511 680 gratiae.

401 699 541 736 eodem
564 696 658 734 mihi
681 696 805 746 pretio
827 698 881 734 sal
903 696 1155 746 praehibetur
1170 710 1249 746 quo
1271 695 1350 733 tibi.

400 763 473 801 nisi
496 776 558 801 me
579 764 676 800 haec
697 763 894 807 defendet,
919 776 1135 812 numquam
1159 761 1331 811 delinget
1352 762 1485 799 salem.
1641 773 1713 808 430

400 831 474 866 To.
507 828 583 866 iarn
605 827 742 866 omitte
764 827 883 864 iratus
905 840 1000 864 esse.
1061 826 1101 864 id
1123 826 1193 864 tibi
1214 825 1416 864 suscensui

401 894 493 944 quia
514 902 551 931 te
572 893 743 942 negabas
766 893 925 930 credere
947 899 1151 941 argentum
1174 891 1280 929 mihi.

403 961 479 997 Do.
513 958 653 996 mirum
675 957 769 1007 quin
791 956 861 995 tibi
883 970 955 1006 ego
977 956 1188 1003 crederem,
1212 964 1253 994 ut
1274 955 1379 994 idern
1402 955 1498 993 mihi

403 1026 548 1062 faceres
570 1024 677 1073 quod
700 1022 838 1072 partim
861 1022 1007 1059 faciunt
1028 1021 1231 1071 argentarii
1252 1036 1258 1058 :

403 1089 471 1127 ubi
492 1088 587 1138 quid
609 1087 831 1133 credideris,
856 1087 969 1125 citius
991 1088 1189 1135 extemplo
1212 1083 1268 1138 [a]
1291 1087 1375 1124 foro
1643 1097 1709 1134 435

401 1154 554 1204 fugiunt
575 1167 694 1203 quam
715 1167 760 1191 ex
781 1160 891 1202 porta
911 1152 1014 1190 ludis
1036 1165 1155 1201 quom
1179 1151 1360 1189 emissust
1381 1153 1502 1201 lepus.

401 1222 474 1258 To.
508 1233 604 1269 cape
643 1220 719 1256 hoc
759 1218 819 1256 sis.
882 1220 958 1255 Do.
992 1217 1086 1267 quin
1122 1218 1221 1255 das?
1277 1219 1350 1254 To.
1384 1216 1535 1254 nummi
1571 1229 1625 1254 se-

1271 1281 1394 1320 scenti
1415 1281 1479 1319 hic
1499 1288 1622 1328 erunt,

402 1349 526 1400 probi,
550 1348 753 1387 numerati.
813 1349 873 1386 fac
895 1347 942 1385 sit
963 1347 1103 1386 mulier
1123 1347 1244 1386 libera

402 1423 521 1465 atque
542 1416 618 1452 huc
639 1413 828 1452 continuo
848 1415 1014 1452 adduce.
1076 1415 1153 1451 DO.
1186 1413 1262 1451 iam
1285 1414 1372 1451 faxo
1391 1412 1455 1451 hic
1475 1412 1557 1451 erit.

404 1494 483 1519 non
505 1481 634 1518 hercle
656 1479 749 1529 quoi
771 1492 876 1516 nunc
898 1480 974 1517 hoc
996 1479 1088 1517 dem
1111 1480 1370 1528 spectandum
1392 1478 1484 1517 scio.
1643 1486 1714 1520 440

401 1548 476 1584 To.
508 1547 670 1583 fortasse
691 1544 832 1582 metuis
854 1544 893 1581 in
916 1558 1078 1582 manum
1101 1546 1370 1583 concredere?

404 1614 480 1649 Do.
514 1611 654 1648 mirum
676 1624 798 1660 quom
820 1609 934 1648 citius
956 1610 1033 1648 iarn
1057 1624 1080 1648 a
1102 1611 1184 1649 foro
1200 1610 1405 1661 argentarii

402 1678 550 1716 abeunt
572 1690 689 1726 quarn
711 1676 752 1713 in
774 1689 888 1714 cursu
910 1678 1037 1714 rotula
1059 1676 1385 1715 circumuortitur.

403 1745 477 1780 To.
510 1741 574 1780 abi
594 1742 690 1780 istac
706 1741 888 1780 trauorsis
909 1742 1122 1792 angiportis
1143 1743 1193 1780 ad
1215 1743 1342 1780 forum
1357 1756 1366 1789 3

403 1808 543 1846 eadem
563 1807 683 1845 istaec
704 1807 822 1845 facito
844 1806 984 1845 mulier
1004 1808 1054 1845 ad
1075 1821 1138 1845 me
1160 1814 1330 1845 transeat
1643 1817 1710 1853 445

401 1886 469 1923 per
490 1873 658 1910 hortum.
719 1874 796 1910 Do.
820 1871 897 1910 iam
919 1872 983 1910 hic
1004 1873 1092 1910 faxo
1113 1872 1247 1910 aderit.
1307 1874 1380 1910 To.
1413 1880 1451 1910 at
1471 1885 1521 1910 ne
1540 1885 1626 1922 pro-

1482 1939 1622 1987 palam.

404 2005 481 2042 Do.
514 2005 709 2054 sapienter
729 2017 834 2042 sane.
893 2005 966 2042 To.
1000 2003 1263 2054 supplicatum
1285 2017 1367 2042 cras
1389 2011 1461 2042 eat.

404 2070 481 2107 Do.
514 2068 566 2107 ita
597 2070 728 2108 hercle
760 2071 999 2108 uero—To.
1038 2070 1133 2107 dum
1172 2076 1260 2116 stas,
1306 2069 1474 2108 reditum
1513 2082 1625 2119 opor-

1537 2141 1620 2172 tuit.

339 2249 402 2278 423
427 2250 446 2269 a
463 2250 528 2269 om.
542 2238 575 2269 A
592 2239 642 2280 (cs.
659 2238 737 2278 435)
829 2249 892 2278 424
917 2238 1059 2280 nihilne]
1077 2238 1162 2269 nihil
1177 2239 1210 2269 ni
1223 2238 1255 2268 P
1341 2249 1405 2278 430
1428 2239 1510 2269 haec
1524 2249 1576 2269 me
1588 2237 1621 2268 A

296 2293 356 2322 431
383 2283 499 2313 omitto
517 2283 550 2313 P
688 2293 750 2322 432
775 2282 823 2324 te]
842 2289 877 2323 “tu
899 2283 932 2312 A
1074 2293 1137 2322 433
1161 2287 1197 2313 ut
1213 2281 1293 2324 (tu)
1310 2281 1414 2313 Bothe
1560 2292 1622 2322 435

296 2336 315 2356 a
333 2337 396 2357 om.
417 2326 449 2355 A
601 2328 666 2366 436
691 2336 791 2365 quom
816 2326 991 2366 emissust]
1018 2327 1160 2366 emissus
1176 2326 1209 2356 A
1356 2336 1418 2365 437
1444 2336 1525 2365 sape
1542 2336 1620 2357 corr.

296 2380 378 2408 cape
394 2369 435 2407 P,
454 2373 493 2400 ut
505 2369 568 2401 vid.
704 2379 768 2408 439
793 2369 968 2409 (ad)ducei
993 2369 1025 2398 A
1173 2380 1236 2407 442
1261 2369 1378 2399 mirum
1398 2370 1478 2408 quin
1496 2369 1528 2399 A
1551 2370 1624 2410 (pro

295 2412 388 2453 qum)
410 2413 459 2454 (cf.
476 2413 600 2452 Journ.
621 2412 704 2444 Phil.
725 2415 776 2450 26,
792 2414 868 2452 289)
1004 2414 1133 2451 444—78
1157 2412 1240 2443 deest
1255 2413 1287 2442 A

986 2530 1010 2540 l
