1783 2707
179 114 248 151 IV.
270 113 315 149 iii
655 113 701 149 T.
735 110 916 149 MACCI
949 109 1152 147 PLAVTI

380 221 617 272 publicitus3
646 235 691 259 ea
711 234 770 259 res
792 234 855 258 me
877 222 998 258 domo
1019 225 1215 268 expertem
1235 216 1337 255 facit.

211 305 253 335 40
381 300 540 336 operam
561 294 680 335 atque
701 284 916 335 hospitium
938 298 1010 333 ego
1032 283 1093 321 isti
1114 281 1333 333 praehiberi
1354 282 1447 319 uolo
1619 287 1687 325 510

381 352 447 401 qui
469 351 537 389 tibi
560 352 722 389 tabellas
743 351 877 388 adfert.
937 362 1029 387 cura
1050 362 1150 398 quae
1171 347 1202 385 is
1223 348 1340 393 uolet,

381 430 471 454 nam
494 416 524 453 is
547 415 642 453 mihi
663 416 833 453 honores
855 428 948 452 suae
968 413 1077 452 dorni
1098 412 1235 450 habuit
1256 412 1487 449 maxumos.'

275 484 351 520 Do.
385 481 480 531 quid
513 481 552 519 id
584 482 634 519 ad
670 494 732 518 me
761 487 828 517 aut
855 481 905 518 ad
934 492 1060 517 meam
1092 491 1173 515 ren]
1201 478 1315 515 refert
1342 478 1480 514 Persae
1505 474 1600 525 quid

1320 555 1445 579 rerum
1467 547 1601 590 gerant

273 619 339 650 aut
361 611 456 661 quid
487 612 564 649 eru'
595 612 706 648 tuo’?
762 611 836 648 To,
867 617 964 656 tace,
997 607 1253 657 stultiloque3
1281 606 1408 645 nescis
1438 605 1533 655 quid
1563 612 1600 643 te

1368 671 1485 708 instet
1505 669 1600 708 boni

214 758 255 789 45
275 756 403 792 neque
425 755 543 791 quarn
564 740 635 779 tibi
657 742 830 778 Fortuna
851 741 1019 777 faculam
1041 737 1260 776 lucriferam
1281 737 1463 774 adlucere
1485 736 1577 772 uolt.
1621 743 1684 780 515

276 810 352 846 Do.
385 806 486 857 quae
525 806 645 844 istaec
684 804 862 843 lucrifera
900 812 958 843 est
998 804 1202 841 Fortuna?
1270 803 1344 839 TO.
1378 802 1468 838 istas
1501 813 1601 849 quae

1332 873 1475 904 norunt
1497 877 1598 914 roga.

272 951 345 987 ego
366 937 613 974 tantumdem
635 935 716 973 scio
737 942 929 984 quantum
946 941 1001 981 tu,
1022 932 1095 970 nisi
1117 933 1225 982 quod
1245 930 1385 981 pellegi
1407 929 1519 980 prior.

273 1004 352 1048 sed,
372 1010 414 1040 ut
435 1000 635 1051 occepisti,
650 1014 696 1038 ex
709 1000 861 1038 tabellis
878 1012 998 1037 nosce
1014 1012 1107 1036 rem.
1151 999 1226 1035 Do.
1250 997 1353 1035 bene
1369 1009 1432 1033 me
1450 1008 1597 1033 mones.

272 1070 333 1106 fac
354 1067 562 1106 silentium.
622 1068 696 1104 TO.
730 1079 835 1103 nunc
856 1066 906 1103 ad
928 1064 1024 1102 illud
1047 1063 1181 1101 uenies
1203 1063 1312 1112 quod
1334 1062 1446 1099 refert
1467 1068 1543 1098 tua.

213 1151 254 1182 50
383 1135 458 1171 Do.
494 1132 573 1170 ‘ist'
607 1131 675 1181 qui
696 1131 857 1169 tabellas
878 1131 1004 1168 adfert
1024 1127 1188 1167 adduxit
1209 1127 1326 1165 simul
1621 1134 1689 1170 520

381 1200 505 1237 forma
525 1198 745 1248 expetenda
765 1196 965 1234 liberalem
987 1194 1190 1244 uirginem,

380 1264 574 1311 furtiuam,
598 1263 811 1301 abductam
833 1275 879 1299 ex
901 1260 1047 1298 Arabia
1067 1258 1325 1310 penitissuma
1343 1272 1353 1305 3

379 1343 464 1368 eam
487 1337 525 1367 te
546 1330 638 1366 uolo
660 1341 793 1366 curare
815 1334 856 1365 ut
878 1325 963 1364 istic
986 1332 1138 1363 ueneat.

378 1408 424 1433 ac
446 1408 516 1432 suo
538 1393 682 1444 periclo
704 1393 734 1431 is
756 1400 859 1431 emat
880 1391 947 1441 qui
968 1405 1055 1429 eam
1078 1389 1313 1428 mercabitur
1331 1405 1338 1428 ε

212 1475 251 1507 55
381 1459 591 1509 mancupio
614 1472 741 1508 neque
763 1457 963 1508 promittet
985 1470 1115 1506 neque
1138 1455 1347 1505 quisquam
1369 1453 1489 1492 dabit.
1621 1459 1685 1496 525

379 1526 547 1575 probum
569 1531 606 1562 et
628 1531 876 1561 numeratum
899 1529 1102 1572 argentum
1126 1529 1167 1558 ut
1188 1519 1355 1570 accipiat
1377 1521 1472 1557 face.

380 1593 477 1629 haec
498 1603 589 1628 cura
610 1597 647 1627 et
668 1590 812 1638 hospes
833 1602 924 1626 cura
945 1596 987 1626 ut
1009 1595 1173 1626 curetur.
1234 1587 1345 1624 uale.7

272 1659 346 1695 To.
379 1656 474 1706 quid
501 1655 643 1705 igitur?
684 1662 894 1705 postquam
915 1652 1082 1691 recitasti
1113 1652 1222 1702 quod
1249 1659 1329 1690 erat
1350 1664 1461 1689 cerae
1482 1648 1604 1688 credi-

1506 1723 1600 1762 tum,
1617 1754 1618 1757 ,

272 1789 349 1826 iam
371 1787 467 1825 mihi
488 1786 644 1825 credis?
689 1787 765 1824 Do.
797 1784 865 1824 ubi
887 1797 992 1822 nunc
1013 1783 1113 1821 illest
1134 1784 1278 1832 hospes
1299 1780 1366 1831 qui
1387 1783 1504 1819 hasce
1526 1781 1603 1818 huc

1446 1846 1574 1884 attulit
1588 1847 1603 1883 ?

213 1927 256 1959 60
274 1920 348 1957 To.
380 1918 456 1956 iam
479 1917 542 1956 hie
563 1918 682 1956 credo
702 1916 848 1955 aderit:
879 1914 1079 1954 arcessiuit
1107 1913 1211 1952 illam
1233 1927 1255 1951 a
1276 1912 1377 1951 naui.
1440 1914 1515 1950 Do.
1549 1911 1601 1948 nil
1623 1923 1689 1959 530

1412 1977 1464 2015 mi
1486 1984 1602 2027 opust

316 2099 376 2129 511
405 2089 501 2120 offert
519 2088 550 2118 A
644 2087 726 2118 uelit
745 2086 776 2116 Α
911 2095 974 2124 5¹2
998 2085 1040 2115 mi
1059 2084 1112 2114 hic
1131 2083 1270 2113 Redslob
1393 2092 1455 2121 513
1480 2091 1551 2119 earn
1566 2079 1598 2109 A

273 2144 336 2173 515
362 2133 564 2172 nequiquam
582 2131 613 2162 P
737 2131 899 2161 lucificam
917 2129 950 2159 P
966 2132 1040 2169 (pro
1058 2128 1256 2170 lucrificam)
1277 2138 1283 2156 :
1309 2125 1462 2155 lucrifera
1479 2123 1607 2154 Re'tschl

274 2179 337 2216 516
361 2177 402 2208 so.
424 2176 572 2207 lucrifica
596 2180 648 2205 est
674 2175 707 2205 Ρ
833 2184 897 2212 519
922 2177 1039 2203 uentes
1056 2172 1089 2202 Ρ
1539 2177 1600 2206 521

274 2220 456 2260 uirginem]
486 2219 660 2250 mulierem
684 2219 716 2248 Ρ
866 2227 928 2256 522
953 2217 1130 2246 adductam
1154 2214 1345 2253 (adnectam
1371 2212 1416 2251 Β)
1443 2211 1482 2251 Ρ,
1510 2210 1599 2241 codd.

274 2264 436 2295 Pm'sciam'
453 2274 478 2301 Ι,
499 2274 541 2302 99
645 2272 708 2300 5:23
732 2271 889 2292 accurare
906 2259 939 2289 Ρ
1024 2258 1133 2289 velisti
1240 2257 1354 2286 ueniat
1377 2255 1402 2284 A
1539 2264 1602 2292 524

275 2319 349 2338 eam
381 2319 445 2338 om.
477 2306 520 2345 A,
550 2305 636 2336 unde
663 2307 690 2335 is
717 2315 790 2334 eam
819 2309 907 2334 emat
935 2303 990 2342 qui
1020 2312 1061 2332 m.
1089 2300 1223 2337 Ritsclzl,
1254 2299 1403 2338 rhythmo
1432 2298 1603 2328 consulens

276 2354 371 2389 (nam
393 2351 543 2390 periculo
563 2347 823 2388 vzlrser‘endmn)
958 2355 1020 2384 525
1045 2344 1214 2384 promittis
1231 2343 1263 2371 A
1283 2345 1364 2383 (-tes
1378 2343 1403 2377 ἓ)
1537 2350 1603 2378 529

276 2396 341 2425 huc
359 2406 424 2425 om.
445 2394 476 2424 Ρ
