1783 2707
92 127 99 133 ·
145 157 222 195 ΙΙΙ.

184 475 219 507 15

179 801 219 822 20

183 1126 219 1156 25

179 1450 220 1480 30

243 156 288 193 iii
666 156 713 191 T.
746 148 924 191 MACCI
957 152 1159 189 PLAVTI

240 267 343 303 ADV.
377 264 462 303 istic
483 272 541 304 est
562 265 794 302 thensaurus
816 262 942 300 stultis
964 261 1003 298 in
1024 260 1156 310 lingua
1176 258 1283 306 situs,
1583 256 1649 302 625

239 338 281 368 ut
302 329 479 380 quaestui
502 329 673 368 habeant
694 329 795 366 male
816 326 923 376 loqui
946 324 1182 364 melioribus.
1625 331 1632 338 ·

240 396 310 432 Lv.
342 394 446 433 uiam
468 393 535 444 qui
558 392 681 431 nescit
702 405 779 442 qua
799 390 984 430 deueniat
1005 391 1055 428 acl
1079 403 1193 435 mare,

240 474 330 498 eum
351 466 505 510 oportet
525 471 683 496 amnem
706 470 891 507 quaerere
913 454 1098 494 comitem
1121 453 1205 491 sibi.

240 538 312 574 ego
333 526 434 562 male
455 522 643 573 loquendi
665 521 778 560 uobis
801 519 950 559 nesciui
972 519 1075 558 uiam
1094 534 1100 556 :

239 603 344 628 nunc
366 602 436 628 uos
458 587 553 627 mihi
573 601 709 626 amnes
732 586 848 633 estis;
878 599 948 623 uos
970 593 1119 624 certum
1141 592 1199 623 est
1219 582 1354 634 sequi:
1586 583 1655 627 630

239 656 270 694 si
292 656 393 695 bene
413 654 561 701 dicetis,
585 661 716 691 uostra
738 652 820 703 ripa
840 665 912 690 uos
934 664 1084 700 sequar,

239 720 270 759 si
292 721 393 758 male
413 718 562 765 dicetis,
585 725 718 756 uostro
739 716 891 767 gradiar
911 715 1045 754 limite.

239 787 343 823 ADV.
377 786 480 823 malo
501 785 601 822 bene
624 784 749 821 facere
770 782 1055 820 tantumdemst
1077 780 1292 830 periculum

239 858 430 901 quantum
451 850 559 888 bono
580 850 680 886 male
701 849 837 886 facere.
899 848 967 884 Lv.
1001 845 1068 896 qui
1089 846 1211 884 uero?
1254 846 1358 882 ADv.
1391 842 1500 882 scies.

239 918 343 955 malo
364 915 394 954 si
415 914 511 965 quid
531 915 632 953 bene
654 913 783 959 facias,
807 911 1044 950 beneficium
1066 909 1220 958 interit3
1585 911 1651 955 635

240 982 347 1020 bono
367 980 398 1020 si
419 979 514 1030 quid
537 981 637 1018 male
659 978 788 1025 facias,
811 985 979 1016 aetatem
1001 976 1156 1027 expetit.

240 1049 310 1085 LV.
343 1048 466 1085 facete
487 1045 637 1084 dictum
656 1047 661 1082 1
693 1045 763 1082 sed
784 1043 880 1093 quid
902 1042 1001 1080 istuc
1021 1043 1072 1080 ad
1094 1055 1156 1079 me
1177 1040 1345 1079 attinet?

240 1114 345 1150 ADV.
377 1111 468 1162 quia
488 1124 560 1149 nos
582 1109 741 1149 honoris
763 1109 818 1148 tui
840 1123 978 1148 caussa
996 1110 1047 1147 ad
1069 1117 1105 1147 te
1127 1107 1318 1154 uenimus,

241 1190 479 1227 quamquam
501 1176 603 1215 bene
625 1176 809 1214 uolumus
830 1173 968 1212 leniter
987 1172 1206 1211 lenonibus.

242 1244 310 1280 ΙΝ.
344 1241 374 1280 si
395 1241 490 1292 quid
511 1240 607 1280 boni
628 1239 855 1290 adportatis,
879 1239 1009 1277 habeo
1029 1238 1201 1289 gratiam.
1587 1243 1656 1285 640

240 1309 343 1345 on.
376 1306 470 1346 boni
491 1307 541 1345 de
562 1312 696 1344 nostro
717 1304 789 1344 tibi
810 1318 883 1343 nec
904 1303 1062 1343 ferimus
1083 1317 1157 1342 nec
1177 1305 1317 1342 damus

239 1384 368 1421 neque
389 1370 620 1421 pollicemur
641 1382 771 1419 neque
791 1369 893 1407 adeo
914 1370 1097 1407 uolumus
1118 1369 1265 1407 datum.

241 1437 309 1474 ΙΝ.
342 1437 460 1474 credo
482 1436 611 1474 hercle
632 1433 771 1474 uobeis
789 1449 795 1472 :
826 1434 879 1473 ita
899 1441 1031 1472 nostra
1051 1440 1109 1472 est
1129 1432 1359 1483 benignitas.

239 1502 309 1540 sed
324 1500 420 1551 quid
436 1513 541 1539 nunc
559 1499 675 1539 uoltis
690 1500 706 1537 ?
736 1501 840 1537 ADV.
874 1499 980 1537 hunc
997 1499 1290 1548 chlamydatum
1307 1511 1425 1547 quem
1442 1496 1568 1545 uides,

238 1565 272 1605 ei
296 1566 403 1605 Mars
423 1565 568 1605 iratust.
630 1567 702 1606 Co.
736 1564 853 1616 capiti
874 1572 1009 1604 uostro
1029 1563 1128 1603 istuc
1149 1563 1309 1614 quidem
1328 1565 1334 1601 l
1587 1563 1653 1608 645

238 1634 342 1670 ADV.
375 1645 480 1670 nunc
501 1633 617 1678 hunc,
643 1633 759 1681 Lyce,
782 1632 833 1670 ad
854 1638 891 1669 te
912 1629 1180 1680 diripiundum
1201 1628 1446 1667 adducimus.

242 1698 313 1737 Co.
346 1710 435 1735 cum
457 1698 602 1748 praeda
622 1696 686 1735 hic
708 1695 827 1736 hodie
849 1695 1005 1734 incedet
1026 1701 1190 1734 uenator
1209 1694 1373 1733 domum
1391 1709 1398 1732 :

208 1776 217 1793 ἰ
242 1776 358 1801 canes
379 1764 622 1813 compellunt
645 1762 684 1800 in
706 1763 839 1812 plagas
860 1760 990 1812 lepide
1011 1761 1159 1811 lupum.

241 1829 310 1865 ΙΝ.
334 1826 421 1877 quis
437 1826 500 1865 hic
514 1829 601 1866 est?
654 1829 758 1866 ADv.
783 1825 980 1865 nescimus
994 1838 1066 1865 nos
1083 1824 1244 1876 quidem
1259 1823 1375 1863 istum
1391 1823 1457 1875 qui
1474 1823 1545 1863 siet
1561 1838 1570 1871 3

238 1891 311 1930 nisi
332 1893 484 1931 dudum
506 1905 622 1932 mane
645 1900 686 1932 ut
708 1893 758 1932 ad
780 1898 937 1943 portum
959 1889 1231 1942 processimus,
1587 1889 1656 1933 650

236 1966 354 2008 atque
375 1958 502 1997 istunc
524 1973 544 1997 e
566 1958 658 1997 naui
681 1965 889 1998 exeuntem
911 1956 1087 1996 oneraria

237 2022 428 2062 uidemus,
488 2023 584 2062 adiit
605 2025 655 2062 ad
677 2037 750 2062 nos
771 2024 969 2072 extemplo
990 2021 1146 2070 exiens3

281 2129 345 2168 630
368 2129 475 2160 amnis
493 2128 579 2159 Βνιζν
711 2129 770 2167 631
799 2137 860 2158 uos
879 2127 952 2166 ripa
968 2126 1072 2156 Bothe
1202 2127 1266 2163 634
1292 2126 1348 2165 qui
1366 2125 1437 2156 Ital.
1457 2138 1463 2157 :
1488 2126 1566 2165 quid

238 2171 303 2202 cod.
438 2173 501 2211 635
527 2172 642 2203 accedit
668 2171 700 2200 Α
794 2170 896 2211 bene]
927 2170 1010 2208 male
1031 2170 1063 2199 A
1094 2180 1147 2209 μιν
1172 2179 1199 2200 v.
1227 2170 1310 2208 636)
1399 2169 1431 2199 id
1463 2169 1565 2200 bene-

240 2216 353 2246 ficium
379 2216 496 2247 interit
528 2216 581 2247 P:
622 2216 654 2246 id
687 2215 747 2246 del.
772 2214 926 2254 Benllqv:
960 2218 1105 2244 aetatem
1132 2213 1263 2252 expetit
1290 2212 1322 2242 A
1354 2223 1407 2251 μιν
1437 2223 1464 2244 v.
1485 2213 1565 2253 636)

237 2261 303 2297 636
327 2261 462 2299 expetis
477 2259 509 2289 A
645 2260 709 2297 638
735 2258 830 2299 [huc]
857 2258 898 2288 ad
924 2263 956 2288 te
980 2257 1019 2297 P,
1043 2256 1129 2287 made
1153 2257 1198 2287 tui
1224 2256 1360 2287 honoris
1386 2266 1486 2287 causa
1502 2256 1566 2286 hnc

238 2303 278 2333 ad
308 2307 341 2334 te
367 2302 449 2334 Reiz
553 2304 618 2341 640
641 2302 845 2341 adportastis
874 2301 906 2330 A
1020 2302 1082 2339 641
1109 2300 1228 2331 damus
1251 2299 1342 2341 [tibi]
1362 2300 1395 2330 P
1501 2300 1567 2338 646

239 2347 326 2377 hunc
344 2357 434 2378 nunc
453 2346 485 2377 P
593 2348 655 2385 647
681 2346 781 2376 raeda
798 2345 830 2375 P
933 2345 997 2382 648
1023 2343 1153 2385 lupum]
1172 2342 1330 2383 lycumP
1343 2344 1438 2384 &pro
1453 2342 1563 2383 λίκον)

238 2391 301 2429 649
326 2391 424 2421 istum
444 2390 579 2430 quidem
597 2389 630 2419 P
758 2390 823 2427 650
848 2388 877 2419 d.
898 2397 917 2419 a
935 2398 1032 2419 mane
1050 2387 1082 2417 P

952 2518 975 2528 l
