1783 2707
189 138 237 174 V.
257 135 286 172 ii
681 130 727 166 T.
762 126 941 165 MACCI
973 123 1177 162 PLAVTI

262 246 332 282 LA.
366 241 657 293 quadrigentos.
717 240 795 276 GR.
826 245 969 275 tramas
1007 233 1175 285 putidas.
1235 233 1307 270 LA.
1339 229 1586 281 quingentos.

1110 300 1186 337 GR.
1219 310 1370 336 cassam
1391 296 1586 346 glandem.

263 376 335 412 LA.
366 379 577 411 sescentos.
639 371 715 408 GR.
748 365 1065 406 curculiunculos
1088 363 1261 401 minutos
1283 362 1468 400 fabulare.
1612 368 1697 405 1325

263 441 333 477 LA.
366 438 472 476 dabo
502 434 782 485 septingentos.
843 433 919 471 GR.
952 444 995 470 os
1031 430 1130 468 calet
1164 427 1245 475 tibi,
1277 439 1384 465 nune
1413 425 1453 464 id
1483 424 1592 474 frige-

1457 491 1589 528 factas.

206 583 244 612 40
267 571 336 607 LA.
370 567 475 606 mille
496 566 601 605 dabo
621 576 841 603 nummum.
901 563 977 600 GR.
1011 559 1194 599 somnias.
1255 560 1326 596 LA.
1355 556 1453 595 nihil
1473 556 1591 594 addo.

995 628 1071 664 GR.
1103 624 1167 663 abi
1189 623 1314 674 igitur.
1374 624 1444 660 LA.
1476 620 1592 659 audi:

266 699 297 737 si
327 699 456 737 hercle
485 696 619 734 abiero
649 694 753 741 hine,
776 692 840 731 hie
867 705 948 730 non
979 704 1056 729 ero.
1116 689 1183 727 uin
1206 696 1366 727 centum
1394 694 1431 725 et
1459 686 1594 723 mille?

1325 754 1401 791 GR.
1434 750 1592 790 dormis.

267 832 338 868 LA.
371 829 556 878 eloquere
595 832 787 875 quantum
827 823 1012 874 postules.
1084 821 1160 858 GR.
1194 832 1274 869 quo
1312 817 1410 855 nihil
1448 816 1596 855 inuitus

1448 883 1595 920 addas:

267 961 458 998 talentum
480 969 678 1007 magnum.
738 967 819 992 non
840 959 970 1003 potest
991 950 1204 990 triobolum
1226 948 1318 986 hinc
1339 948 1487 986 abesse.
1617 956 1707 992 1330

268 1025 381 1077 proin
404 1033 444 1062 tu
465 1025 528 1062 uel
548 1022 628 1060 aias
650 1022 713 1060 uel
734 1032 862 1070 neges.
924 1020 994 1056 LA.
1028 1015 1123 1067 quid
1145 1015 1263 1053 istic?
1298 1026 1503 1052 necessum
1525 1019 1593 1059 est,

1455 1077 1598 1116 uideo:

210 1171 250 1203 45
272 1155 429 1196 dabitur
449 1155 652 1193 talentum.
708 1152 784 1190 GR.
817 1149 964 1188 accede
980 1149 1077 1187 dum
1097 1147 1199 1185 huc:
1230 1147 1366 1183 Venus
1388 1145 1485 1181 haec
1506 1144 1599 1180 uolo

1366 1209 1528 1258 adroget
1549 1214 1597 1245 te.

272 1288 343 1325 LA.
376 1285 484 1336 quod
512 1282 584 1322 tibi
608 1282 717 1320 lubet
738 1280 778 1320 id
806 1279 860 1318 mi
887 1278 1047 1330 impera.
1108 1277 1184 1316 GR.
1217 1283 1333 1325 tange
1362 1286 1468 1312 aram
1499 1274 1601 1310 hane

1128 1340 1305 1380 Veneris.
1366 1340 1437 1377 LA.
1470 1346 1598 1388 tango.

273 1420 349 1457 GR.
383 1430 451 1467 per
468 1417 664 1453 Venerem
686 1413 789 1451 hanc
806 1410 1015 1449 iurandum
1033 1414 1091 1447 est
1112 1406 1194 1446 tibi.
1237 1408 1308 1444 LA.
1341 1403 1437 1455 quid
1454 1403 1601 1443 iurem?

1202 1473 1278 1510 GR.
1312 1471 1420 1521 quod
1441 1469 1598 1507 iubebo.

273 1551 346 1588 LA.
378 1546 484 1599 praei
513 1544 644 1585 uerbis
674 1541 843 1594 quiduis.
905 1538 978 1593 [id]
1010 1539 1119 1589 quod
1148 1537 1258 1577 domi
1288 1544 1356 1582 est,
1383 1547 1601 1585 numquam
1625 1541 1710 1579 1335

1270 1602 1337 1640 ulli
1358 1600 1600 1652 supplicabo.

276 1682 353 1719 GR.
386 1686 476 1718 tene
496 1690 603 1716 aram
624 1676 738 1714 hanc.
799 1675 870 1711 LA.
904 1679 1031 1710 teneo.
1083 1671 1160 1709 GR.
1193 1667 1323 1707 deiera
1345 1675 1383 1706 te
1400 1666 1452 1705 mi
1473 1678 1605 1716 argen-

1317 1740 1401 1771 tum
1422 1733 1605 1771 daturum

220 1827 259 1860 50
278 1812 420 1851 eodem
442 1809 518 1856 die,
539 1805 630 1860 (tui)
650 1805 775 1844 uiduh'
795 1803 863 1843 ubi
885 1802 935 1842 sis
956 1800 1115 1853 potitus.
1174 1801 1247 1838 LA.
1279 1800 1356 1837 fiat.

387 1877 464 1915 GR.
495 1874 622 1912 Venu’
644 1869 893 1922 Cyrenensis,
914 1875 1055 1907 testem
1075 1875 1114 1905 te
1135 1873 1255 1904 testor
1276 1863 1384 1911 mihi,

386 1940 418 1979 si
439 1939 620 1978 uidulum
642 1937 752 1975 illum
774 1934 894 1986 que'm
915 1946 988 1984 ego
1010 1932 1049 1970 in
1069 1931 1161 1970 naui
1182 1929 1337 1981 perdidi

386 2019 477 2044 Cum
497 2017 592 2043 auro
613 2010 732 2053 atque
752 2007 914 2051 argento
935 2000 1087 2038 saluom
1108 1995 1398 2045 inuestigauero
1630 2000 1719 2035 1340

387 2071 499 2121 isque
519 2069 559 2107 in
580 2074 817 2119 potestatem
839 2078 969 2104 meam
990 2061 1224 2114 peruenerit,

327 2176 410 2216 1326
433 2185 521 2206 nunc
538 2173 570 2205 id
587 2171 779 2212 frigefactas
798 2169 1009 2200 Camerarius
1018 2171 1046 2198 et
1059 2166 1173 2198 Valla:
1198 2164 1317 2204 nungit
1330 2163 1450 2203 frigide
1465 2163 1609 2203 (frigede

281 2223 428 2260 sequente
445 2229 510 2249 ras.
528 2226 590 2256 4-5
607 2217 665 2247 litt.
685 2216 732 2254 Β)
751 2215 854 2245 saetas
871 2212 937 2244 cod.
1077 2221 1168 2250 1327,
1192 2210 1274 2248 1328
1298 2209 1347 2239 vel
1363 2208 1422 2238 LA.
1444 2207 1526 2238 nihil
1544 2231 1552 2238 .
1572 2230 1580 2238 .
1603 2231 1609 2236 .

283 2265 395 2304 igitur.
442 2261 598 2293 GR.audi
618 2285 623 2291 .
642 2284 649 2291 .
670 2283 676 2290 .
698 2269 757 2289 ero
851 2267 932 2296 1333
956 2254 1190 2295 imperaltal.:
1214 2254 1356 2292 imperat
1368 2250 1435 2282 cod.
1527 2260 1609 2289 1335

283 2307 375 2348 praei
395 2306 524 2337 Merula
541 2317 548 2335 ι
574 2314 655 2344 prae
672 2302 736 2333 cod.
826 2301 858 2331 id
882 2300 939 2330 del.
959 2299 1091 2338 Bentley
1116 2298 1211 2328 metri
1233 2306 1332 2327 cansa
1423 2295 1560 2334 numqui
1581 2293 1614 2324 B

283 2352 340 2382 uili
357 2349 421 2381 cod.
516 2358 596 2387 1337
622 2347 669 2377 tui
687 2345 762 2377 add.
777 2344 912 2385 quffi’yi
1003 2344 1085 2382 1338
1109 2352 1180 2381 sqq.
1196 2339 1335 2371 Labraci
1349 2339 1542 2369 continuant
1556 2337 1616 2368 alii

287 2405 369 2434 1340
393 2404 465 2424 cum
483 2393 554 2441 Ital.
571 2404 577 2423 z
603 2401 701 2431 quam
717 2389 783 2421 cod.
803 2392 876 2431 (pro
902 2397 1014 2427 quom,
1036 2387 1054 2417 i.
1069 2397 1093 2417 e.
1110 2395 1185 2416 cum
1197 2386 1222 2426 3)

976 2518 999 2529 A
