1783 2707
161 126 188 163 Ι.

153 382 194 412 30

154 709 193 741 55

153 1359 192 1388 45

157 1816 198 1847 50

212 125 240 161 ii
631 125 675 161 T.
710 124 889 162 MACCI
921 121 1124 159 PLAVTI

320 236 384 274 uix
404 249 597 286 aegreque
616 235 878 273 amatorculos
900 232 1134 271 inuenimus.

320 303 423 339 ΑΒΕ.
458 300 510 338 ita
530 308 597 338 est.
658 312 794 338 uerum
815 299 892 336 hoc
911 311 1035 336 unurn
1055 303 1187 336 tamen
1209 295 1379 345 cogitato
1398 310 1405 332 z

267 367 410 405 modus
431 365 616 404 omnibus
637 365 763 411 rebus,
788 377 905 410 soror,
929 364 1137 412 optumum
1159 368 1216 399 est
1237 360 1384 398 habitu.

212 430 332 469 nimia
353 429 486 469 omnia
506 429 670 467 nimium
693 428 879 467 exhibent
900 426 1032 478 negoti
1052 425 1280 465 hominibus
1301 438 1347 463 ex
1368 437 1418 462 se.

321 499 451 534 ANTE.
485 509 606 543 soror,
626 494 766 545 cogita,
788 493 943 540 amabo,
966 492 1059 531 item
1080 505 1152 531 nos
1172 489 1368 542 perhiberi

319 575 437 612 quam
458 560 490 599 si
511 561 611 599 salsa
631 558 834 598 muriatica
854 571 939 597 esse
959 564 1224 604 autumantur,

320 626 403 664 sine
424 624 532 664 omni
553 623 685 675 lepore'
706 631 744 663 et
764 623 849 662 sine
869 621 1061 661 suauitate
1080 635 1087 660 z

320 690 393 729 nisi
416 692 537 728 multa
556 703 660 739 aqua
679 702 805 738 usque
826 696 863 726 et
884 687 952 726 diu
973 693 1232 730 macerantur,

373 758 489 802 olent,
514 757 614 793 salsa
635 762 736 801 sunt,
760 762 917 803 tangere
937 759 979 790 ut
1001 765 1080 790 non
1102 750 1209 790 uelis.

588 820 681 858 item
702 832 775 857 nos
796 831 941 865 sumus,

426 886 522 924 eiius
543 883 702 923 seminis
723 883 904 922 mulieres
925 889 1027 930 sunt,

428 952 597 989 insulsae
617 950 835 988 admodum
856 956 974 998 atque
990 947 1222 986 inuenustae

537 1016 619 1054 sine
641 1013 835 1053 munditia
855 1021 893 1052 et
914 1020 1082 1064 sumptu.

323 1085 395 1121 Mi.
420 1095 548 1132 coqua
564 1089 621 1119 est
637 1081 734 1118 haec
749 1079 923 1129 quidem,
938 1079 1226 1129 Agorastocles,
1242 1084 1284 1115 ut
1298 1090 1370 1126 ego
1387 1074 1542 1126 opinor:

322 1148 392 1186 scit
415 1145 616 1185 muriatica
637 1153 678 1183 ut
701 1152 882 1183 maceret.
942 1146 1015 1182 AG.
1049 1142 1145 1192 quid
1166 1143 1398 1181 molestu⁷s?

322 1215 424 1251 ΑΒΕ.
458 1225 576 1258 soror,
599 1223 725 1261 parce,
748 1210 914 1248 amabo:
947 1215 1003 1247 sat
1025 1215 1082 1246 est
1103 1207 1202 1246 istuc
1222 1206 1319 1244 alios

214 1279 344 1318 dicere
366 1276 490 1323 nobis,
515 1289 564 1314 ne
585 1283 739 1313 nosmet
762 1274 800 1312 in
824 1282 955 1312 nostra
976 1272 1092 1311 etiam
1115 1272 1209 1311 uitia
1231 1273 1447 1321 loquamur.

432 1343 562 1379 ANTE.
596 1340 767 1390 quiesco
821 1341 925 1377 ΑΒΕ.
960 1350 1051 1387 ergo
1064 1350 1155 1376 anio
1169 1344 1217 1375 te.
1260 1338 1329 1375 scd
1346 1337 1422 1375 hoc
1436 1350 1544 1376 nunc

629 1406 823 1455 responde
847 1403 941 1442 mihi
960 1418 966 1441 :

627 1478 717 1508 sunt
738 1470 801 1507 liic
822 1469 954 1508 onmia

269 1552 369 1589 quae
396 1539 446 1576 ad
474 1538 593 1576 deum
616 1548 753 1586 pacem
778 1541 931 1585 oportet
955 1534 1116 1572 adesse?
1174 1535 1307 1571 ANTE.
1331 1533 1464 1571 omnia
1488 1547 1546 1571 ac-

1401 1599 1543 1637 curaui.

339 1671 397 1707 iu.
422 1668 527 1707 diem
551 1669 758 1718 pulchrum
783 1674 820 1705 et
843 1666 1038 1705 celebrem
1057 1673 1094 1703 et
1116 1663 1333 1703 uenustatis
1353 1666 1526 1715 plenum,

324 1735 486 1784 dignum
508 1732 654 1771 Veneri
675 1734 754 1783 pol,
777 1731 870 1782 quoi
893 1739 981 1770 sunt
1004 1729 1242 1781 Aphrodisia
1262 1729 1392 1769 hodie.

327 1801 399 1837 Mi.
432 1798 575 1848 ecquid
596 1797 751 1847 gratiae,
777 1810 898 1847 quom
921 1798 998 1835 huc
1019 1797 1121 1834 foras
1142 1802 1179 1834 te
1200 1795 1396 1834 euocaui?

460 1863 537 1900 iam
559 1876 653 1900 num
677 1876 739 1900 me
762 1863 875 1901 decet
897 1861 960 1899 hic
982 1860 1118 1900 donari

326 1931 425 1969 cado
447 1928 528 1967 uini
550 1927 721 1966 ueteris?
753 1927 815 1966 dic
838 1926 930 1967 dari.
991 1927 1045 1965 nil
1066 1928 1313 1977 respondes?

262 2037 325 2075 236
348 2035 405 2066 uix
423 2035 607 2076 aegreque]
628 2040 663 2066 ut
682 2045 782 2074 aegre
795 2034 882 2066 codd.
902 2034 1074 2073 N0111'z'510
1187 2034 1250 2072 238
1276 2033 1329 2064 vix
1344 2037 1548 2072 optumumst

220 2081 375 2119 kl-must)
396 2080 426 2111 h.
455 2085 567 2120 wttap.
586 2079 690 2118 colon)
787 2079 920 2109 modust
939 2090 966 2109 o.
991 2089 1014 2108 r.
1045 2082 1141 2109 soror
1163 2084 1338 2117 optumum
1358 2078 1388 2107 h.
1411 2076 1551 2117 Spengel

220 2123 336 2156 (bacch.
357 2124 499 2162 tetram.)
648 2133 711 2162 239
737 2123 850 2162 negoti
869 2122 1070 2152 Hermann.
1063 2133 1070 2139 ·
1096 2122 1268 2161 negotium
1286 2121 1349 2152 cod.
1485 2123 1548 2159 246

221 2157 419 2199 inuenustae
440 2167 590 2197 Merula:
618 2166 829 2197 inuenustate
855 2166 942 2197 coda
973 2166 1185 2197 inuenustate
1207 2163 1391 2207 (onustae)
1411 2163 1547 2196 Sclzocmll

222 2211 628 2251 ntz12tecrertet1am.fiat:
653 2208 1015 2259 alz''zad<·m0dum)que
1041 2210 1241 2240 inuenustae
1265 2209 1314 2239 tel
1327 2206 1549 2250 <inuenuste)

223 2255 419 2285 inuenustae
581 2255 644 2292 248
668 2253 718 2284 vel
737 2255 838 2293 opino
1014 2263 1078 2291 25ο
1101 2253 1219 2283 amabo
1235 2252 1308 2283 [ἰαί.
1328 2264 1335 2283 :
1359 2251 1466 2283 amalo
1482 2251 1546 2282 cod.

222 2307 282 2337 251
310 2299 408 2329 etiam
434 2297 549 2328 uitiam
574 2297 638 2328 cod.
765 2297 963 2336 eloquamur
982 2296 1052 2332 (del.
1081 2297 1129 2336 in)
1154 2297 1332 2327 Heumann
1487 2305 1549 2335 254

222 2341 332 2373 omnia
356 2352 421 2373 om.
446 2340 635 2379 Hermann,
661 2340 772 2379 Bothe,
801 2344 837 2371 ut
851 2340 953 2371 baccle.
972 2343 1101 2371 tetram.
1110 2340 1179 2379 fiat
1265 2341 1329 2379 256
1353 2339 1402 2370 vel
1415 2339 1550 2370 Venere

224 2395 286 2424 257
311 2386 471 2425 gratiaest
487 2384 615 2415 Rz'tsffzl
731 2386 795 2422 258
820 2385 874 2415 hie
890 2384 1022 2424 scripsi:
1047 2384 1125 2414 huic
1139 2387 1175 2413 ut
1190 2382 1253 2414 vid.
1271 2382 1337 2414 cod.
1359 2384 1439 2422 (om.
1458 2381 1549 2424 PBC)

224 2440 289 2469 259
313 2430 394 2460 dare
420 2428 547 2468 Dousa,
557 2429 636 2468 sort.
665 2432 750 2468 recte,
774 2438 856 2458 nam
873 2427 946 2458 dari
963 2428 996 2458 in
1016 2437 1109 2458 versu
1127 2426 1289 2458 baccln'aco
1307 2426 1447 2467 displicet

965 2525 987 2535 l

1561 503 1628 535 240

1562 827 1626 863 245

1562 888 1649 928 245²

1568 1413 1656 1451 252a

1567 1674 1632 1710 255
