1731 2713
722 94 961 133 STICHVS
1437 94 1504 130 IV.
1528 92 1541 129 i

182 203 249 254 qui
271 204 352 242 seni
374 204 427 243 illi
449 204 712 244 concubinam
734 205 826 243 dare
847 205 1022 242 dotatam
1049 203 1184 242 noluit.

183 271 260 307 AN.
294 283 411 308 senex
432 270 594 320 quidem
616 269 750 316 uoluit,
776 269 806 307 si
828 277 969 319 posset,
994 268 1175 318 indipisci
1196 269 1246 307 de
1267 267 1382 316 cib03

182 333 274 384 quia
294 335 441 384 nequit,
464 349 542 385 qua
562 337 645 385 lege
666 335 774 373 licuit
794 335 896 373 uelle
917 333 1012 372 dixit
1033 333 1124 372 fieri.
1527 333 1570 364 60

97 404 160 449 565
184 399 274 436 ‘fiat
292 400 298 415 ’
320 398 383 437 ille
404 399 530 449 inquit
550 400 795 438 adulescens.
858 398 964 436 ‘faci'
987 397 1154 447 benigne
1172 399 1178 415 ’
1200 397 1326 448 inquit
1348 411 1476 436 senex.

184 463 361 502 ‘habeon
382 478 462 502 rem
484 472 640 514 pactam
654 465 691 502 ?'
721 463 858 514 inquit.
920 462 1080 501 ‘faciam
1102 463 1153 501 ita
1168 464 1176 479 '
1192 462 1319 513 inquit
1343 466 1405 500 ‘ut
1426 461 1507 501 fieri

1373 528 1507 566 uoles.’

179 594 248 631 sed
270 606 343 643 ego
364 593 430 632 ibo
450 593 551 632 intro
572 601 610 632 et
629 594 852 644 gratulabor
872 600 1046 632 uostrum
1068 593 1285 631 aduentum
1307 592 1405 630 filiis.

180 665 292 708 poste
313 658 380 697 ibo
400 660 550 697 lautum
572 658 611 696 in
632 660 802 709 pyelum,
825 658 878 696 ibi
900 658 1046 697 fouebo
1067 665 1310 696 senectutem
1333 670 1472 696 meam.

179 731 268 772 post
290 723 356 762 ubi
378 725 522 770 lauero,
546 723 695 762 otiosus
717 737 788 762 uos
810 723 990 774 opperiar
1009 723 1275 761 accubans.—
1529 727 1568 769 65

94 797 161 834 570
180 789 284 827 PAM.
316 789 545 840 graphicum
567 791 773 828 mortalem
794 789 1067 839 Antiphonem
1086 792 1091 827 Ε
1122 796 1163 827 ut
1184 790 1395 839 apologum
1417 787 1508 827 fecit

1234 867 1353 904 quarn
1375 853 1506 892 fabre!

178 918 294 957 etiarn
318 933 423 958 nunc
445 921 632 958 scelestus
654 932 739 958 sese
760 918 868 958 ducit
888 932 958 970 pro
979 920 1288 958 adulescentulo.

178 984 335 1022 dabitur
355 984 507 1023 homini
527 984 664 1031 amica,
688 992 808 1022 noctu
830 997 930 1034 quae
951 983 991 1021 in
1012 985 1114 1022 lecto
1135 991 1313 1022 accentet
1335 997 1470 1022 senem
1486 998 1496 1032 ;

178 1062 349 1099 namque
370 1051 512 1100 edepol
533 1049 640 1088 aliud
661 1048 822 1099 quidem
844 1049 897 1086 illi
919 1048 1015 1099 quid
1035 1048 1161 1087 amica
1177 1050 1267 1099 opu'
1289 1049 1341 1087 sit¹
1358 1049 1504 1088 nescio.

178 1116 247 1153 sed
268 1114 364 1164 quid
385 1114 462 1164 agit
482 1114 672 1165 parasitus
694 1122 826 1153 noster
847 1114 1099 1153 Gelasimus?
1129 1114 1246 1153 etiam
1268 1116 1404 1153 ualet?
1527 1124 1567 1159 70

91 1188 154 1226 575
179 1180 247 1217 Ep.
271 1179 352 1218 uidi
374 1181 516 1230 edepol
536 1179 740 1218 hominem
761 1180 839 1217 hau
859 1180 1094 1230 perdudum.
1154 1182 1258 1218 PAM.
1283 1179 1378 1230 quid
1399 1180 1506 1231 agit?

1056 1247 1126 1284 ΕΡ.
1159 1246 1268 1296 quod
1288 1245 1502 1285 famelicus.

177 1311 281 1348 PAM.
313 1310 408 1361 quin
442 1309 635 1350 uocauisti
669 1310 871 1350 hominem
902 1312 954 1350 ad
985 1312 1157 1351 cenam?
1225 1313 1294 1349 ΕΡ.
1327 1325 1377 1350 ne
1409 1311 1505 1361 quid

1048 1375 1266 1415 adueniens
1287 1377 1503 1426 perderem.

175 1447 294 1490 atque
332 1454 468 1479 eccum
500 1440 571 1480 tibi
603 1442 740 1491 lupum
772 1440 812 1479 in
844 1454 1051 1481 sermone:
1092 1455 1276 1492 praesens
1311 1441 1505 1480 essuriens

663 1543 668 1547 .
1379 1508 1501 1545 adest.

174 1572 278 1609 PAM.
311 1570 558 1610 ludificemur
587 1570 801 1610 hominem.
877 1573 948 1610 ΕΡ.
980 1571 1085 1623 capti
1114 1571 1253 1611 consili
1286 1585 1503 1611 memorem

1350 1650 1499 1677 mones.

199 1749 527 1787 GELASIMVS
615 1750 1048 1788 PAMPHILIPPVS
1139 1742 1475 1789 EPiGNOMVS
1520 1753 1551 1791 ii

172 1831 246 1869 GE.
279 1831 358 1869 Sed
378 1829 431 1868 ita
451 1838 493 1869 ut
514 1830 652 1881 occepi
672 1844 826 1870 narrare
846 1830 960 1870 uobis
982 1846 988 1869 :
1019 1844 1140 1881 quom
1162 1831 1225 1870 hic
1246 1845 1327 1870 non
1347 1831 1466 1880 adfui,

87 1896 154 1940 580
171 1897 262 1934 etim
283 1895 418 1934 amicis
439 1896 655 1935 deliberaui
675 1896 753 1935 iam
774 1904 812 1935 et
832 1910 923 1935 curn
945 1897 1121 1947 cognatis
1143 1896 1251 1936 meis.

172 1960 225 1999 ita
245 1961 298 1999 mi
318 1969 497 2001 auctores
516 1963 633 2010 fuere,
652 1969 694 2000 ut
707 1969 863 2012 egomet
880 1975 942 2001 me
958 1962 1078 2002 hodie
1095 1962 1481 2013 iugularem—fame.

214 2067 279 2105 566
296 2071 426 2106 pactam
442 2065 616 2097 Acz'dalius
631 2077 639 2097 ε
663 2066 785 2097 factam
801 2066 868 2098 cod.
960 2068 1025 2106 568
1043 2072 1161 2107 postea
1179 2067 1235 2098 ibo
1249 2068 1398 2099 lauatum
1410 2068 1478 2100 cod.
1493 2080 1501 2100 :

169 2120 249 2141 corr.
269 2109 444 2141 Fleckeisen
547 2110 650 2150 pilum
668 2110 733 2142 cod.
753 2122 760 2142 :
779 2121 858 2141 corr.
879 2109 1070 2142 Lambinus
1210 2112 1275 2151 569
1299 2112 1502 2144 accumbans

169 2153 236 2185 cod.
341 2163 447 2193 571—3
466 2152 586 2193 (570—3
603 2154 674 2189 alii>
691 2153 878 2195 Epignomo
894 2153 977 2185 dant
992 2155 1052 2185 alii
1172 2164 1231 2193 571
1259 2155 1359 2186 etiam
1375 2155 1499 2188 Bothe:

169 2196 194 2227 it
211 2197 277 2228 iarn
294 2197 359 2228 cod.
449 2207 526 2228 sese
542 2197 678 2228 Densa:
705 2208 781 2229 esse
796 2198 862 2228 cod.
877 2210 883 2228 :
909 2197 991 2241 (se)
1008 2208 1084 2229 esse
1102 2198 1135 2228 A
1141 2198 1278 2229 cidalz'us
1296 2199 1348 2239 (cf.
1360 2198 1408 2229 ad
1419 2199 1499 2239 365)

168 2249 232 2280 572
267 2241 432 2271 accendet
454 2240 551 2272 PCD:
583 2245 738 2273 occentet
761 2241 1001 2282 P122t0m25‚f0rt.
1030 2245 1108 2273 recle
1232 2252 1293 2281 573
1322 2252 1407 2282 opos
1431 2242 1496 2273 cod.

170 2283 325 2324 (antiqua
331 2284 451 2323 forma
461 2285 489 2323 3)
600 2287 664 2323 576
680 2285 810 2316 uocasti
823 2285 883 2326 (ita
895 2285 979 2324 cod.)
994 2286 1024 2317 h.
1039 2284 1103 2327 (ad
1118 2286 1173 2327 te)
1187 2287 1229 2316 ad
1244 2295 1361 2317 cenam
1374 2285 1504 2317 Ritschl

168 2335 230 2399 ΞΤ]
257 2327 373 2401 Ibupum
389 2331 422 2358 in
441 2329 706 2402 s.‹;101{lomn1'no
718 2329 823 2369 placet
917 2331 980 2369 578
1003 2328 1054 2360 vel
1067 2329 1281 2360 ludificemus
1373 2338 1438 2369 579
1462 2334 1498 2360 ut

200 2379 258 2401 am
279 2381 374 2401 mus:
399 2381 466 2410 quo
507 2382 540 2402 co
567 2396 574 2403 .

1347 2416 1409 2446 27*
