1783 2707
193 130 242 166 II.
267 129 311 164 iv

211 708 249 730 10

209 1102 243 1133 15

204 1425 244 1447 20

258 2150 299 2178 40

685 130 729 167 T.
767 129 945 167 MACCI
979 131 1182 167 PLAVTI

323 247 432 278 estne
454 241 529 278 hoc
551 241 658 290 quod
679 239 780 286 dico,
804 240 1001 278 Stasime?
1058 241 1119 278 Sa.
1153 253 1273 289 quoni
1296 240 1514 288 considero,

324 304 548 344 meminisse
569 305 706 343 uideor
727 305 818 343 fieri.
880 306 948 343 LE.
982 304 1077 355 quid
1098 306 1281 343 factumst
1303 306 1382 343 eo?
1613 319 1679 356 405

323 371 385 408 ST.
418 383 653 418 comessum,
676 377 862 420 expotum
881 384 891 417 3
920 383 1103 409 exussum
1124 384 1131 407 t
1161 371 1309 408 elotum
1330 369 1369 407 in
1391 368 1565 416 balineis,

322 435 501 485 piscator,
525 435 646 486 pistor
665 435 835 487 apstulit,
859 435 962 482 lanii,
986 434 1115 485 coqui,

322 499 518 548 holitores‚
541 501 778 551 myropolae,
801 513 974 550 aucupes
994 516 999 538 :
1031 501 1151 538 confit
1172 499 1250 539 cito
1267 514 1276 547 3

322 578 402 603 non
423 566 552 604 hercle
574 565 694 604 minu'
710 565 867 604 diuorse
888 564 1115 603 distrahitur
1135 564 1213 604 cito

323 643 441 680 quam
463 631 493 669 si
515 639 555 668 tu
577 630 725 669 obicias
747 630 919 669 formicis
940 643 1188 680 papauerem.
1613 645 1683 680 410

324 697 392 733 LE.
426 695 554 734 minus
576 698 705 734 hercle
726 695 764 734 in
786 696 868 734 istis
889 696 1004 734 rebus
1025 703 1264 746 sumptumst
1285 709 1350 735 sex
1372 696 1497 735 minis.

322 762 383 799 ST.
416 760 511 810 quid
533 762 642 810 quod
662 760 806 800 dedisti
827 761 996 800 scortis?
1052 763 1122 799 LE.
1146 760 1293 800 ibidem
1318 775 1395 800 una
1415 763 1537 800 traho.

320 827 382 863 S‘r.
416 824 545 878 [quid]
579 827 687 876 quod
720 839 792 876 ego
825 826 1061 865 defrudaui?
1130 827 1198 864 LE.
1237 840 1310 873 em,
1347 826 1465 865 istaec
1498 826 1594 866 ratio

1363 900 1591 932 maxumast.

321 958 384 995 ST.
416 969 495 996 non
517 956 587 994 tibi
612 956 709 995 illud
729 970 926 1007 apparere,
951 957 980 995 si
1002 970 1144 1004 sumas,
1168 963 1321 1007 potest3

319 1021 392 1059 nisi
415 1030 454 1060 tu
475 1021 681 1060 inmortale
703 1035 785 1061 rere
805 1035 889 1061 esse
909 1030 1113 1072 argentum
1134 1022 1215 1061 tibi.
1612 1036 1678 1073 415

320 1089 393 1125 PH.
427 1100 512 1126 sero
533 1095 651 1137 atque,
673 1089 800 1134 stulte,
820 1087 915 1137 priu'
937 1089 1044 1137 quod
1067 1095 1223 1126 cautum
1247 1087 1429 1137 oportuit,

318 1160 527 1203 postquam
549 1152 723 1191 comedit
744 1166 836 1199 rem,
861 1160 949 1202 post
970 1153 1162 1191 rationem
1184 1160 1303 1203 putat.

319 1218 388 1255 LE.
421 1230 673 1267 nequaquam
693 1217 842 1267 argenti
864 1217 961 1256 ratio
982 1225 1182 1267 comparet
1204 1224 1347 1256 tamen.

318 1283 381 1321 ST.
413 1282 510 1321 ratio
531 1282 692 1333 quidem
714 1283 843 1321 hercle
864 1291 1024 1333 apparet
1045 1299 1051 1321 :
1085 1290 1288 1333 argentum
1321 1284 1471 1335 οἴχεται.

318 1347 443 1386 minas
463 1348 720 1398 quadraginta
740 1348 924 1398 accepisti
945 1362 968 1387 a
989 1348 1162 1395 Callicle,
1611 1363 1681 1396 420

316 1420 354 1451 et
374 1413 438 1452 ille
457 1413 566 1452 ae'dis
587 1414 799 1464 mancupio
819 1428 888 1464 aps
910 1422 947 1453 te
967 1414 1147 1465 accepit?
1204 1415 1276 1453 LE.
1307 1415 1536 1454 admodum.

317 1480 390 1516 PH.
424 1480 488 1528 pol
510 1478 630 1529 opino
650 1479 792 1518 adfinis
814 1487 946 1518 noster
966 1479 1074 1518 aedis
1096 1479 1276 1518 uendidit
1292 1494 1302 1527 ,-

316 1551 424 1593 pater
444 1557 565 1594 quom
586 1557 745 1594 peregre
766 1544 908 1592 ueniet,
932 1544 972 1583 in
993 1551 1141 1595 portast
1161 1546 1285 1592 locus,

316 1608 390 1647 nisi
410 1610 508 1648 forte
528 1609 567 1648 in
589 1617 767 1648 uentrem
790 1610 870 1649 filio
891 1610 1140 1662 conrepserit.

317 1676 378 1713 ST.
412 1675 618 1726 tarpezitae
640 1675 745 1715 mille
767 1677 1069 1715 drachumarum
1093 1676 1314 1727 Olympico,
1610 1688 1675 1725 425

315 1753 412 1790 quas
432 1741 483 1779 de
503 1740 652 1780 ratione
673 1741 898 1789 dehibuisti,
921 1742 1108 1789 redditae,

315 1819 392 1855 qua
412 1806 625 1856 sponsione
646 1820 844 1858 pronuper
864 1815 905 1846 tu
926 1815 1084 1847 exactus
1105 1809 1178 1846 es?
1605 1806 1695 1850 426⁸

317 1873 387 1910 LE.
419 1873 549 1922 nemp'
583 1885 680 1923 quas
712 1873 920 1924 spopondi.
999 1875 1060 1912 ST.
1095 1873 1217 1911 immo
1245 1876 1363 1923 ‘quas
1393 1871 1588 1923 dependi'

1436 1937 1589 1988 inquito

315 2004 385 2042 pro
405 1991 471 2030 illo
491 1993 744 2031 adulescente
766 2007 883 2043 quem
907 2000 946 2030 tu
969 2006 1054 2031 esse
1074 1992 1182 2031 aibas
1204 1992 1380 2031 diuitem.

301 2106 362 2134 404
379 2106 457 2136 qum
476 2096 508 2126 A
601 2098 666 2135 406
683 2097 842 2138 exusum]
861 2102 999 2129 exutum
1017 2096 1056 2137 P,
1078 2096 1163 2127 unde
1178 2101 1362 2128 extinctum
1389 2095 1590 2128 Gulielmius

301 2150 321 2179 9
344 2149 410 2172 om.
443 2139 477 2170 P
492 2141 551 2179 (iii.
566 2142 619 2180 11Jy
721 2152 786 2180 410
809 2152 851 2171 an
873 2142 899 2171 si
918 2142 998 2181 (pro
1013 2151 1051 2171 ac
1073 2141 1100 2171 si
1118 2141 1144 2180 2)
1164 2140 1185 2171 s.
1200 2150 1231 2171 o.
1250 2151 1281 2180 p.
1295 2140 1384 2172 codd.
1405 2139 1506 2171 Nonii
1525 2151 1589 2172 220

257 2182 440 2225 (neglegens
451 2183 570 2224 citatio)
706 2195 768 2223 412
794 2194 894 2215 unam
910 2184 942 2214 A
1078 2194 1141 2224 413
1165 2184 1245 2223 quid
1269 2183 1327 2215 del.
1355 2184 1388 2214 F
1385 2183 1515 2215 ritzsche
1533 2185 1584 2225 (cf.

258 2237 287 2258 v.

321 2227 411 2268 412),
439 2238 521 2258 uam
548 2238 601 2258 nec
629 2228 707 2267 quid
731 2229 821 2268 quod
847 2232 910 2267 ego
934 2238 989 2258 uec
1011 2238 1074 2267 ego
1098 2227 1275 2259 defrudaui
1302 2228 1408 2269 placet
1524 2238 1588 2268 419

258 2276 400 2311 apparet
424 2272 514 2303 ercle
537 2271 570 2302 A
719 2283 783 2312 420
807 2272 1012 2312 accepistine
1036 2271 1067 2302 A
1094 2272 1149 2311 (iv.
1176 2273 1211 2311 2)
1366 2281 1427 2310 421
1454 2282 1485 2302 a.
1502 2277 1524 2303 t.
1542 2282 1584 2304 m.

255 2324 324 2347 ace.
355 2314 388 2345 P
507 2325 570 2354 422
595 2316 713 2355 opinor
743 2315 836 2346 codd.
955 2325 1017 2354 424
1042 2314 1193 2346 uenirem
1224 2314 1258 2344 P
1349 2325 1413 2355 425
1439 2325 1480 2346 m.
1502 2316 1531 2347 d.
1562 2320 1585 2347 t.

254 2358 389 2397 Ritsclzl,
405 2359 656 2399 rhytlnm'causa
765 2359 969 2399 olympicum
983 2358 1071 2389 codd.
1206 2359 1286 2397 426¹*
1293 2362 1367 2398 post
1377 2367 1437 2397 427
1450 2358 1483 2389 Ρ
1491 2371 1497 2391 ;
1514 2359 1584 2391 secl.

254 2402 379 2433 Rt'tsclel
453 2407 524 2433 tute
539 2402 570 2432 A
658 2413 721 2441 427
745 2413 811 2442 qua
828 2412 877 2442 sp.
898 2402 930 2433 P
1017 2402 1179 2443 dependit
1196 2402 1302 2442 inquit
1318 2402 1350 2433 Ρ
1430 2403 1492 2442 428
1509 2412 1586 2434 esse

252 2446 294 2478 aii

298 2446 377 2477 ebas
394 2445 427 2476 A
442 2456 448 2475 :
469 2446 583 2477 aiebas
600 2456 674 2478 esse
692 2447 724 2477 Ρ

945 2521 967 2532 l
