1731 2713
730 558 966 608 ACTVS
1021 559 1040 607 I

517 675 844 714 PANEGYR1S
955 676 1254 714 PAMPHILA
1571 677 1634 717 I.i

544 776 644 813 ΡΑΝ.
677 776 809 815 Credo
830 788 903 825 ego
924 774 1104 815 miseram

166 844 204 875 ιει
544 838 663 878 fuisse
684 841 937 890 Penelopam,

546 917 664 951 soror,
688 918 760 944 suo
781 919 828 943 ex
847 904 991 952 animo,

164 975 203 1005 2a
544 983 646 1020 quae
667 977 746 1008 tam
767 970 835 1009 diu
856 970 977 1010 uidua

543 1035 629 1074 uiro
649 1049 721 1074 suo
742 1035 864 1074 caruit
881 1051 891 1085 3
1269 1035 1272 1036 ⁷
1570 1047 1589 1081 5

162 1106 202 1146 3³
542 1114 634 1139 narn
655 1114 728 1140 nos
749 1100 832 1140 eius
852 1100 1028 1139 animum

219 1166 270 1206 de
291 1164 432 1206 nostris
453 1165 563 1205 factis
584 1165 796 1213 noscimus,
821 1179 986 1216 quarum
1008 1165 1080 1204 uiri
1100 1165 1193 1205 hinc
1213 1165 1368 1217 aipsunt,

179 1247 196 1284 5
217 1245 466 1283 quorumque
486 1245 559 1271 nos
580 1231 746 1283 negotiis
767 1239 987 1282 apsentum,
1011 1231 1064 1270 ita
1084 1239 1126 1269 ut
1145 1245 1316 1283 aequom
1338 1238 1406 1279 est,

217 1297 405 1338 sollicitae
425 1305 563 1337 noctes
584 1305 622 1337 et
643 1297 738 1346 dies,
762 1310 883 1346 soror,
904 1298 1030 1336 sumu'
1051 1310 1215 1348 semper.

595 1366 699 1402 PAM.
732 1370 909 1402 nostrum
932 1362 1104 1402 officium
1570 1374 1610 1397 10

159 1435 199 1473 7³
596 1442 668 1468 nos
689 1429 816 1467 facere
837 1435 1045 1479 aequomst

486 1507 616 1545 neque
637 1494 677 1533 id
699 1493 812 1545 magi'
833 1493 998 1532 facimus

158 1566 199 1601 8a
486 1573 605 1610 quam
626 1573 699 1599 nos
722 1567 856 1599 monet
877 1559 1011 1610 pietas.

217 1627 287 1666 sed
308 1626 381 1674 hic,
405 1639 523 1674 soror,
546 1626 784 1666 adsidedum
802 1642 808 1665 :
840 1627 963 1664 multa
983 1626 1076 1664 uolo
1096 1631 1228 1664 tecum

156 1701 199 1727 10
538 1692 647 1743 loqui
668 1693 718 1731 de
739 1706 779 1731 re
799 1691 882 1730 uiri.
1567 1702 1604 1735 ῐ5

135 1762 197 1792 10³
486 1760 585 1796 ΡΑΝ.
618 1759 789 1805 saluene,
812 1757 986 1796 amabo?
1240 1745 1247 1749 ³

323 1824 427 1862 PAM.
460 1836 574 1874 spero
595 1822 759 1874 quidem
780 1830 818 1861 et
839 1823 932 1861 uolo
948 1837 957 1871 3
993 1823 1062 1861 sed
1083 1822 1171 1869 hoc,
1195 1834 1313 1869 soror,
1337 1820 1489 1862 crdcior

314 1897 471 1939 patrem
493 1896 602 1928 tuom
625 1901 840 1939 meumque
860 1888 973 1936 adeo,
996 1886 1112 1926 unice
1133 1885 1201 1938 qui
1222 1889 1324 1926 (mus

321 1954 474 1994 ciuibus
496 1968 543 1993 ex
562 1953 748 1994 omnibus
769 1953 916 2005 probus
937 1953 1174 2004 perhibetur,

318 2014 411 2058 eum
433 2033 539 2059 nunc
559 2019 715 2071 inprobi
736 2018 808 2058 uiri
829 2018 958 2058 officio
979 2018 1048 2066 uti,
1565 2028 1607 2052 20

150 2091 189 2128 15
374 2084 465 2125 uiris
487 2084 555 2136 qui
575 2092 702 2124 tantas
723 2084 944 2135 apsentibu’
965 2082 1107 2123 nostris

481 2149 573 2189 facit
593 2149 752 2188 iniurias
773 2148 957 2188 inmerito

482 2228 634 2265 nosque
654 2215 705 2253 ab
726 2214 781 2253 eis
801 2214 999 2254 abducere
1019 2214 1113 2252 uolt.

428 2280 526 2320 haee
546 2294 606 2319 res
626 2279 731 2319 uitae
752 2293 826 2327 me,
849 2293 968 2327 soror,
991 2285 1176 2326 saturant,

259 2394 278 2425 5
303 2395 488 2425 eorumque
505 2383 652 2425 quffert,
672 2383 796 2425 Ussing
883 2388 919 2414 ut
937 2388 988 2414 est
1005 2393 1126 2423 aequm
1147 2383 1227 2424 (om.
1252 2382 1315 2423 ita)
1334 2381 1368 2413 P
1454 2383 1476 2413 8
1499 2383 1548 2414 vel

216 2438 312 2469 mage
421 2440 442 2468 9
464 2439 490 2460 s.
508 2428 540 2460 h.
559 2438 634 2459 mea
650 2437 748 2459 soror
764 2427 917 2459 adsidum
933 2426 965 2457 F
1057 2436 1091 2457 11
1119 2427 1277 2467 equidem
1293 2426 1326 2458 A
