1783 2707
204 521 242 553 25

207 847 247 878 30

232 134 275 170 .i
682 131 726 167 T.
762 129 942 167 MACCI
975 128 1177 165 PLAVTI

317 245 380 282 Ps.
412 250 454 281 ut
475 242 625 293 opinor,
650 248 843 292 quaerunt
864 240 1013 278 litterae
1033 239 1108 277 hae
1129 237 1203 276 sibi
1223 236 1367 276 liberos
1385 252 1393 276 :

315 308 390 347 alia
410 307 525 346 aliam
547 306 710 345 scandit.
771 306 885 345 CALI.
918 303 1020 342 ludis
1041 303 1118 341 iam
1139 304 1234 342 ludo
1254 304 1353 341 tuo?

317 375 380 411 Ps.
412 374 481 411 has
502 371 664 422 quidem
685 371 751 421 pol
773 370 891 408 credo
912 368 985 407 nisi
1007 368 1156 407 Sibulla
1176 367 1321 418 legerit,
1611 376 1651 413 25

317 436 559 488 interpretari
578 436 698 475 alium
720 442 877 485 potesse
896 434 1108 473 neminem.

318 505 433 543 CALI.
466 516 538 554 qur
558 502 815 541 inclementer
836 499 934 539 dicis
955 499 1095 549 lepidis
1116 498 1252 537 litteris

268 593 273 618 g
298 568 456 620 >lepidis
477 567 629 607 tabellis
650 566 782 617 lepida
802 564 1034 615 conscriptis
1056 566 1205 603 manu?

317 635 378 672 Ps.
412 647 472 681 an,
496 646 660 684 opsecro
680 633 821 678 hercle,
845 631 994 669 habent
1014 643 1111 680 quas
1131 630 1297 680 gallinae
1317 631 1486 668 manus?

318 713 408 738 nam
431 700 500 738 has
522 698 683 749 quidem
704 696 847 748 gallina
867 695 1030 746 scripsit.
1091 696 1205 735 CALi.
1240 695 1400 733 odiosus
1422 694 1518 733 mihi
1538 707 1589 734 es.
1613 708 1659 743 30

318 766 402 815 lege
424 765 487 803 uel
508 765 670 803 tabellas
690 764 823 802 redde.
883 763 945 800 Ps.
979 762 1101 799 immo
1122 760 1227 799 enim
1249 761 1451 811 pellegam.

318 830 517 870 aduortito
537 829 725 868 animum.
785 829 903 868 CALl.
934 841 1014 865 non
1035 827 1156 866 adest.
1218 828 1279 864 ΡΞ.
1312 833 1350 864 at
1371 833 1411 864 tu
1433 825 1519 864 cita.

320 897 435 936 CALl.
468 895 590 934 immo
611 907 684 945 ego
705 894 857 940 tacebo,
881 895 922 932 tii
943 892 1058 931 istinc
1079 905 1125 930 ex
1146 904 1234 930 cera
1254 890 1354 938 cita3

319 974 410 1000 nam
432 960 517 1000 istic
539 973 650 999 meus
671 959 826 998 animus
849 971 955 997 nunc
976 964 1045 1004 est,
1068 970 1149 995 non
1171 956 1209 994 in
1232 963 1400 1006 pectore.

321 1028 382 1065 Ps.
416 1033 523 1065 tuam
558 1025 725 1064 amicam
766 1024 895 1071 uideo,
931 1022 1126 1063 Calidore.
1187 1023 1301 1061 Cam.
1334 1021 1402 1059 ubi
1441 1035 1486 1060 ea
1524 1028 1592 1068 est,
1616 1030 1657 1067 35

1402 1100 1566 1137 opsecro
1580 1088 1596 1125 ?

224 1170 227 1171 ⁷
268 1178 271 1179 ν
324 1159 384 1195 Ps.
417 1168 551 1195 eccam
572 1154 613 1194 in
634 1154 785 1194 tabellis
806 1161 1026 1205 porrectam
1044 1167 1050 1191 :
1081 1152 1120 1191 in
1141 1165 1229 1191 cera
1249 1152 1378 1190 cubat.

207 1887 249 1918 45

322 1221 438 1260 CALI.
461 1227 500 1259 at
516 1228 553 1260 te
570 1220 610 1260 di
624 1221 802 1271 deaeque
818 1219 1170 1269 quantumst—Ps.
1188 1217 1397 1256 seruassint
1415 1216 1593 1267 quidem!

321 1287 436 1326 CALl.
468 1285 580 1336 quasi
600 1284 812 1324 solstitialis
833 1284 954 1324 herba
974 1283 1185 1334 paullisper
1205 1283 1258 1321 fui
1279 1299 1285 1321 t

319 1358 479 1402 repente
499 1358 654 1390 exortus
675 1363 773 1397 sum,
796 1349 1003 1400 repentino
1024 1348 1162 1388 occidi.

321 1419 384 1455 ΡΞ.
416 1424 512 1463 tace,
536 1416 632 1455 diim
654 1416 817 1455 tabellas
838 1416 1002 1466 pellego.
1063 1415 1178 1454 CALI.
1212 1427 1303 1465 ergo
1324 1413 1419 1464 quin
1440 1412 1564 1465 legis?
1616 1426 1661 1458 40

321 1484 383 1520 Ps.
419 1480 700 1520 ‘Phoenicium
725 1480 911 1521 Calidoro
931 1478 1096 1518 amatori
1116 1492 1188 1517 suo

321 1560 389 1597 per
409 1559 538 1586 ceram
559 1553 598 1585 et
618 1545 743 1584 linum
763 1545 990 1595 litterasque
1011 1544 1241 1596 interpretes

320 1612 486 1650 salutem
508 1610 681 1662 impertit
701 1618 739 1649 et
760 1611 926 1649 salutern
949 1624 995 1649 ex
1016 1617 1053 1649 te
1075 1610 1221 1661 expetit

320 1678 540 1715 lacrumans
562 1675 746 1715 titubanti
772 1675 776 1726 l
802 1674 948 1722 animo,
971 1676 1090 1714 corde
1111 1683 1149 1714 et
1169 1677 1352 1726 pectore.’

321 1742 436 1782 CALI.
469 1740 589 1792 perii!
620 1742 786 1780 salutem
807 1753 1003 1791 nusquam
1024 1740 1196 1788 inuenio,
1221 1741 1428 1787 Pseudole,
1578 1756 1580 1760 ’
1615 1750 1657 1787 45

323 1819 442 1856 quam
456 1806 509 1844 illi
524 1805 730 1845 remittam.
775 1808 836 1844 Ps.
857 1819 975 1856 quam
993 1807 1157 1845 salutem
1175 1808 1191 1845 ?
1221 1807 1335 1846 (Tm.
1358 1813 1592 1856 argenteam.

326 1874 387 1910 Ps.
420 1885 490 1922 pro
511 1871 666 1922 lignean
687 1872 811 1910 salute
831 1870 915 1910 ueis
935 1878 1159 1922 argenteam

324 1937 520 1976 remittere
541 1936 624 1974 illi?
667 1935 760 1975 uide
781 1935 832 1975 sis
854 1949 973 1987 quam
995 1944 1036 1975 tu
1058 1950 1139 1976 rem
1159 1949 1279 1987 geras.

322 2003 438 2042 CALl.
469 2001 588 2040 recita
609 2002 753 2049 modo:
783 2015 829 2039 ex
849 2000 1002 2040 tabellis
1022 2001 1099 2039 iam
1120 2002 1208 2040 faxo
1229 2001 1327 2040 scies

322 2080 440 2117 quam
463 2065 593 2105 subito
614 2073 776 2117 argento
797 2065 850 2104 mi
871 2080 964 2105 usus
986 2066 1149 2105 inuento
1171 2066 1253 2105 siet.
1619 2076 1662 2111 50

324 2133 385 2169 ΡΞ.
421 2132 533 2170 ‘leno
555 2145 617 2169 me
638 2143 796 2182 peregre
818 2130 929 2169 militi
953 2131 1194 2170 Macedonio

312 2246 353 2276 23
377 2236 425 2268 vel
442 2236 544 2276 opino
648 2246 687 2275 24
714 2236 795 2277 iam]
816 2246 868 2266 me
881 2236 980 2269 Piiv.
1001 2246 1019 2266 2
1032 2236 1056 2273 ἒ)
1171 2236 1213 2266 26
1238 2246 1337 2276 posse
1354 2236 1440 2268 codd.
1554 2247 1597 2276 29

268 2281 368 2322 quas]
382 2290 448 2320 que
464 2279 496 2321 (i.
512 2291 535 2311 e.
551 2289 637 2319 quae
649 2281 672 2319 3)
686 2278 719 2309 P
798 2290 840 2319 30
857 2279 1002 2319 gallinas
1014 2279 1047 2309 A
1137 2288 1179 2318 33
1197 2279 1411 2320 hincP(pro
1424 2280 1489 2311 iste
1504 2280 1595 2318 hinc,

269 2325 288 2356 ι’.
303 2335 325 2356 e.
345 2324 444 2355 istinc
457 2324 482 2363 ἓ)
602 2325 645 2362 36
668 2333 779 2354 ceram
795 2323 828 2353 Α
962 2334 1003 2361 42
1027 2323 1154 2362 lignum
1172 2323 1262 2354 codd.
1278 2323 1428 2354 Ausonii
1439 2323 1525 2364 epist.
1540 2334 1592 2356 22.

273 2378 300 2406 ι,
320 2374 357 2409 p.
390 2368 447 2406 184
469 2366 655 2406 Scl1.‚fort.
684 2370 760 2397 recte
782 2366 835 2407 (cf
864 2377 904 2406 47
931 2366 1023 2406 infr.)
1182 2377 1223 2406 43
1247 2367 1411 2408 impertit]
1440 2367 1540 2398 mittit
1566 2367 1599 2398 P

272 2411 326 2452 (cf.
343 2422 372 2443 v.
388 2412 446 2451 46)
515 2410 611 2442 abste
628 2410 661 2442 P
746 2421 787 2449 44
811 2410 1023 2441 illacrumans
1037 2410 1166 2442 Sclzocll
1230 2411 1456 2452 titubantique
1472 2410 1599 2442 Ritschl

271 2465 312 2496 45
336 2454 513 2495 ipseudole
532 2453 565 2484 P
693 2464 730 2493 51
759 2454 976 2486 macedonico
994 2453 1025 2488 P

957 2519 979 2529 l
