1731 2713
115 634 184 678 830

119 1348 189 1391 840

699 124 1018 163 PSEVDOLVS
1442 119 1519 156 III.
1538 119 1567 155 ii

308 238 580 278 formidolosas
601 236 719 282 dictu,
744 250 823 274 non
845 248 932 274 essu
955 236 1085 272 modo.

308 318 404 354 quas
426 304 565 342 herbas
586 303 759 352 pecudes
781 314 861 339 non
882 301 1005 339 edunt
1026 298 1207 337 homines
1228 299 1359 336 edunt.

311 371 382 406 BA.
412 368 506 418 quid
529 369 599 406 tu?
629 366 773 406 diuinis
795 364 1057 404 condimentis
1080 372 1197 410 utere,

308 433 373 483 qui
396 446 601 483 prorogare
622 432 743 470 uitam
766 430 891 481 possis
912 429 1149 474 hominibus,

309 497 375 548 qui
397 511 442 536 ea
462 499 595 547 culpes
617 495 901 534 condimenta?
958 496 1030 533 Co.
1063 495 1248 532 audacter
1268 491 1388 531 dicito
1405 505 1414 537 ς

309 576 399 601 nam
422 564 483 600 uel
505 563 681 601 ducenos
702 574 826 599 annos
848 566 1032 609 poterunt
1054 559 1188 597 uiuere

311 641 416 665 meas
438 626 504 677 qui
526 626 742 665 essitabunt
764 638 872 663 escas
894 638 991 674 quas
1013 624 1237 662 condiuero.

310 706 401 730 nam
424 705 495 742 ego
517 691 785 730 cocilendrum
808 691 969 739 quando
991 689 1030 726 in
1051 688 1203 739 patinas
1225 685 1349 725 indidi

309 765 376 795 aut
396 757 677 807 cepolendrum
698 762 765 793 aut
786 754 1004 793 maccidem
1025 761 1091 792 aut
1113 752 1392 802 saucaptidem,

310 835 475 872 eaepsae
495 835 535 859 se
556 820 712 871 patinae
733 819 990 858 feruefaciunt
1011 818 1110 857 ilico.

312 888 409 926 haec
429 888 479 925 ad
501 885 679 936 Neptuni
700 886 874 936 pecudes
895 884 1150 922 condimenta
1171 890 1282 921 sunt:

312 951 498 991 terrestris
520 951 692 1001 pecudes
713 949 956 988 cicimandro
977 948 1122 987 condio
1143 955 1209 986 aut

312 1016 568 1067 hapalopside
588 1022 656 1053 aut
676 1014 912 1053 cataractria.
973 1015 1043 1051 BA.
1076 1021 1113 1051 at
1135 1020 1172 1050 te
1194 1010 1371 1061 Iuppiter

312 1082 432 1132 dique
453 1094 591 1120 omnes
611 1081 776 1130 perdant
797 1092 888 1117 cum
909 1077 1174 1116 condimentis
1195 1076 1270 1115 tuis

312 1161 483 1197 cumque
504 1146 579 1185 tuis
600 1145 681 1184 istis
703 1144 887 1184 omnibus
909 1142 1124 1182 mendaciis
1142 1146 1148 1180 ἓ

314 1214 386 1253 Co.
419 1213 502 1251 sine
523 1211 573 1250 sis
594 1210 702 1261 loqui
730 1224 802 1248 me.
863 1211 935 1247 BA.
966 1210 1127 1259 loquere
1154 1214 1273 1257 atque
1293 1207 1304 1244 i
1325 1206 1364 1244 in
1389 1206 1532 1243 malam
1555 1221 1594 1252 50

1364 1283 1532 1309 crucem.

315 1345 388 1384 Co.
420 1343 488 1381 ubi
509 1355 647 1381 omnes
668 1340 824 1392 patinae
845 1341 1011 1386 feruont‚
1036 1338 1165 1378 omnis
1185 1336 1342 1388 aperio·

315 1409 346 1447 is
367 1410 465 1447 odos
486 1407 665 1447 demissis
686 1405 854 1456 pedibus
876 1405 915 1443 in
936 1406 1088 1443 caelum
1112 1405 1228 1442 uolat.

316 1487 406 1512 eum
428 1474 589 1511 odorem
612 1479 726 1510 cenat
748 1469 925 1520 Iuppiter
945 1469 1118 1508 cottidie.

318 1540 387 1576 BA.
420 1535 526 1576 odos‘
539 1535 719 1575 demissis
741 1534 939 1585 pedibus?
996 1535 1068 1573 Co.
1101 1533 1263 1583 peccaui
1285 1532 1465 1570 insciens.

317 1605 388 1641 BA.
421 1602 615 1653 quidum?
671 1601 743 1640 CO.
780 1599 980 1638 ‘demissis
1002 1599 1205 1637 manibus'
1226 1597 1333 1636 uolui
1355 1596 1494 1635 dicere.

317 1670 388 1706 ΒΑ.
420 1667 452 1705 si
473 1680 666 1716 nusquam
688 1665 719 1704 is
740 1673 910 1712 coctum,
934 1664 1123 1714 quidnam
1145 1671 1259 1702 cenat
1282 1661 1487 1712 Iuppiter?

317 1734 389 1772 Co.
421 1733 450 1771 it
470 1732 674 1770 incenatus
694 1730 883 1769 cubitum.
944 1732 1014 1768 ΒΑ.
1048 1731 1059 1767 ἰ
1080 1729 1119 1766 in
1142 1730 1283 1766 malam
1306 1740 1473 1765 crucem.

316 1797 479 1836 istacine
498 1810 635 1835 caussa
655 1796 725 1834 tibi
746 1795 865 1834 hodie
886 1808 1093 1832 nummum
1116 1794 1250 1832 dabo?

318 1864 389 1903 CO.
422 1864 544 1901 fateor
564 1861 748 1912 equidem
770 1874 855 1899 esse
877 1874 940 1898 me
961 1873 1132 1909 coquom
1154 1858 1437 1904 carissumum3

318 1942 454 1967 uerum
475 1940 546 1977 pro
565 1926 690 1977 pretio
711 1925 811 1964 facio
832 1933 873 1963 ut
894 1938 1013 1975 opera
1033 1931 1217 1974 appareat

253 2033 318 2072 824
341 2030 594 2063 formidulosam
611 2028 644 2060 A
734 2039 827 2059 esum
844 2028 878 2059 P
1028 2029 1093 2067 830
1115 2027 1188 2068 qui]
1207 2026 1281 2066 quis
1297 2025 1331 2056 P
1473 2024 1533 2063 831

212 2076 427 2107 cicilendrum
441 2074 474 2105 P
559 2075 622 2112 832
647 2073 850 2112 secaptidem
863 2071 896 2101 A
986 2072 1049 2111 833
1075 2081 1199 2111 eaepse
1214 2081 1250 2101 se
1262 2069 1294 2099 A
1307 2070 1382 2110 (pro
1393 2077 1537 2107 eaepsae

212 2122 287 2159 se3)
305 2133 312 2151 z
336 2130 396 2151 eae
421 2119 515 2158 ipsae
537 2127 613 2148 sese
633 2116 666 2146 P
689 2118 765 2158 (pro
787 2116 901 2154 eaeps'
921 2125 997 2146 sese
1010 2118 1034 2147 Y)
1177 2116 1240 2153 835
1266 2113 1486 2144 ciomalindro
1504 2112 1536 2141 A

212 2169 268 2195 aut
292 2164 325 2193 in
350 2162 440 2193 mitio
456 2173 483 2192 v.
504 2163 567 2199 836
583 2160 692 2191 codd.:
717 2160 774 2190 del.
794 2160 929 2190 Gm'etus
1021 2160 1085 2199 836
1104 2157 1344 2199 hapalogopide
1361 2155 1394 2185 A
1414 2156 1536 2196 (wop-3

213 2209 276 2246 837
302 2216 402 2246 quom
421 2203 764 2246 P(ant1'quasorma)
884 2204 947 2241 838
973 2203 1045 2233 istis
1062 2214 1129 2234 om.
1150 2202 1183 2232 P
1312 2201 1377 2238 839
1401 2199 1407 2228 i
1426 2208 1491 2229 om.
1508 2197 1542 2228 P

213 2252 274 2289 841
303 2251 391 2289 (item
409 2250 484 2287 843,
501 2249 579 2286 844)
600 2247 745 2277 dimissis
761 2246 834 2277 Ital.
947 2246 1104 2288 pedibus]
1125 2246 1280 2276 manibus
1296 2244 1327 2273 A
1351 2243 1440 2277 (item
1457 2242 1536 2280 843)

214 2294 327 2332 uolant
343 2293 376 2322 A
511 2293 574 2329 842
593 2294 669 2330 post
689 2291 751 2328 844
775 2290 904 2319 collocat
926 2290 1096 2320 Aca‘dalz'ns
1184 2299 1258 2320 eum
1288 2287 1386 2318 modo
1414 2295 1482 2315 rem
1509 2284 1542 2314 P

214 2338 277 2376 844
300 2334 453 2377 quidum]
468 2335 600 2374 quidem
618 2335 709 2374 &pro
719 2333 798 2372 quid
812 2333 891 2373 esa)
905 2333 966 2364 Co.
984 2334 1060 2372 quia
1073 2333 1198 2373 (quiam
1215 2332 1261 2373 Β)
1278 2331 1311 2362 Ρ
1396 2329 1540 2369 pedibus

215 2381 248 2410 A
346 2381 409 2419 845
433 2379 461 2410 is
486 2378 591 2409 coctis
616 2377 649 2408 P
672 2378 764 2417 (corr.
794 2375 860 2416 D²)
881 2387 887 2407 :
922 2381 1052 2407 coctum
1078 2378 1106 2408 is
1129 2375 1163 2407 'A
1297 2375 1360 2413 848
1385 2383 1437 2403 me
1464 2376 1540 2413 (pro

216 2423 292 2455 med
308 2424 333 2465 ἓ)
352 2433 428 2454 esse
443 2422 477 2452 P
