1783 2707
652 111 697 147 T.
732 108 914 150 MACCI
946 109 1149 146 PLAVTI

197 236 220 257 ιι
242 219 466 259 Patibulum
488 221 583 258 ferat
604 233 671 270 per
691 219 840 266 urbem,
864 219 1010 258 deinde
1030 219 1222 270 adfigatur
1243 217 1358 257 cruci.

180 302 220 324 111
241 316 247 323 .
271 316 277 323 .
303 285 530 325 Secundum
552 297 711 335 eampse
731 297 837 322 aram
858 297 997 322 aurum
1018 283 1263 334 apscondidi.

754 401 1060 442 †CESISTIO†

295 482 366 521 Dis
387 483 548 522 stribula
568 490 634 522 aut
656 484 705 522 de
726 483 863 522 lumbo
884 496 1056 534 opscena
1077 482 1237 521 uiscera.

811 601 1000 641 COLAX

211 698 221 719 1
243 682 437 723 Batiolam
458 696 616 722 auream
638 691 728 722 octo
749 684 884 734 pondo
904 683 1117 731 habebam,
1136 680 1314 732 accipere
1335 679 1471 720 noluit⁷

197 761 222 782 ¹1
243 747 323 798 Qui
343 749 435 788 data
455 749 533 788 fide
554 750 706 787 firmata
726 750 915 788 fidentem
936 747 1153 795 fefellerint,

241 813 400 853 subdoli
420 814 724 862 subsentatores,
747 813 826 865 regi
847 813 914 866 qui
935 822 1026 853 sunt
1047 812 1238 865 proxumi,

242 878 309 930 qui
329 878 440 918 aliter
459 878 537 930 regi
558 878 673 918 dictis
694 878 842 928 dicunt,
865 879 975 918 aliter
995 879 1034 917 in
1055 878 1189 917 animo
1215 876 1218 930 Ι
1246 877 1402 917 habent.

182 956 224 978 111
243 944 283 984 Si
304 958 366 984 me
387 952 428 984 tu
449 944 569 984 hodie
589 944 816 984 inuitaueris
836 958 1054 995 numquam
1075 943 1289 994 quicquam
1310 974 1317 982 .
1341 974 1348 981 .
1375 974 1383 982 .

187 1027 222 1046 ιν
512 1011 679 1049 Nexum.

671 1114 1134 1154 COMMORIENTES

295 1196 438 1237 Saliam
460 1196 498 1235 in
520 1204 682 1248 puteum
705 1195 917 1247 praecipes.

734 1315 1078 1355 CONDALIVM

213 1414 224 1436 1
243 1401 347 1439 Tum
368 1399 599 1450 crepusculo
620 1399 698 1436 fere
719 1404 761 1436 ut
781 1404 924 1435 amant.
983 1397 1186 1447 lampades
1207 1394 1421 1435 accendite.

199 1481 224 1502 11
621 1465 696 1502 Pro
713 1466 720 1501 Ξ

745 1567 1076 1608 CORNICVLA

213 1668 225 1690 1
245 1653 353 1704 Quid
374 1666 572 1693 cessamus
593 1653 707 1690 ludos
729 1653 886 1690 facere?
916 1651 1040 1689 circus
1062 1655 1193 1688 noster
1213 1661 1305 1687 ecce
1325 1648 1436 1686 adest
1457 1650 1463 1685 1

1592 487 1709 525 50⁸

1593 952 1633 990 55

1591 1651 1637 1686 60

286 1768 311 1789 11
335 1757 470 1789 Nouius
497 1767 556 1787 221
585 1755 787 1796 (patibulum
813 1765 912 1786 masc.
937 1755 1029 1795 gen.)
1192 1753 1361 1792 adfigatur
1385 1752 1436 1783 vir
1461 1748 1591 1782 doctus'

243 1803 275 1834 iu
298 1801 402 1833 Nouii
422 1801 470 1832 ed.
486 1800 682 1831 Basiliensi:
713 1799 839 1838 adfigat
863 1797 950 1830 codd.
1102 1806 1143 1827 111
1168 1796 1359 1828 Pu‘scianus
1378 1806 1405 1834 1,
1430 1797 1495 1835 516
1519 1794 1572 1837 (de

241 1846 496 1887 compositorum
527 1843 615 1876 verbi
639 1843 717 1874 ‘do’
752 1842 904 1884 perfectis)
996 1842 1102 1882 ipsam
1128 1840 1214 1873 codd.
1361 1840 1438 1871 Ces.
1467 1839 1571 1870 Varro

241 1889 342 1931 Ling.
367 1888 443 1920 Lat.
471 1899 500 1928 7,
528 1889 568 1927 67
595 1887 750 1925 (stribula
773 1912 778 1918 .
799 1912 805 1918 .
827 1887 951 1918 circum
976 1885 1182 1918 coxendices
1205 1889 1283 1916 sunt
1306 1884 1417 1924 bovis)
1518 1883 1570 1914 dis

241 1933 381 1965 §tribula
390 1931 578 1963 Buecheler:
603 1932 779 1962 distribula
797 1930 862 1961 cod.
954 1934 1011 1961 aut
1026 1929 1214 1971 Scioppius:
1241 1934 1277 1960 ut
1293 1928 1359 1960 cod.
1487 1928 1570 1959 COL.

242 1987 253 2008 1
277 1977 409 2008 Nouius
424 1985 488 2015 545
506 1975 660 2017 (batiola)
751 1975 914 2006 habebam
927 1973 1056 2004 Ritsclzl
1066 1985 1071 2004 :
1097 1973 1240 2004 habebat
1256 1972 1344 2004 codd.
1469 1980 1495 2002 11
1519 1971 1571 2002 M.

245 2021 368 2053 Caesar
388 2020 434 2052 ad
454 2020 654 2051 Frontonem
672 2029 701 2060 2,
726 2029 774 2059 10,
799 2029 829 2059 p.
851 2028 892 2058 33
909 2018 992 2049 Nab.
1099 2027 1118 2056 3
1135 2017 1264 2048 animos
1280 2016 1364 2047 Ellis
1390 2016 1413 2056 (‘
1426 2014 1568 2046 Fronto’

243 2076 275 2105 p.
301 2066 359 2104 25)
505 2073 545 2094 111
569 2063 678 2095 Schol.
711 2062 825 2094 Veron.
858 2061 934 2102 Vbrg
965 2062 1052 2092 Aen.
1082 2072 1111 2101 2,
1139 2063 1204 2100 670
1231 2068 1426 2100 (numquam
1452 2059 1568 2099 hodie)

231 2109 313 2148 fort.
332 2106 569 2150 (numquam),
587 2117 767 2147 numquam
860 2115 895 2136 ιν
916 2105 1023 2137 Varro
1040 2105 1136 2146 Ling.
1169 2103 1243 2136 Lat.
1273 2115 1302 2144 7,
1329 2113 1388 2143 105
1414 2102 1570 2145 (nexum)

242 2152 442 2184 Plautinum
459 2162 504 2182 cm
520 2151 730 2183 Naevianum
747 2151 904 2181 incertum
983 2149 1099 2181 Conna.
1118 2148 1309 2179 Priscianus
1328 2159 1354 2188 1,
1377 2148 1441 2179 280
1458 2147 1570 2187 (prae-

242 2197 351 2236 cipes)
506 2196 619 2227 COND.
637 2205 648 2226 1
670 2194 775 2226 Varro
798 2194 896 2235 Ling.
923 2192 999 2226 Lat.
1028 2203 1057 2233 7,
1081 2204 1120 2233 77
1148 2192 1406 2232 (crepusculum,
1434 2191 1570 2222 dubium

243 2245 376 2280 tempus
389 2239 499 2271 noctis
509 2250 551 2270 an
565 2239 633 2271 diei
646 2239 704 2280 sit)
793 2238 844 2269 vel
873 2238 964 2268 serae
1047 2247 1072 2268 11
1098 2237 1214 2267 Festus
1229 2246 1293 2276 229
1310 2236 1388 2275 (pro
1404 2234 1567 2273 interfect.)

242 2283 300 2314 sed
319 2284 391 2315 vide
408 2284 523 2314 Herm.
541 2294 594 2322 40,
613 2293 676 2322 247
768 2281 879 2312 CORN.
908 2290 919 2311 1
939 2280 1045 2311 Varro
1060 2279 1160 2321 Ling.
1173 2278 1246 2312 Lat.
1260 2290 1290 2319 5,
1310 2288 1368 2317 153
1385 2278 1518 2319 (circus,
1535 2278 1569 2308 in

244 2328 347 2358 Corn.
365 2328 480 2359 militis
496 2328 657 2367 aduentu,
677 2335 776 2367 quem
794 2326 1003 2357 circumeunt
1026 2324 1198 2364 ludentes)
1289 2332 1403 2353 eccum
1429 2321 1569 2362 Langen

246 2371 268 2412 (¹
281 2371 453 2412 Bez'trage,⁷
474 2381 504 2411 p.
525 2372 561 2412 4)
