1731 2713
648 151 968 189 PSEVDOLVS
1419 150 1485 186 lv.
1507 148 1537 185 ii

158 272 239 309 BA.
271 271 400 316 credo,
437 268 476 306 in
515 265 696 312 tenebris,
737 264 986 314 conspicatus
1026 263 1056 301 si
1097 263 1147 301 sis
1188 276 1259 308 mc,
1296 262 1492 312 apstineas

1319 340 1490 364 manum.

168 402 300 438 Smin.
334 399 412 437 eru'
433 410 542 435 meus
564 395 633 434 tibi
656 409 718 433 me
739 396 903 432 salutem
926 395 1090 431 multam
1111 392 1236 431 uoluit
1257 391 1396 431 dicere.
1518 404 1555 436 25

169 466 271 502 hanc
291 463 496 513 epistulam
517 461 652 511 accipe
671 474 694 498 a
715 473 789 506 me,
812 460 913 496 hanc
936 472 999 496 me
1020 457 1089 495 tibi
1112 457 1221 495 iussit
1242 458 1345 495 dare.

171 532 241 568 BA.
274 528 361 578 quis
386 527 416 565 is
447 529 605 564 homost
632 524 698 575 qui
728 523 868 562 iussit?
926 525 988 561 Ps.
1021 522 1140 574 perii!
1176 536 1282 560 nunc
1308 523 1430 560 homo
1457 520 1496 558 in

1201 586 1334 626 medio
1354 588 1498 633 lutost3

83 668 148 712 985
170 673 315 699 nomen
338 658 472 705 nescit,
496 659 628 696 haeret
649 657 746 694 haec
766 668 836 694 res.
898 656 969 693 BA.
1003 652 1121 704 quem
1149 654 1251 690 hanc
1277 651 1427 690 misisse
1447 652 1498 689 ad

1207 730 1270 755 me
1290 717 1499 755 autumas?

172 793 305 830 SmiA.
338 802 458 828 nosce
478 787 688 838 imaginem
708 802 714 825 :
745 794 828 825 tute
848 785 946 824 eiius
968 797 1115 823 nomen
1136 790 1355 821 memorato
1377 781 1486 829 mihi,

172 865 214 895 ut
235 856 355 895 sciam
376 863 414 893 te
436 854 655 893 Ballionem
677 866 762 892 esse
782 852 922 902 ipsum.
949 887 957 895 ,
975 853 1045 888 ΒΑ.
1069 851 1169 888 cedo
1191 849 1244 887 mi
1266 848 1484 898 epistulam.
1521 862 1560 892 30

173 924 307 961 Smm.
329 921 464 971 accipe
485 927 522 958 et
543 932 739 969 cognosce
760 917 926 968 signum.
984 918 1054 954 ΒΑ,
1079 916 1131 953 oh
1149 918 1155 953 1
1178 914 1502 964 Polymachaero-

1326 977 1501 1028 plagides

173 1066 291 1103 purus
313 1059 430 1102 putus
451 1058 509 1089 est
530 1050 646 1100 ipsus.
707 1047 812 1086 noui.
872 1047 970 1085 heus
988 1049 993 1084 !
1026 1042 1484 1095 Polymachaeroplagidi

85 1133 155 1168 990
174 1131 321 1156 nomen
342 1125 409 1155 est.
452 1118 584 1154 Sum.
609 1114 690 1153 scio
711 1113 789 1151 iam
810 1126 874 1151 me
895 1119 999 1150 recte
1020 1110 1090 1149 tibi
1107 1109 1264 1148 dedisse
1281 1108 1500 1159 epistulam,

174 1190 383 1232 postquam
406 1177 913 1230 Polymachaeroplagidem
936 1178 1114 1215 elocutus
1136 1188 1284 1213 nomen
1305 1187 1356 1212 es.

176 1250 247 1286 ΒΑ.
280 1246 375 1297 quid
395 1246 473 1296 agit
503 1245 564 1284 is?
621 1247 754 1284 Snan.
788 1243 897 1293 quod
925 1243 1047 1280 homo
1078 1241 1220 1290 edepol
1248 1238 1356 1278 fortis
1385 1246 1504 1288 atque
1526 1250 1564 1282 35

1160 1307 1325 1344 bellator
1344 1305 1503 1356 probus.

175 1380 245 1418 sed
261 1392 425 1430 propera
440 1380 543 1416 hanc
564 1377 758 1428 pellegere
774 1387 922 1425 quaeso
939 1373 1147 1423 epistulam
1165 1371 1235 1422 (ita
1249 1369 1506 1421 negotiumst)

175 1452 293 1494 atque
313 1443 490 1493 accipere
510 1449 714 1492 argentum
737 1447 914 1478 actutum
936 1437 1222 1486 mulieremque
1243 1436 1432 1474 emittere.

87 1525 153 1562 995
176 1523 267 1547 nam
295 1521 455 1547 necesse
477 1504 570 1560 [est]
600 1505 719 1545 hodie
748 1503 906 1554 Sicyoni
934 1517 997 1542 me
1024 1516 1109 1541 esse
1136 1509 1202 1540 aut
1230 1514 1312 1539 cras
1339 1507 1506 1539 mortem

1333 1564 1503 1615 exsequi,

176 1639 230 1678 ita
249 1641 326 1677 eru’
348 1652 458 1677 meus
479 1645 536 1676 est
558 1635 802 1688 imperiosus.
863 1636 933 1672 BA.
967 1631 1072 1679 noui,
1097 1630 1200 1670 notis
1222 1629 1435 1681 praedicas.

230 1706 363 1744 SmnA.
395 1716 561 1755 propera
592 1703 785 1753 pellegere
817 1698 1025 1750 epistulam
1066 1710 1168 1747 erg0.
1243 1698 1313 1748 ΒΑ.
1348 1696 1387 1733 1'd
1420 1708 1504 1745 ago,
1529 1713 1571 1743 40

1169 1761 1200 1800 si
1222 1768 1350 1799 taceas
1373 1760 1503 1798 modo.

288 1835 420 1874 ‘miles
441 1833 574 1874 lenoni
597 1831 765 1872 Ballioni
787 1830 996 1881 epistulam

285 1899 547 1950 conscriptam
569 1897 685 1936 mittit
708 1891 1206 1946 PolymachaeroplagideS,

72 1980 161 2006 1000
285 1965 454 2015 imagine
475 1963 720 2014 opsignatam
743 1974 845 2011 quae
865 1959 966 1997 inter
987 1971 1059 1996 nos
1081 1958 1162 1996 duo

221 2071 286 2110 983
302 2069 404 2100 hasce
415 2079 491 2099 corr.
507 2068 593 2098 hanc
608 2069 644 2096 ut
656 2065 717 2096 vid.
734 2065 874 2103 (hansce
892 2062 925 2095 T.
940 2063 1064 2092 hanase
1076 2060 1120 2090 B>x
1134 2058 1168 2089 Ρ
1218 2059 1294 2090 vela
1308 2059 1384 2089 med
1442 2059 1508 2089 han

179 2125 234 2144 me
246 2113 279 2143 A
347 2114 410 2152 984
428 2112 527 2151 periit
539 2110 571 2141 Ρ
635 2113 707 2140 tuto
727 2113 778 2139 est
790 2108 822 2137 P
885 2107 950 2146 988
967 2110 1000 2135 et
1012 2115 1082 2135 om.
1097 2104 1130 2134 P
1194 2104 1259 2142 989
1277 2102 1393 2144 putus]
1409 2108 1510 2133 nutus

181 2156 243 2197 (T)
256 2156 305 2188 vel
317 2161 428 2186 mutus
444 2154 547 2194 (PBG)
562 2153 595 2183 P
638 2152 690 2183 Ps.
715 2152 770 2191 (ut
785 2150 869 2183 vids
887 2148 1148 2190 polymachaero
1167 2146 1362 2186 placidesP
1446 2156 1512 2185 990

180 2200 239 2231 tibi
257 2211 309 2231 me
327 2205 419 2231 recte
438 2198 470 2228 P
564 2206 624 2237 991
653 2195 897 2236 polymachero
915 2192 1046 2233 placide
1063 2192 1095 2222 P
1182 2190 1234 2231 es]
1253 2201 1290 2220 se
1308 2189 1340 2219 A
1447 2200 1511 2229 992

180 2244 276 2285 quid]
295 2244 357 2274 sed
374 2243 452 2283 quid
470 2241 504 2272 P
593 2251 658 2280 994
683 2239 926 2277 mulieremque
950 2236 1108 2268 Gm'etus:
1132 2234 1375 2272 mulieremque
1395 2233 1509 2274 [mihi]

181 2288 214 2319 P
224 2288 359 2327 (⁹3iv.3):
380 2286 556 2316 mulierem
567 2285 599 2314 A
690 2292 754 2322 995
773 2287 824 2313 est
833 2280 957 2319 seclusi,
968 2289 1048 2311 nam
1062 2282 1202 2309 necesse
1216 2282 1267 2308 est
1279 2276 1511 2316 vixferendum

181 2331 282 2362 hodie
305 2330 445 2370 Sicyoni
469 2331 644 2359 necessest
669 2325 799 2357 Ritschl
926 2334 989 2363 997
1026 2332 1108 2361 ergo
1135 2320 1312 2361 epistulam
1335 2320 1448 2359 Bothe,
1478 2323 1514 2349 ut

181 2385 294 2406 versus
304 2373 483 2404 trochaicus
484 2372 556 2414 fiat
628 2371 655 2401 si
671 2375 784 2401 taceas
799 2367 916 2409 modo]
931 2366 1084 2408 (Qacitus
1098 2365 1145 2406 sis
1157 2365 1257 2395 modo
1270 2364 1302 2393 A
1429 2373 1513 2394 1000

182 2418 328 2458 imagine
347 2416 564 2449 Gulielmius:
589 2413 771 2453 imaginem
787 2411 877 2444 codd.

228 2493 348 2515 PLAVT.
366 2492 392 2513 11
1383 2474 1425 2504 20
