1731 2713
623 87 1023 125 MOSTELLARIA
1407 91 1484 128 ΙΙΙ.
1506 90 1535 128 ii

273 207 345 243 ego
367 194 429 232 hic
450 208 534 233 esse
555 202 593 233 et
613 194 665 232 illi
687 195 817 233 simitu
840 197 916 234 hau
939 196 1058 245 potui.

274 261 352 296 Tu.
385 259 480 309 quid
498 261 632 298 nunc?
684 261 758 298 TR.
792 261 885 307 uise,
905 269 1039 312 specta
1059 269 1127 299 tuo
1150 275 1273 311 usque
1293 263 1491 301 arbitratu.

273 325 352 362 ΤΗ.
384 338 454 373 age
485 323 541 376 (i),
581 326 682 363 duce
713 339 785 363 nie.
846 327 920 363 TR.
955 340 1047 364 num
1081 329 1239 365 moror?
1295 329 1374 365 Tit.
1407 342 1494 377 sup-

1278 406 1421 442 sequor
1443 401 1490 431 te.

78 468 142 505 795
272 455 348 492 Τκ.
381 468 499 493 senex
518 454 624 504 ipsus
647 463 685 494 te
702 463 795 493 ante
815 455 959 494 ostium
981 470 1118 494 eccuni
1141 457 1349 507 opperitur.
1516 472 1574 503 105

271 520 341 556 sed
362 527 403 557 ut
425 528 611 557 maestust
633 533 718 559 sese
739 522 856 559 hasce
878 521 1104 559 uendidisse
1124 525 1130 559 !

270 584 348 620 ΤΗ.
381 583 476 632 quid
498 585 688 622 tandem?
745 587 820 623 ΤΚ.
854 595 936 623 orat
960 595 999 624 ut
1021 587 1208 624 suadeam
1231 587 1489 626 Philolacheti

267 655 308 685 ut
329 648 421 686 istas
442 648 611 686 remittat
631 649 715 687 sibi.
776 652 855 688 ΤΗ.
888 652 995 690 haud
1013 651 1165 701 opinor.

267 712 341 750 sibi
362 713 526 763 quisque
548 714 623 751 ruri
645 714 766 752 metit.
825 715 854 752 si
878 717 978 753 male
996 723 1154 765 emptae

73 783 141 817 800
267 778 403 823 forent,
428 778 542 816 nobis
564 777 656 816 istas
675 778 882 817 redhibere
903 781 981 817 hau
1001 779 1145 817 liceret.
1513 797 1574 819 110

266 841 361 879 lucri
382 841 575 891 quidquid
597 849 664 889 est,
688 842 728 881 id
749 845 914 881 domurn
935 845 1086 882 trahere
1106 852 1271 894 oportet.

267 906 531 944 misericordia
551 920 568 944 s
608 921 626 941 2⁸<
667 907 869 946 hominem
891 917 1056 958 oportet.

265 973 340 1009 TR.
374 985 523 1009 morare
544 972 685 1018 hercle,
729 985 746 1005 >1⁴
788 973 892 1011 facis.
953 987 1203 1024 supsequere.
1263 977 1342 1014 TH.
1375 977 1453 1014 fiat.

158 1038 211 1074 do
231 1035 301 1074 tibi
322 1049 394 1086 ego
419 1049 588 1086 operam.
650 1038 724 1075 TR.
759 1050 877 1076 senex
907 1037 984 1076 illie
1015 1046 1082 1076 est.
1143 1053 1218 1084 ern,
1241 1039 1311 1077 tibi
1340 1041 1486 1079 adduxi

1270 1105 1483 1144 hominem.

69 1174 134 1218 805
156 1167 209 1204 S1.
241 1167 393 1204 saluom
413 1173 451 1204 te
470 1166 679 1205 aduenisse
699 1181 856 1218 peregre
875 1169 1040 1218 gaudeo,
1064 1169 1375 1219 Theopropides
1508 1186 1566 1218 115

155 1231 234 1269 ΤΗ.
267 1230 308 1269 di
336 1238 375 1270 te
403 1239 546 1270 ament.
607 1233 660 1270 S1.
694 1231 885 1282 inspicere
916 1240 953 1271 te
982 1232 1091 1271 aedis
1119 1235 1188 1271 has
1224 1235 1325 1272 uelle
1354 1234 1485 1272 aiebat

1376 1300 1482 1338 mihi.

154 1363 234 1400 TH.
264 1361 338 1399 nisi
377 1361 447 1400 tibi
486 1369 544 1400 est
582 1361 893 1401 incommodum.
954 1365 1006 1402 S1.
1048 1363 1171 1402 inimo
1213 1366 1481 1403 commodum.

1029 1428 1041 1466 i
1061 1428 1163 1466 intro
1182 1437 1301 1478 atque
1322 1429 1480 1479 inspice.

151 1494 230 1531 ΤΗ.
262 1500 301 1531 at·
341 1492 447 1531 enim
492 1492 794 1532 mulieres—SI.
841 1507 938 1532 caue
983 1502 1025 1532 tu
1067 1495 1186 1532 ullam
1229 1494 1342 1532 flocci
1387 1495 1482 1533 faxis

1263 1559 1478 1599 mulierem.

150 1622 340 1672 qualubet
358 1622 586 1672 perambula
605 1622 713 1660 aedis
735 1622 884 1673 oppido
905 1630 1107 1672 tamquam
1128 1631 1224 1662 tuas.

63 1696 132 1731 810
150 1689 228 1726 ΤΗ.
264 1689 544 1737 ‘tamquam'?
599 1689 675 1725 TR.
707 1688 768 1735 ah,
800 1701 898 1726 caue
930 1696 971 1727 tu
1001 1688 1055 1726 illi
1090 1689 1264 1728 obiectes
1298 1704 1404 1729 nunc
1438 1691 1477 1729 in
1501 1705 1562 1728 120

1233 1745 1478 1805 aegritudine

192 1868 253 1897 792
264 1857 387 1888 velillic
401 1858 462 1898 (ita
472 1857 578 1899 codd.)
670 1858 767 1888 simul
781 1858 929 1897 (simulet
941 1858 1038 1892 PCD}
1052 1859 1084 1889 Ρ
1168 1864 1247 1899 pote
1263 1859 1308 1889 fui
1328 1859 1476 1891 Sonnen-

147 1902 260 1937 schein,
272 1905 309 1931 ut
317 1901 437 1941 integer
444 1905 627 1932 tetrameter
627 1902 694 1941 fiat
761 1912 822 1942 793
835 1903 915 1941 quid
928 1913 996 1932 nun
1013 1902 1096 1944 [uis]
1109 1903 1142 1933 A
1200 1904 1271 1943 uisa
1282 1903 1315 1933 A
1369 1914 1476 1943 usque

147 1956 212 1976 om.
228 1944 261 1975 P
347 1955 408 1984 794
426 1945 520 1976 iadd.
540 1945 640 1975 chise
728 1946 791 1976 duc
808 1945 895 1977 codd.
981 1956 1058 1976 nom
1071 1946 1104 1975 A
1120 1958 1126 1977 :
1154 1956 1243 1976 nunc
1257 1947 1290 1977 Ρ
1412 1957 1474 1987 795

147 1988 280 2030 eccum]
300 1988 380 2019 illud
397 1988 429 2018 A
453 1991 529 2028 (pro
545 1988 590 2018 illi
603 1989 629 2028 3)
741 1991 804 2029 796
830 1994 865 2019 ut
882 1999 946 2021 om.
969 1989 1003 2020 P
1087 2000 1124 2020 se
1142 1989 1175 2019 P
1255 1990 1338 2029 sort.
1357 1991 1477 2032 integer

147 2036 328 2063 tetrameter
352 2032 411 2062 sed
439 2037 474 2062 ut
501 2037 650 2063 maestus
677 2037 729 2063 est
751 2033 813 2072 <ita
841 2032 945 2073 codd)
971 2043 1048 2064 sese
1075 2033 1166 2064 hase’
1189 2044 1309 2064 uenum
1340 2035 1473 2065 dedisse

149 2078 296 2115 797-825
321 2076 404 2106 deest
434 2076 465 2105 A
631 2077 694 2116 798
717 2077 767 2107 vel
791 2077 895 2116 opino
996 2078 1082 2107 haud
1111 2077 1273 2119 (faciam)
1300 2089 1330 2108 o.
1354 2078 1477 2118 Ussing

148 2120 213 2149 800
230 2119 378 2158 placeret
393 2119 466 2150 PCD
597 2121 705 2158 802-3
723 2120 878 2150 lacunam
894 2121 928 2150 in
945 2119 999 2150 ΡΑ
1017 2121 1068 2159 ref
1088 2131 1137 2151 vv.
1159 2122 1278 2159 784-5)
1297 2122 1341 2151 sic
1355 2122 1476 2162 explere

148 2163 234 2193 licet:
267 2163 363 2202 (802)
383 2163 610 2202 supersedere
627 2163 676 2192 vel
695 2173 732 2193 se
748 2164 922 2194 abstinere
937 2162 1044 2203 (Leon
1066 2165 1158 2203 (803)
1177 2165 1294 2195 odiose
1313 2163 1409 2204 (Leo)
1427 2165 1477 2195 vel

147 2207 194 2236 sic
211 2216 286 2237 cum
397 2207 462 2244 804
485 2207 666 2243 hominem,
685 2205 822 2248 (Simo)
838 2206 963 2237 Schoell
979 2207 1039 2246 (iii.
1060 2210 1094 2236 25
1115 2208 1304 2248 (septtnar.)
1407 2209 1474 2239 806

148 2249 336 2289 inspiceren
368 2254 401 2280 te
433 2250 659 2288 (inspicerent
685 2249 769 2284 PCD,
805 2250 972 2289 inspicere
1004 2254 1038 2281 te
1064 2250 1128 2287 Β“·’)
1154 2251 1255 2281 aedes
1285 2250 1351 2292 [te]
1379 2251 1446 2283 cod.
1463 2263 1471 2283 ε

143 2303 222 2324 corr.
241 2292 389 2324 Pareus:
413 2293 581 2332 inspicere
604 2294 665 2323 iste
686 2293 779 2323 aedis
800 2297 834 2323 te
849 2293 977 2324 Lorenz
1083 2294 1169 2324 belle
1184 2293 1251 2325 cod.
1406 2296 1470 2335 807

144 2336 393 2368 incommodum
411 2341 463 2367 est
479 2336 543 2366 cod.
560 2348 567 2367 :
591 2337 661 2367 trai.
680 2336 810 2376 Bentley
941 2337 1005 2368 808
1022 2336 1110 2368 illam
1126 2337 1159 2367 Β
