<?xml version="1.0" encoding="UTF-8"?>
<!DOCTYPE html PUBLIC "-//W3C//DTD XHTML 1.0 Transitional//EN"
    "http://www.w3.org/TR/xhtml1/DTD/xhtml1-transitional.dtd">
<html xmlns="http://www.w3.org/1999/xhtml" xml:lang="en" lang="en">
 <head>
  <title>
</title>
<meta http-equiv="Content-Type" content="text/html;charset=utf-8" />
  <meta name='ocr-system' content='tesseract 3.04.00' />
  <meta name='ocr-capabilities' content='ocr_page ocr_carea ocr_par ocr_line ocrx_word'/>
</head>
<body>
  <div class='ocr_page' id='page_1' title='image "./tmacciplauticomo02plauuoft_0028.png"; bbox 0 0 1783 2707; ppageno 0'>
   <div class='ocr_carea' id='block_1_1' title="bbox 35 135 140 174">
    <p class='ocr_par' dir='ltr' id='par_1_1' title="bbox 35 135 140 174">
     <span class='ocr_line' id='line_1_1' title="bbox 35 135 140 174; baseline -0.019 0"><span class='ocrx_word' id='word_1_1' title='bbox 35 136 88 174; x_wconf 92' lang='grc' dir='ltr'>ΙΙ.</span> <span class='ocrx_word' id='word_1_2' title='bbox 110 135 140 173; x_wconf 90' lang='lat' dir='ltr'>ii</span> 
     </span>
    </p>
   </div>
   <div class='ocr_carea' id='block_1_2' title="bbox 105 259 143 291">
    <p class='ocr_par' dir='ltr' id='par_1_2' title="bbox 105 259 143 291">
     <span class='ocr_line' id='line_1_2' title="bbox 105 259 143 291; baseline 0 0"><span class='ocrx_word' id='word_1_3' title='bbox 105 259 143 291; x_wconf 87' lang='lat'>25</span> 
     </span>
    </p>
   </div>
   <div class='ocr_carea' id='block_1_3' title="bbox 104 779 144 810">
    <p class='ocr_par' dir='ltr' id='par_1_3' title="bbox 104 779 144 810">
     <span class='ocr_line' id='line_1_3' title="bbox 104 779 144 810; baseline 0 -10"><span class='ocrx_word' id='word_1_4' title='bbox 104 779 144 810; x_wconf 74' lang='lat'>30</span> 
     </span>
    </p>
   </div>
   <div class='ocr_carea' id='block_1_4' title="bbox 105 1237 142 1267">
    <p class='ocr_par' dir='ltr' id='par_1_4' title="bbox 105 1237 142 1267">
     <span class='ocr_line' id='line_1_4' title="bbox 105 1237 142 1267; baseline 0 0"><span class='ocrx_word' id='word_1_5' title='bbox 105 1237 142 1267; x_wconf 75' lang='lat'>35</span> 
     </span>
    </p>
   </div>
   <div class='ocr_carea' id='block_1_5' title="bbox 577 134 1072 173">
    <p class='ocr_par' dir='ltr' id='par_1_5' title="bbox 577 134 1072 173">
     <span class='ocr_line' id='line_1_5' title="bbox 577 134 1072 173; baseline -0.004 -1"><span class='ocrx_word' id='word_1_6' title='bbox 577 135 623 172; x_wconf 89' lang='lat' dir='ltr'>T.</span> <span class='ocrx_word' id='word_1_7' title='bbox 659 135 837 173; x_wconf 84' lang='lat' dir='ltr'><strong>MACCI</strong></span> <span class='ocrx_word' id='word_1_8' title='bbox 870 134 1072 170; x_wconf 86' lang='lat' dir='ltr'><strong>PLAVTI</strong></span> 
     </span>
    </p>
   </div>
   <div class='ocr_carea' id='block_1_6' title="bbox 163 238 1599 1207">
    <p class='ocr_par' dir='ltr' id='par_1_6' title="bbox 163 238 1599 1207">
     <span class='ocr_line' id='line_1_6' title="bbox 165 238 1576 293; baseline -0.005 -11"><span class='ocrx_word' id='word_1_9' title='bbox 165 246 233 282; x_wconf 81' lang='grc' dir='ltr'>ΡΑ.</span> <span class='ocrx_word' id='word_1_10' title='bbox 284 256 357 283; x_wconf 83' lang='lat' dir='ltr'>uae</span> <span class='ocrx_word' id='word_1_11' title='bbox 396 243 491 282; x_wconf 87' lang='lat' dir='ltr'>mihi</span> <span class='ocrx_word' id='word_1_12' title='bbox 531 243 673 282; x_wconf 84' lang='lat' dir='ltr'>misero</span> <span class='ocrx_word' id='word_1_13' title='bbox 711 242 805 293; x_wconf 88' lang='lat' dir='ltr'>quoi</span> <span class='ocrx_word' id='word_1_14' title='bbox 847 242 1132 292; x_wconf 81' lang='lat' dir='ltr'><strong>pereundumst</strong></span> <span class='ocrx_word' id='word_1_15' title='bbox 1175 247 1333 291; x_wconf 88' lang='lat' dir='ltr'>propter</span> <span class='ocrx_word' id='word_1_16' title='bbox 1377 238 1488 277; x_wconf 89' lang='lat' dir='ltr'>nihili</span> <span class='ocrx_word' id='word_1_17' title='bbox 1511 240 1576 275; x_wconf 90' lang='lat'>180</span> 
     </span>
     <span class='ocr_line' id='line_1_7' title="bbox 1299 303 1487 342; baseline -0.005 0"><span class='ocrx_word' id='word_1_18' title='bbox 1299 303 1463 342; x_wconf 88' lang='lat' dir='ltr'>bestiam</span> <span class='ocrx_word' id='word_1_19' title='bbox 1481 307 1487 342; x_wconf 72' lang='grc' dir='ltr'><strong>Ξ</strong></span> 
     </span>
     <span class='ocr_line' id='line_1_8' title="bbox 163 370 1487 418; baseline -0.005 -6"><span class='ocrx_word' id='word_1_20' title='bbox 163 376 232 413; x_wconf 83' lang='lat' dir='ltr'>sed</span> <span class='ocrx_word' id='word_1_21' title='bbox 274 373 607 412; x_wconf 86' lang='lat' dir='ltr'>Philocomasium</span> <span class='ocrx_word' id='word_1_22' title='bbox 647 371 777 410; x_wconf 85' lang='lat' dir='ltr'>hicine</span> <span class='ocrx_word' id='word_1_23' title='bbox 816 371 934 410; x_wconf 89' lang='lat' dir='ltr'>etiam</span> <span class='ocrx_word' id='word_1_24' title='bbox 975 384 1081 408; x_wconf 86' lang='lat' dir='ltr'>nunc</span> <span class='ocrx_word' id='word_1_25' title='bbox 1119 370 1206 408; x_wconf 89' lang='lat' dir='ltr'>est?</span> <span class='ocrx_word' id='word_1_26' title='bbox 1263 371 1331 407; x_wconf 79' lang='lat' dir='ltr'>PE.</span> <span class='ocrx_word' id='word_1_27' title='bbox 1368 381 1487 418; x_wconf 90' lang='lat' dir='ltr'>quom</span> 
     </span>
     <span class='ocr_line' id='line_1_9' title="bbox 1123 432 1486 479; baseline -0.006 -7"><span class='ocrx_word' id='word_1_28' title='bbox 1123 433 1288 479; x_wconf 81' lang='lat' dir='ltr'>exibam,</span> <span class='ocrx_word' id='word_1_29' title='bbox 1312 432 1375 471; x_wconf 93' lang='lat' dir='ltr'>hic</span> <span class='ocrx_word' id='word_1_30' title='bbox 1397 440 1486 470; x_wconf 88' lang='lat' dir='ltr'>erat.</span> 
     </span>
     <span class='ocr_line' id='line_1_10' title="bbox 166 497 1489 551; baseline -0.005 -9"><span class='ocrx_word' id='word_1_31' title='bbox 166 507 233 542; x_wconf 69' lang='grc' dir='ltr'>ΡΛ.</span> <span class='ocrx_word' id='word_1_32' title='bbox 266 504 276 542; x_wconf 92' lang='lat' dir='ltr'>i</span> <span class='ocrx_word' id='word_1_33' title='bbox 304 504 366 551; x_wconf 84' lang='lat' dir='ltr'>sis,</span> <span class='ocrx_word' id='word_1_34' title='bbox 390 503 480 541; x_wconf 78' lang='lat' dir='ltr'>iube</span> <span class='ocrx_word' id='word_1_35' title='bbox 511 501 672 540; x_wconf 73' lang='lat' dir='ltr'>transire</span> <span class='ocrx_word' id='word_1_36' title='bbox 703 503 778 539; x_wconf 88' lang='lat' dir='ltr'>huc</span> <span class='ocrx_word' id='word_1_37' title='bbox 810 509 1001 551; x_wconf 89' lang='lat' dir='ltr'>quantum</span> <span class='ocrx_word' id='word_1_38' title='bbox 1032 498 1164 549; x_wconf 80' lang='lat' dir='ltr'>possit,</span> <span class='ocrx_word' id='word_1_39' title='bbox 1188 512 1228 537; x_wconf 86' lang='lat' dir='ltr'>se</span> <span class='ocrx_word' id='word_1_40' title='bbox 1259 506 1300 536; x_wconf 90' lang='lat' dir='ltr'>ut</span> <span class='ocrx_word' id='word_1_41' title='bbox 1330 497 1489 537; x_wconf 92' lang='lat' dir='ltr'>uideant</span> 
     </span>
     <span class='ocr_line' id='line_1_11' title="bbox 1381 562 1488 601; baseline -0.009 0"><span class='ocrx_word' id='word_1_42' title='bbox 1381 562 1488 601; x_wconf 89' lang='lat' dir='ltr'>domi</span> 
     </span>
     <span class='ocr_line' id='line_1_12' title="bbox 164 628 1336 682; baseline -0.006 -10"><span class='ocrx_word' id='word_1_43' title='bbox 164 633 381 680; x_wconf 79' lang='lat' dir='ltr'>familiares,</span> <span class='ocrx_word' id='word_1_44' title='bbox 407 632 479 671; x_wconf 85' lang='lat' dir='ltr'>nisi</span> <span class='ocrx_word' id='word_1_45' title='bbox 501 631 663 682; x_wconf 89' lang='lat' dir='ltr'>quidem</span> <span class='ocrx_word' id='word_1_46' title='bbox 685 631 749 669; x_wconf 88' lang='lat' dir='ltr'>illa</span> <span class='ocrx_word' id='word_1_47' title='bbox 771 645 842 669; x_wconf 90' lang='lat' dir='ltr'>nos</span> <span class='ocrx_word' id='word_1_48' title='bbox 864 632 959 675; x_wconf 87' lang='lat' dir='ltr'>uolt,</span> <span class='ocrx_word' id='word_1_49' title='bbox 980 628 1047 679; x_wconf 92' lang='lat' dir='ltr'>qui</span> <span class='ocrx_word' id='word_1_50' title='bbox 1069 628 1169 667; x_wconf 92' lang='lat' dir='ltr'>serui</span> <span class='ocrx_word' id='word_1_51' title='bbox 1191 642 1336 674; x_wconf 77' lang='lat' dir='ltr'>sumus,</span> 
     </span>
     <span class='ocr_line' id='line_1_13' title="bbox 164 691 1433 749; baseline -0.006 -11"><span class='ocrx_word' id='word_1_52' title='bbox 164 707 321 749; x_wconf 89' lang='lat' dir='ltr'>propter</span> <span class='ocrx_word' id='word_1_53' title='bbox 342 711 516 736; x_wconf 86' lang='lat' dir='ltr'>amorem</span> <span class='ocrx_word' id='word_1_54' title='bbox 539 710 653 735; x_wconf 88' lang='lat' dir='ltr'>suom</span> <span class='ocrx_word' id='word_1_55' title='bbox 675 695 804 734; x_wconf 82' lang='lat' dir='ltr'>omnis</span> <span class='ocrx_word' id='word_1_56' title='bbox 825 694 1007 733; x_wconf 83' lang='lat' dir='ltr'>crucibus</span> <span class='ocrx_word' id='word_1_57' title='bbox 1029 692 1320 732; x_wconf 78' lang='lat' dir='ltr'>contubernalis</span> <span class='ocrx_word' id='word_1_58' title='bbox 1342 691 1433 731; x_wconf 90' lang='lat' dir='ltr'>dari.</span> 
     </span>
     <span class='ocr_line' id='line_1_14' title="bbox 166 756 1575 817; baseline -0.004 -15"><span class='ocrx_word' id='word_1_59' title='bbox 166 766 233 802; x_wconf 77' lang='lat' dir='ltr'>PE.</span> <span class='ocrx_word' id='word_1_60' title='bbox 266 763 348 817; x_wconf 82' lang='lat' dir='ltr'>dixi</span> <span class='ocrx_word' id='word_1_61' title='bbox 366 776 438 813; x_wconf 81' lang='lat' dir='ltr'>ego</span> <span class='ocrx_word' id='word_1_62' title='bbox 460 761 585 809; x_wconf 77' lang='lat' dir='ltr'>istuc;</span> <span class='ocrx_word' id='word_1_63' title='bbox 614 760 687 799; x_wconf 90' lang='lat' dir='ltr'>nisi</span> <span class='ocrx_word' id='word_1_64' title='bbox 709 759 804 810; x_wconf 85' lang='lat' dir='ltr'>quid</span> <span class='ocrx_word' id='word_1_65' title='bbox 831 759 938 798; x_wconf 86' lang='lat' dir='ltr'>aliud</span> <span class='ocrx_word' id='word_1_66' title='bbox 966 759 1034 797; x_wconf 83' lang='lat' dir='ltr'>uis.</span> <span class='ocrx_word' id='word_1_67' title='bbox 1096 760 1164 796; x_wconf 81' lang='grc' dir='ltr'>ΡΑ.</span> <span class='ocrx_word' id='word_1_68' title='bbox 1197 759 1300 796; x_wconf 82' lang='lat' dir='ltr'>uolo.</span> <span class='ocrx_word' id='word_1_69' title='bbox 1359 758 1435 796; x_wconf 87' lang='lat' dir='ltr'>hoc</span> <span class='ocrx_word' id='word_1_70' title='bbox 1456 756 1491 796; x_wconf 91' lang='lat' dir='ltr'>ei</span> <span class='ocrx_word' id='word_1_71' title='bbox 1514 763 1575 807; x_wconf 83' lang='lat'>185</span> 
     </span>
     <span class='ocr_line' id='line_1_15' title="bbox 1346 822 1490 861; baseline 0 0"><span class='ocrx_word' id='word_1_72' title='bbox 1346 822 1490 861; x_wconf 87' lang='lat' dir='ltr'>dicito:</span> 
     </span>
     <span class='ocr_line' id='line_1_16' title="bbox 165 888 1599 945; baseline -0.004 -12"><span class='ocrx_word' id='word_1_73' title='bbox 165 896 341 945; x_wconf 88' lang='lat' dir='ltr'>profecto</span> <span class='ocrx_word' id='word_1_74' title='bbox 362 901 404 932; x_wconf 90' lang='lat' dir='ltr'>ut</span> <span class='ocrx_word' id='word_1_75' title='bbox 425 907 474 932; x_wconf 91' lang='lat' dir='ltr'>ne</span> <span class='ocrx_word' id='word_1_76' title='bbox 496 905 697 943; x_wconf 84' lang='lat' dir='ltr'>quoquam</span> <span class='ocrx_word' id='word_1_77' title='bbox 719 893 769 930; x_wconf 90' lang='lat' dir='ltr'>de</span> <span class='ocrx_word' id='word_1_78' title='bbox 790 890 948 941; x_wconf 85' lang='lat' dir='ltr'>ingenio</span> <span class='ocrx_word' id='word_1_79' title='bbox 970 888 1217 940; x_wconf 78' lang='lat' dir='ltr'>degrediatur</span> <span class='ocrx_word' id='word_1_80' title='bbox 1238 888 1417 926; x_wconf 77' lang='lat' dir='ltr'>muliebri</span> <span class='ocrx_word' id='word_1_81' title='bbox 1517 894 1599 937; x_wconf 67' lang='lat' dir='ltr'>185,a</span> 
     </span>
     <span class='ocr_line' id='line_1_17' title="bbox 165 953 1492 1010; baseline -0.006 -11"><span class='ocrx_word' id='word_1_82' title='bbox 165 973 379 1010; x_wconf 88' lang='lat' dir='ltr'>earumque</span> <span class='ocrx_word' id='word_1_83' title='bbox 400 966 521 997; x_wconf 87' lang='lat' dir='ltr'>artem</span> <span class='ocrx_word' id='word_1_84' title='bbox 544 966 581 997; x_wconf 89' lang='lat' dir='ltr'>et</span> <span class='ocrx_word' id='word_1_85' title='bbox 607 956 854 1007; x_wconf 77' lang='lat' dir='ltr'>disciplinam</span> <span class='ocrx_word' id='word_1_86' title='bbox 877 955 1053 1006; x_wconf 75' lang='lat' dir='ltr'>optineat</span> <span class='ocrx_word' id='word_1_87' title='bbox 1075 957 1214 994; x_wconf 86' lang='lat' dir='ltr'>colere.</span> <span class='ocrx_word' id='word_1_88' title='bbox 1274 956 1343 992; x_wconf 79' lang='lat' dir='ltr'>PE.</span> <span class='ocrx_word' id='word_1_89' title='bbox 1375 953 1492 1004; x_wconf 79' lang='lat' dir='ltr'>quern</span> 
     </span>
     <span class='ocr_line' id='line_1_18' title="bbox 1229 1019 1495 1058; baseline -0.004 0"><span class='ocrx_word' id='word_1_90' title='bbox 1229 1020 1279 1058; x_wconf 78' lang='lat' dir='ltr'>ad</span> <span class='ocrx_word' id='word_1_91' title='bbox 1302 1019 1463 1057; x_wconf 88' lang='lat' dir='ltr'>modum</span> <span class='ocrx_word' id='word_1_92' title='bbox 1478 1021 1495 1057; x_wconf 86' lang='lat'>?</span> 
     </span>
     <span class='ocr_line' id='line_1_19' title="bbox 168 1083 1463 1140; baseline -0.007 -10"><span class='ocrx_word' id='word_1_93' title='bbox 168 1094 235 1130; x_wconf 71' lang='grc' dir='ltr'>ΡΑ.</span> <span class='ocrx_word' id='word_1_94' title='bbox 269 1100 309 1130; x_wconf 90' lang='lat' dir='ltr'>ut</span> <span class='ocrx_word' id='word_1_95' title='bbox 330 1104 432 1138; x_wconf 86' lang='lat' dir='ltr'>eum,</span> <span class='ocrx_word' id='word_1_96' title='bbox 456 1089 522 1140; x_wconf 87' lang='lat' dir='ltr'>qui</span> <span class='ocrx_word' id='word_1_97' title='bbox 544 1103 584 1128; x_wconf 89' lang='lat' dir='ltr'>se</span> <span class='ocrx_word' id='word_1_98' title='bbox 605 1088 669 1127; x_wconf 91' lang='lat' dir='ltr'>hic</span> <span class='ocrx_word' id='word_1_99' title='bbox 690 1087 800 1135; x_wconf 92' lang='lat' dir='ltr'>uidit,</span> <span class='ocrx_word' id='word_1_100' title='bbox 824 1086 953 1126; x_wconf 88' lang='lat' dir='ltr'>uerbis</span> <span class='ocrx_word' id='word_1_101' title='bbox 975 1086 1108 1125; x_wconf 90' lang='lat' dir='ltr'>uincat</span> <span class='ocrx_word' id='word_1_102' title='bbox 1129 1085 1178 1124; x_wconf 87' lang='lat' dir='ltr'>ne&#39;</span> <span class='ocrx_word' id='word_1_103' title='bbox 1199 1085 1229 1123; x_wconf 84' lang='lat' dir='ltr'>is</span> <span class='ocrx_word' id='word_1_104' title='bbox 1251 1098 1292 1123; x_wconf 86' lang='lat' dir='ltr'>se</span> <span class='ocrx_word' id='word_1_105' title='bbox 1314 1083 1463 1122; x_wconf 82' lang='lat' dir='ltr'>uiderit.</span> 
     </span>
     <span class='ocr_line' id='line_1_20' title="bbox 166 1151 1243 1207; baseline -0.006 -12"><span class='ocrx_word' id='word_1_106' title='bbox 166 1156 362 1207; x_wconf 82' lang='lat' dir='ltr'>siquidem</span> <span class='ocrx_word' id='word_1_107' title='bbox 384 1155 560 1194; x_wconf 81' lang='lat' dir='ltr'>centiens</span> <span class='ocrx_word' id='word_1_108' title='bbox 581 1154 645 1192; x_wconf 90' lang='lat' dir='ltr'>hic</span> <span class='ocrx_word' id='word_1_109' title='bbox 665 1153 750 1192; x_wconf 88' lang='lat' dir='ltr'>uisa</span> <span class='ocrx_word' id='word_1_110' title='bbox 770 1153 830 1200; x_wconf 89' lang='lat' dir='ltr'>sit,</span> <span class='ocrx_word' id='word_1_111' title='bbox 855 1161 986 1191; x_wconf 88' lang='lat' dir='ltr'>tamen</span> <span class='ocrx_word' id='word_1_112' title='bbox 1009 1151 1151 1190; x_wconf 86' lang='lat' dir='ltr'>infitias</span> <span class='ocrx_word' id='word_1_113' title='bbox 1172 1158 1243 1190; x_wconf 86' lang='lat' dir='ltr'>eat.</span> 
     </span>
    </p>
   </div>
   <div class='ocr_carea' id='block_1_7' title="bbox 165 1214 1600 1402">
    <p class='ocr_par' dir='ltr' id='par_1_7' title="bbox 165 1214 1600 1402">
     <span class='ocr_line' id='line_1_21' title="bbox 166 1214 1395 1270; baseline -0.006 -10"><span class='ocrx_word' id='word_1_114' title='bbox 166 1235 210 1261; x_wconf 89' lang='lat' dir='ltr'>os</span> <span class='ocrx_word' id='word_1_115' title='bbox 231 1222 360 1268; x_wconf 86' lang='lat' dir='ltr'>habet,</span> <span class='ocrx_word' id='word_1_116' title='bbox 383 1220 566 1270; x_wconf 81' lang='lat' dir='ltr'>linguam,</span> <span class='ocrx_word' id='word_1_117' title='bbox 590 1218 805 1270; x_wconf 89' lang='lat' dir='ltr'>perfidiam,</span> <span class='ocrx_word' id='word_1_118' title='bbox 831 1216 1019 1255; x_wconf 87' lang='lat' dir='ltr'>malitiam</span> <span class='ocrx_word' id='word_1_119' title='bbox 1040 1224 1159 1266; x_wconf 87' lang='lat' dir='ltr'>atque</span> <span class='ocrx_word' id='word_1_120' title='bbox 1179 1214 1395 1262; x_wconf 88' lang='lat' dir='ltr'>audaciam,</span> 
     </span>
     <span class='ocr_line' id='line_1_22' title="bbox 165 1281 1600 1332; baseline -0.006 -7"><span class='ocrx_word' id='word_1_121' title='bbox 165 1285 459 1332; x_wconf 86' lang='lat' dir='ltr'>confidentiam,</span> <span class='ocrx_word' id='word_1_122' title='bbox 483 1284 797 1331; x_wconf 90' lang='lat' dir='ltr'>confirmitatem,</span> <span class='ocrx_word' id='word_1_123' title='bbox 822 1281 1136 1321; x_wconf 84' lang='lat' dir='ltr'>fraudulentiam.</span> <span class='ocrx_word' id='word_1_124' title='bbox 1518 1287 1600 1331; x_wconf 70' lang='lat'>189³</span> 
     </span>
     <span class='ocr_line' id='line_1_23' title="bbox 166 1346 1582 1402; baseline -0.004 -12"><span class='ocrx_word' id='word_1_125' title='bbox 166 1351 233 1402; x_wconf 88' lang='lat' dir='ltr'>qui</span> <span class='ocrx_word' id='word_1_126' title='bbox 253 1357 388 1401; x_wconf 84' lang='lat' dir='ltr'>arguat</span> <span class='ocrx_word' id='word_1_127' title='bbox 409 1364 460 1397; x_wconf 90' lang='lat' dir='ltr'>se,</span> <span class='ocrx_word' id='word_1_128' title='bbox 484 1363 574 1388; x_wconf 91' lang='lat' dir='ltr'>eum</span> <span class='ocrx_word' id='word_1_129' title='bbox 596 1356 732 1388; x_wconf 88' lang='lat' dir='ltr'>contra</span> <span class='ocrx_word' id='word_1_130' title='bbox 752 1347 884 1387; x_wconf 89' lang='lat' dir='ltr'>uincat</span> <span class='ocrx_word' id='word_1_131' title='bbox 906 1346 1157 1386; x_wconf 88' lang='lat' dir='ltr'>iureiurando</span> <span class='ocrx_word' id='word_1_132' title='bbox 1179 1360 1273 1385; x_wconf 91' lang='lat' dir='ltr'>suo:</span> <span class='ocrx_word' id='word_1_133' title='bbox 1518 1361 1582 1395; x_wconf 86' lang='lat'>190</span> 
     </span>
    </p>
   </div>
   <div class='ocr_carea' id='block_1_8' title="bbox 168 1410 1495 1651">
    <p class='ocr_par' dir='ltr' id='par_1_8' title="bbox 168 1410 1402 1528">
     <span class='ocr_line' id='line_1_24' title="bbox 168 1410 1402 1464; baseline -0.005 -9"><span class='ocrx_word' id='word_1_134' title='bbox 168 1415 277 1455; x_wconf 87' lang='lat' dir='ltr'>domi</span> <span class='ocrx_word' id='word_1_135' title='bbox 299 1416 417 1454; x_wconf 89' lang='lat' dir='ltr'>habet</span> <span class='ocrx_word' id='word_1_136' title='bbox 437 1414 613 1454; x_wconf 89' lang='lat' dir='ltr'>animum</span> <span class='ocrx_word' id='word_1_137' title='bbox 635 1413 896 1464; x_wconf 87' lang='lat' dir='ltr'>falsiloquom,</span> <span class='ocrx_word' id='word_1_138' title='bbox 921 1411 1139 1459; x_wconf 91' lang='lat' dir='ltr'>falsificum,</span> <span class='ocrx_word' id='word_1_139' title='bbox 1163 1410 1402 1458; x_wconf 89' lang='lat' dir='ltr'>falsiiurium,</span> 
     </span>
     <span class='ocr_line' id='line_1_25' title="bbox 169 1477 1250 1528; baseline -0.005 -8"><span class='ocrx_word' id='word_1_140' title='bbox 169 1481 279 1520; x_wconf 84' lang='lat' dir='ltr'>dorni</span> <span class='ocrx_word' id='word_1_141' title='bbox 300 1481 424 1528; x_wconf 91' lang='lat' dir='ltr'>dolos,</span> <span class='ocrx_word' id='word_1_142' title='bbox 448 1479 556 1518; x_wconf 90' lang='lat' dir='ltr'>domi</span> <span class='ocrx_word' id='word_1_143' title='bbox 576 1478 784 1518; x_wconf 78' lang='lat' dir='ltr'>delenifica</span> <span class='ocrx_word' id='word_1_144' title='bbox 805 1479 916 1525; x_wconf 91' lang='lat' dir='ltr'>facta,</span> <span class='ocrx_word' id='word_1_145' title='bbox 940 1477 1049 1516; x_wconf 75' lang='lat' dir='ltr'>domi</span> <span class='ocrx_word' id='word_1_146' title='bbox 1070 1477 1250 1515; x_wconf 86' lang='lat' dir='ltr'>fallacias.</span> 
     </span>
    </p>

    <p class='ocr_par' dir='ltr' id='par_1_9' title="bbox 170 1541 1495 1651">
     <span class='ocr_line' id='line_1_26' title="bbox 171 1541 1382 1594; baseline -0.004 -9"><span class='ocrx_word' id='word_1_147' title='bbox 171 1560 261 1585; x_wconf 89' lang='lat' dir='ltr'>nam</span> <span class='ocrx_word' id='word_1_148' title='bbox 283 1545 421 1585; x_wconf 88' lang='lat' dir='ltr'>mulier</span> <span class='ocrx_word' id='word_1_149' title='bbox 442 1544 599 1584; x_wconf 87' lang='lat' dir='ltr'>holitori</span> <span class='ocrx_word' id='word_1_150' title='bbox 619 1557 836 1594; x_wconf 86' lang='lat' dir='ltr'>numquam</span> <span class='ocrx_word' id='word_1_151' title='bbox 858 1542 1050 1594; x_wconf 87' lang='lat' dir='ltr'>supplicat</span> <span class='ocrx_word' id='word_1_152' title='bbox 1072 1541 1103 1580; x_wconf 88' lang='lat' dir='ltr'>si</span> <span class='ocrx_word' id='word_1_153' title='bbox 1123 1550 1238 1592; x_wconf 89' lang='lat' dir='ltr'>quast</span> <span class='ocrx_word' id='word_1_154' title='bbox 1259 1543 1382 1581; x_wconf 88' lang='lat' dir='ltr'>mala:</span> 
     </span>
     <span class='ocr_line' id='line_1_27' title="bbox 170 1606 1495 1651; baseline -0.004 -1"><span class='ocrx_word' id='word_1_155' title='bbox 170 1611 280 1651; x_wconf 88' lang='lat' dir='ltr'>dorni</span> <span class='ocrx_word' id='word_1_156' title='bbox 310 1611 429 1650; x_wconf 90' lang='lat' dir='ltr'>habet</span> <span class='ocrx_word' id='word_1_157' title='bbox 458 1611 616 1649; x_wconf 86' lang='lat' dir='ltr'>hortum</span> <span class='ocrx_word' id='word_1_158' title='bbox 646 1616 684 1648; x_wconf 90' lang='lat' dir='ltr'>et</span> <span class='ocrx_word' id='word_1_159' title='bbox 714 1607 970 1647; x_wconf 88' lang='lat' dir='ltr'>condimenta</span> <span class='ocrx_word' id='word_1_160' title='bbox 999 1608 1049 1646; x_wconf 91' lang='lat' dir='ltr'>ad</span> <span class='ocrx_word' id='word_1_161' title='bbox 1077 1606 1206 1646; x_wconf 91' lang='lat' dir='ltr'>omnis</span> <span class='ocrx_word' id='word_1_162' title='bbox 1234 1621 1361 1646; x_wconf 90' lang='lat' dir='ltr'>mores</span> <span class='ocrx_word' id='word_1_163' title='bbox 1391 1606 1495 1646; x_wconf 87' lang='lat' dir='ltr'>mali-</span> 
     </span>
    </p>
   </div>
   <div class='ocr_carea' id='block_1_9' title="bbox 171 1675 1617 1989">
    <p class='ocr_par' dir='ltr' id='par_1_10' title="bbox 171 1675 1617 1989">
     <span class='ocr_line' id='line_1_28' title="bbox 1387 1675 1492 1713; baseline -0.019 -1"><span class='ocrx_word' id='word_1_164' title='bbox 1387 1675 1492 1713; x_wconf 84' lang='lat' dir='ltr'>ficos.</span> 
     </span>
     <span class='ocr_line' id='line_1_29' title="bbox 172 1738 1617 1793; baseline -0.003 -11"><span class='ocrx_word' id='word_1_165' title='bbox 172 1745 241 1782; x_wconf 77' lang='lat' dir='ltr'>PE.</span> <span class='ocrx_word' id='word_1_166' title='bbox 273 1756 346 1793; x_wconf 80' lang='lat' dir='ltr'>ego</span> <span class='ocrx_word' id='word_1_167' title='bbox 372 1738 511 1788; x_wconf 58' lang='lat' dir='ltr'>istaec,</span> <span class='ocrx_word' id='word_1_168' title='bbox 526 1741 557 1780; x_wconf 83' lang='lat' dir='ltr'>si</span> <span class='ocrx_word' id='word_1_169' title='bbox 587 1741 658 1780; x_wconf 88' lang='lat' dir='ltr'>erit</span> <span class='ocrx_word' id='word_1_170' title='bbox 685 1740 759 1788; x_wconf 92' lang='lat' dir='ltr'>hic,</span> <span class='ocrx_word' id='word_1_171' title='bbox 784 1739 987 1779; x_wconf 86' lang='lat' dir='ltr'>nuntiabo.</span> <span class='ocrx_word' id='word_1_172' title='bbox 1048 1740 1117 1778; x_wconf 85' lang='lat' dir='ltr'>sed</span> <span class='ocrx_word' id='word_1_173' title='bbox 1144 1738 1239 1789; x_wconf 93' lang='lat' dir='ltr'>quid</span> <span class='ocrx_word' id='word_1_174' title='bbox 1266 1747 1334 1785; x_wconf 75' lang='lat' dir='ltr'>est,</span> <span class='ocrx_word' id='word_1_175' title='bbox 1367 1740 1496 1777; x_wconf 88' lang='lat' dir='ltr'>Palae·</span> <span class='ocrx_word' id='word_1_176' title='bbox 1519 1751 1580 1789; x_wconf 83' lang='lat'>195</span> <span class='ocrx_word' id='word_1_177' title='bbox 1615 1752 1617 1755; x_wconf 75' lang='grc'>’</span> 
     </span>
     <span class='ocr_line' id='line_1_30' title="bbox 1391 1803 1495 1850; baseline 0 -8"><span class='ocrx_word' id='word_1_178' title='bbox 1391 1803 1495 1850; x_wconf 86' lang='lat' dir='ltr'>strio,</span> 
     </span>
     <span class='ocr_line' id='line_1_31' title="bbox 171 1869 1428 1925; baseline -0.003 -13"><span class='ocrx_word' id='word_1_179' title='bbox 171 1874 279 1925; x_wconf 89' lang='lat' dir='ltr'>quod</span> <span class='ocrx_word' id='word_1_180' title='bbox 300 1875 454 1912; x_wconf 89' lang='lat' dir='ltr'>uolutas</span> <span class='ocrx_word' id='word_1_181' title='bbox 476 1880 558 1912; x_wconf 90' lang='lat' dir='ltr'>tute</span> <span class='ocrx_word' id='word_1_182' title='bbox 579 1880 709 1911; x_wconf 88' lang='lat' dir='ltr'>tecum</span> <span class='ocrx_word' id='word_1_183' title='bbox 731 1871 770 1910; x_wconf 89' lang='lat' dir='ltr'>in</span> <span class='ocrx_word' id='word_1_184' title='bbox 793 1872 942 1910; x_wconf 86' lang='lat' dir='ltr'>corde?</span> <span class='ocrx_word' id='word_1_185' title='bbox 1002 1873 1068 1909; x_wconf 84' lang='grc' dir='ltr'>ΡΑ.</span> <span class='ocrx_word' id='word_1_186' title='bbox 1103 1869 1312 1921; x_wconf 81' lang='lat' dir='ltr'>paullisper</span> <span class='ocrx_word' id='word_1_187' title='bbox 1333 1877 1428 1916; x_wconf 80' lang='lat' dir='ltr'>tace,</span> 
     </span>
     <span class='ocr_line' id='line_1_32' title="bbox 171 1935 1485 1989; baseline -0.005 -11"><span class='ocrx_word' id='word_1_188' title='bbox 171 1941 267 1979; x_wconf 89' lang='lat' dir='ltr'>dum</span> <span class='ocrx_word' id='word_1_189' title='bbox 288 1952 360 1989; x_wconf 81' lang='lat' dir='ltr'>ego</span> <span class='ocrx_word' id='word_1_190' title='bbox 382 1937 478 1976; x_wconf 82' lang='lat' dir='ltr'>mihi</span> <span class='ocrx_word' id='word_1_191' title='bbox 498 1937 662 1977; x_wconf 87' lang='lat' dir='ltr'>consilia</span> <span class='ocrx_word' id='word_1_192' title='bbox 683 1937 722 1975; x_wconf 86' lang='lat' dir='ltr'>in</span> <span class='ocrx_word' id='word_1_193' title='bbox 744 1936 921 1975; x_wconf 89' lang='lat' dir='ltr'>animum</span> <span class='ocrx_word' id='word_1_194' title='bbox 943 1949 1125 1975; x_wconf 89' lang='lat' dir='ltr'>conuoco</span> <span class='ocrx_word' id='word_1_195' title='bbox 1146 1943 1184 1974; x_wconf 93' lang='lat' dir='ltr'>et</span> <span class='ocrx_word' id='word_1_196' title='bbox 1204 1937 1300 1974; x_wconf 90' lang='lat' dir='ltr'>dum</span> <span class='ocrx_word' id='word_1_197' title='bbox 1321 1935 1485 1973; x_wconf 90' lang='lat' dir='ltr'>consulo</span> 
     </span>
    </p>
   </div>
   <div class='ocr_carea' id='block_1_10' title="bbox 172 2038 1503 2432">
    <p class='ocr_par' dir='ltr' id='par_1_11' title="bbox 172 2038 1503 2432">
     <span class='ocr_line' id='line_1_33' title="bbox 221 2038 1495 2083; baseline -0.003 -10"><span class='ocrx_word' id='word_1_198' title='bbox 221 2045 280 2073; x_wconf 89' lang='lat'>180</span> <span class='ocrx_word' id='word_1_199' title='bbox 304 2041 442 2083; x_wconf 87' lang='lat' dir='ltr'>misero]</span> <span class='ocrx_word' id='word_1_200' title='bbox 460 2042 605 2073; x_wconf 86' lang='lat' dir='ltr'>amisero</span> <span class='ocrx_word' id='word_1_201' title='bbox 620 2042 650 2072; x_wconf 99' lang='grc' dir='ltr'><em>Ρ</em></span> <span class='ocrx_word' id='word_1_202' title='bbox 664 2043 758 2080; x_wconf 82' lang='lat' dir='ltr'>(corr.</span> <span class='ocrx_word' id='word_1_203' title='bbox 774 2041 840 2077; x_wconf 73' lang='lat'>32)</span> <span class='ocrx_word' id='word_1_204' title='bbox 905 2041 987 2071; x_wconf 88' lang='lat' dir='ltr'>nihil</span> <span class='ocrx_word' id='word_1_205' title='bbox 1000 2041 1107 2071; x_wconf 84' lang='lat' dir='ltr'>bestia</span> <span class='ocrx_word' id='word_1_206' title='bbox 1119 2039 1253 2078; x_wconf 65' lang='lat' dir='ltr'><em>P&lt;comz</em></span> <span class='ocrx_word' id='word_1_207' title='bbox 1271 2038 1334 2075; x_wconf 72' lang='lat'>32)</span> <span class='ocrx_word' id='word_1_208' title='bbox 1440 2041 1495 2070; x_wconf 84' lang='lat'>181</span> 
     </span>
     <span class='ocr_line' id='line_1_34' title="bbox 172 2083 1498 2125; baseline -0.004 -8"><span class='ocrx_word' id='word_1_209' title='bbox 172 2097 263 2117; x_wconf 89' lang='lat' dir='ltr'>eram</span> <span class='ocrx_word' id='word_1_210' title='bbox 290 2086 323 2116; x_wconf 91' lang='grc' dir='ltr'><em>Ρ</em></span> <span class='ocrx_word' id='word_1_211' title='bbox 346 2088 436 2125; x_wconf 71' lang='lat' dir='ltr'>(corr.</span> <span class='ocrx_word' id='word_1_212' title='bbox 455 2086 519 2125; x_wconf 75' lang='lat'>3²)</span> <span class='ocrx_word' id='word_1_213' title='bbox 660 2087 719 2116; x_wconf 85' lang='lat'>182</span> <span class='ocrx_word' id='word_1_214' title='bbox 744 2085 753 2115; x_wconf 92' lang='lat' dir='ltr'>i</span> <span class='ocrx_word' id='word_1_215' title='bbox 781 2085 828 2116; x_wconf 82' lang='lat' dir='ltr'>sis</span> <span class='ocrx_word' id='word_1_216' title='bbox 856 2084 1012 2125; x_wconf 82' lang='lat' dir='ltr'>Geppert:</span> <span class='ocrx_word' id='word_1_217' title='bbox 1045 2084 1118 2114; x_wconf 83' lang='lat' dir='ltr'>istis</span> <span class='ocrx_word' id='word_1_218' title='bbox 1145 2084 1204 2114; x_wconf 87' lang='lat' dir='ltr'>A:</span> <span class='ocrx_word' id='word_1_219' title='bbox 1235 2083 1282 2113; x_wconf 87' lang='lat' dir='ltr'>sis</span> <span class='ocrx_word' id='word_1_220' title='bbox 1309 2083 1341 2112; x_wconf 88' lang='lat' dir='ltr'><em>P</em></span> <span class='ocrx_word' id='word_1_221' title='bbox 1434 2083 1498 2113; x_wconf 88' lang='lat' dir='ltr'>huc</span> 
     </span>
     <span class='ocr_line' id='line_1_35' title="bbox 173 2125 1496 2169; baseline -0.005 -8"><span class='ocrx_word' id='word_1_222' title='bbox 173 2130 315 2162; x_wconf 82' lang='lat' dir='ltr'>transire</span> <span class='ocrx_word' id='word_1_223' title='bbox 340 2129 479 2169; x_wconf 79' lang='lat' dir='ltr'>A,fort.</span> <span class='ocrx_word' id='word_1_224' title='bbox 509 2133 584 2160; x_wconf 76' lang='lat' dir='ltr'>recte</span> <span class='ocrx_word' id='word_1_225' title='bbox 672 2129 807 2169; x_wconf 79' lang='lat' dir='ltr'>possint</span> <span class='ocrx_word' id='word_1_226' title='bbox 830 2128 862 2158; x_wconf 83' lang='lat' dir='ltr'><em>A</em></span> <span class='ocrx_word' id='word_1_227' title='bbox 935 2128 1049 2158; x_wconf 83' lang='lat' dir='ltr'>uideat</span> <span class='ocrx_word' id='word_1_228' title='bbox 1074 2127 1107 2157; x_wconf 91' lang='grc' dir='ltr'><em>Ρ</em></span> <span class='ocrx_word' id='word_1_229' title='bbox 1210 2127 1270 2166; x_wconf 89' lang='lat'>185</span> <span class='ocrx_word' id='word_1_230' title='bbox 1294 2127 1348 2156; x_wconf 79' lang='lat' dir='ltr'>hie</span> <span class='ocrx_word' id='word_1_231' title='bbox 1366 2125 1398 2156; x_wconf 88' lang='grc' dir='ltr'><em>Ρ</em></span> <span class='ocrx_word' id='word_1_232' title='bbox 1455 2127 1496 2163; x_wconf 67' lang='lat' dir='ltr'>d.v</span> 
     </span>
     <span class='ocr_line' id='line_1_36' title="bbox 173 2170 1499 2214; baseline -0.004 -10"><span class='ocrx_word' id='word_1_233' title='bbox 173 2185 238 2205; x_wconf 83' lang='lat' dir='ltr'>om.</span> <span class='ocrx_word' id='word_1_234' title='bbox 259 2174 288 2204; x_wconf 86' lang='lat' dir='ltr'>ei</span> <span class='ocrx_word' id='word_1_235' title='bbox 305 2173 338 2203; x_wconf 87' lang='lat' dir='ltr'><em>P</em></span> <span class='ocrx_word' id='word_1_236' title='bbox 353 2175 427 2214; x_wconf 82' lang='lat' dir='ltr'>(pro</span> <span class='ocrx_word' id='word_1_237' title='bbox 444 2173 581 2204; x_wconf 67' lang='lat' dir='ltr'>idicito?</span> <span class='ocrx_word' id='word_1_238' title='bbox 601 2173 619 2203; x_wconf 91' lang='lat' dir='ltr'>i.</span> <span class='ocrx_word' id='word_1_239' title='bbox 634 2184 663 2211; x_wconf 66' lang='lat'>4,</span> <span class='ocrx_word' id='word_1_240' title='bbox 677 2183 706 2211; x_wconf 88' lang='lat' dir='ltr'>p.</span> <span class='ocrx_word' id='word_1_241' title='bbox 731 2173 804 2207; x_wconf 83' lang='lat'><em>108)</em></span> <span class='ocrx_word' id='word_1_242' title='bbox 931 2173 1009 2211; x_wconf 65' lang='lat'>1852</span> <span class='ocrx_word' id='word_1_243' title='bbox 1029 2182 1093 2201; x_wconf 80' lang='lat' dir='ltr'>om.</span> <span class='ocrx_word' id='word_1_244' title='bbox 1113 2170 1146 2201; x_wconf 86' lang='lat' dir='ltr'><em>P</em></span> <span class='ocrx_word' id='word_1_245' title='bbox 1270 2172 1331 2201; x_wconf 81' lang='lat'>186</span> <span class='ocrx_word' id='word_1_246' title='bbox 1355 2170 1499 2200; x_wconf 83' lang='lat' dir='ltr'>colerem</span> 
     </span>
     <span class='ocr_line' id='line_1_37' title="bbox 173 2213 1499 2258; baseline -0.004 -10"><span class='ocrx_word' id='word_1_247' title='bbox 173 2218 207 2249; x_wconf 82' lang='lat' dir='ltr'><em>P</em></span> <span class='ocrx_word' id='word_1_248' title='bbox 292 2217 408 2258; x_wconf 84' lang='lat' dir='ltr'>quern]</span> <span class='ocrx_word' id='word_1_249' title='bbox 445 2217 510 2257; x_wconf 56' lang='lat' dir='ltr'>[etl</span> <span class='ocrx_word' id='word_1_250' title='bbox 544 2227 643 2256; x_wconf 84' lang='lat' dir='ltr'>quern</span> <span class='ocrx_word' id='word_1_251' title='bbox 673 2216 705 2246; x_wconf 91' lang='grc' dir='ltr'><em>Ρ</em></span> <span class='ocrx_word' id='word_1_252' title='bbox 728 2218 819 2256; x_wconf 73' lang='lat' dir='ltr'>(corr.</span> <span class='ocrx_word' id='word_1_253' title='bbox 849 2213 911 2253; x_wconf 72' lang='lat' dir='ltr'>B&#39;2)</span> <span class='ocrx_word' id='word_1_254' title='bbox 1050 2215 1108 2254; x_wconf 89' lang='lat'>187</span> <span class='ocrx_word' id='word_1_255' title='bbox 1134 2214 1186 2245; x_wconf 89' lang='lat' dir='ltr'>hic</span> <span class='ocrx_word' id='word_1_256' title='bbox 1207 2224 1243 2244; x_wconf 82' lang='lat' dir='ltr'>se</span> <span class='ocrx_word' id='word_1_257' title='bbox 1269 2213 1302 2244; x_wconf 85' lang='lat' dir='ltr'>P</span> <span class='ocrx_word' id='word_1_258' title='bbox 1385 2214 1499 2244; x_wconf 81' lang='lat' dir='ltr'>uernis</span> 
     </span>
     <span class='ocr_line' id='line_1_38' title="bbox 175 2255 1498 2299; baseline -0.005 -7"><span class='ocrx_word' id='word_1_259' title='bbox 175 2260 289 2292; x_wconf 84' lang='lat' dir='ltr'>uineta</span> <span class='ocrx_word' id='word_1_260' title='bbox 309 2261 469 2291; x_wconf 86' lang='lat' dir='ltr'>uinctane</span> <span class='ocrx_word' id='word_1_261' title='bbox 489 2271 565 2291; x_wconf 82' lang='lat' dir='ltr'>esse</span> <span class='ocrx_word' id='word_1_262' title='bbox 583 2259 615 2289; x_wconf 94' lang='grc' dir='ltr'><em>Ρ</em></span> <span class='ocrx_word' id='word_1_263' title='bbox 631 2260 688 2299; x_wconf 78' lang='lat' dir='ltr'>(iv.</span> <span class='ocrx_word' id='word_1_264' title='bbox 709 2263 743 2298; x_wconf 61' lang='lat'>3)</span> <span class='ocrx_word' id='word_1_265' title='bbox 892 2259 952 2297; x_wconf 86' lang='lat'>189</span> <span class='ocrx_word' id='word_1_266' title='bbox 979 2258 1120 2297; x_wconf 87' lang='lat' dir='ltr'>perfidia</span> <span class='ocrx_word' id='word_1_267' title='bbox 1142 2258 1258 2288; x_wconf 81' lang='lat' dir='ltr'>militia</span> <span class='ocrx_word' id='word_1_268' title='bbox 1276 2257 1308 2287; x_wconf 90' lang='lat' dir='ltr'><em>P</em></span> <span class='ocrx_word' id='word_1_269' title='bbox 1322 2257 1416 2294; x_wconf 78' lang='lat' dir='ltr'>(corr.</span> <span class='ocrx_word' id='word_1_270' title='bbox 1439 2255 1498 2290; x_wconf 69' lang='lat'>3²&gt;</span> 
     </span>
     <span class='ocr_line' id='line_1_39' title="bbox 176 2300 1498 2344; baseline -0.005 -9"><span class='ocrx_word' id='word_1_271' title='bbox 176 2304 312 2335; x_wconf 85' lang='lat' dir='ltr'>audatia</span> <span class='ocrx_word' id='word_1_272' title='bbox 329 2304 361 2334; x_wconf 84' lang='lat' dir='ltr'><em>P</em></span> <span class='ocrx_word' id='word_1_273' title='bbox 376 2304 459 2344; x_wconf 89' lang='lat' dir='ltr'>(-am</span> <span class='ocrx_word' id='word_1_274' title='bbox 476 2303 538 2344; x_wconf 70' lang='lat'>3³&gt;</span> <span class='ocrx_word' id='word_1_275' title='bbox 676 2303 754 2341; x_wconf 61' lang='grc' dir='ltr'>189ει</span> <span class='ocrx_word' id='word_1_276' title='bbox 779 2302 984 2333; x_wconf 85' lang='lat' dir='ltr'>confidentia</span> <span class='ocrx_word' id='word_1_277' title='bbox 1001 2312 1028 2333; x_wconf 91' lang='lat' dir='ltr'>c.</span> <span class='ocrx_word' id='word_1_278' title='bbox 1047 2301 1271 2332; x_wconf 85' lang='lat' dir='ltr'>fraudulentia</span> <span class='ocrx_word' id='word_1_279' title='bbox 1283 2300 1315 2330; x_wconf 87' lang='lat' dir='ltr'><em>P</em></span> <span class='ocrx_word' id='word_1_280' title='bbox 1327 2304 1419 2341; x_wconf 55' lang='lat' dir='ltr'>(corr.</span> <span class='ocrx_word' id='word_1_281' title='bbox 1436 2300 1498 2330; x_wconf 73' lang='grc' dir='ltr'>Β-ἰ</span> 
     </span>
     <span class='ocr_line' id='line_1_40' title="bbox 180 2344 1503 2387; baseline -0.005 -9"><span class='ocrx_word' id='word_1_282' title='bbox 180 2359 236 2387; x_wconf 88' lang='grc'>191</span> <span class='ocrx_word' id='word_1_283' title='bbox 264 2359 328 2379; x_wconf 81' lang='lat' dir='ltr'>om.</span> <span class='ocrx_word' id='word_1_284' title='bbox 354 2347 381 2377; x_wconf 85' lang='grc' dir='ltr'><em>Α</em></span> <span class='ocrx_word' id='word_1_285' title='bbox 395 2351 530 2387; x_wconf 71' lang='lat' dir='ltr'>propter</span> <span class='ocrx_word' id='word_1_286' title='bbox 541 2346 762 2377; x_wconf 78' lang='lat' dir='ltr'>ltomoeom&#39;clt.</span> <span class='ocrx_word' id='word_1_287' title='bbox 919 2356 977 2386; x_wconf 76' lang='lat'>194</span> <span class='ocrx_word' id='word_1_288' title='bbox 1003 2345 1132 2385; x_wconf 85' lang='lat' dir='ltr'>mores]</span> <span class='ocrx_word' id='word_1_289' title='bbox 1151 2344 1247 2376; x_wconf 84' lang='lat' dir='ltr'>molis</span> <span class='ocrx_word' id='word_1_290' title='bbox 1265 2344 1297 2374; x_wconf 86' lang='lat' dir='ltr'><em>P</em></span> <span class='ocrx_word' id='word_1_291' title='bbox 1445 2345 1503 2383; x_wconf 82' lang='grc'>196</span> 
     </span>
     <span class='ocr_line' id='line_1_41' title="bbox 178 2390 505 2432; baseline -0.006 -9"><span class='ocrx_word' id='word_1_292' title='bbox 178 2396 266 2423; x_wconf 85' lang='lat' dir='ltr'>tacet</span> <span class='ocrx_word' id='word_1_293' title='bbox 280 2391 312 2422; x_wconf 89' lang='lat' dir='ltr'><em>P</em></span> <span class='ocrx_word' id='word_1_294' title='bbox 327 2391 421 2432; x_wconf 72' lang='lat' dir='ltr'>(corr.</span> <span class='ocrx_word' id='word_1_295' title='bbox 442 2390 505 2430; x_wconf 50' lang='grc' dir='ltr'>ΒΕ)</span> 
     </span>
    </p>
   </div>
  </div>
 </body>
</html>
