1783 2707
184 121 305 162 1V.ii
691 116 739 154 T.
770 113 951 153 MACCI
985 110 1188 149 PLAVTI

277 234 355 270 ΤΗ.
390 225 707 281 puere—<P1-1A.)
726 226 844 275 atque
865 235 980 273 porro
1003 220 1276 272 quaeritemus.
1347 230 1509 269 sequere
1530 218 1603 255 hac
1623 225 1692 260 990

1193 297 1266 322 me.
1324 282 1401 335 <PL
1434 280 1601 332 sequor).

216 367 257 397 So
276 363 354 400 ΤΗ.
387 373 516 411 puere,
540 360 669 397 iamne
689 355 803 394 abis?
860 355 961 391 PHA.
984 350 1141 390 libertas
1162 350 1364 400 paenulast
1385 356 1492 397 tergo
1513 354 1604 384 tuo:

278 426 385 473 mihi,
407 424 481 464 nisi
507 431 548 463 ut
576 435 685 462 erum
712 427 886 459 metuam
913 424 950 457 et
976 429 1120 461 curem,
1144 414 1240 453 nihil
1271 422 1327 453 est
1358 412 1425 463 qui
1453 419 1603 461 tergum

1410 485 1599 527 tegam.—

212 625 257 664 iii
591 623 1041 659 THEOPROPIDES
1154 616 1292 652 Simo

385 736 466 773 ΤΗ.
499 731 599 772 Perii
620 731 773 769 hercle!
804 728 901 779 quid
922 734 1038 778 opust
1063 725 1223 764 uerbis?
1253 731 1294 762 ut
1317 723 1436 762 uerba
1457 721 1587 770 audio,

385 813 465 838 non
487 797 672 849 equidem
694 795 733 834 in
755 796 978 845 Aegyptum
999 791 1092 829 hinc
1114 791 1235 829 modo
1256 796 1394 828 uectus
1414 787 1479 835 fui,

385 866 455 904 sed
476 863 593 903 etiam
615 862 655 900 in
676 869 794 900 terras
816 860 918 898 solas
939 870 1106 907 orasque
1127 857 1297 895 ultumas
1626 858 1691 896 995

385 943 471 969 sum
493 929 792 972 circumuectus,
816 925 869 963 ita
889 923 957 963 ubi
979 935 1084 961 nunc
1106 921 1179 960 sim
1200 920 1346 959 nescio.

240 1013 256 1043 5
386 1007 521 1034 uerum
544 994 621 1032 iam
643 992 768 1039 scibo,
788 1003 880 1029 nam
902 1002 1039 1028 eccum
1061 988 1168 1026 unde
1188 985 1297 1025 aedis
1320 985 1419 1024 filius

386 1073 497 1099 meus
518 1058 621 1098 emit.
682 1056 777 1107 quid
798 1055 880 1105 agis
900 1056 974 1093 tu?
1032 1055 1085 1092 S1.
1122 1066 1145 1091 a
1166 1054 1249 1090 foro
1267 1051 1410 1090 incedo
1430 1051 1605 1090 domum.

385 1127 465 1164 ΤΗ.
497 1123 691 1174 numquid
713 1120 901 1172 processit
922 1120 972 1158 ad
995 1121 1121 1157 forum
1149 1117 1152 1169 ἱ
1180 1117 1300 1156 hodie
1321 1117 1447 1156 noui?

387 1192 440 1230 S1.
472 1189 601 1229 etiam.
660 1189 739 1226 ΤΗ.
773 1186 869 1237 quid
899 1185 1093 1223 tandem?
1150 1184 1202 1222 Sl.
1235 1182 1316 1221 uidi
1347 1182 1481 1221 ecferri
1511 1196 1609 1221 mor-
1632 1191 1722 1217 1000

1201 1255 1322 1286 tuom.
1382 1249 1462 1286 ΤΗ.
1493 1248 1608 1286 hem!

390 1322 442 1360 SI.
476 1333 624 1359 nouom
647 1331 769 1357 unum
827 1316 909 1355 uidi
932 1322 1128 1354 mortuom
1151 1312 1284 1353 ecferri
1306 1314 1418 1351 foras.

224 1404 264 1426 10
390 1387 511 1425 modo
532 1399 622 1424 eum
644 1383 786 1422 uixisse
807 1382 975 1421 aiebant.
1034 1382 1113 1418 ΤΗ.
1146 1393 1219 1418 uae
1239 1377 1356 1428 capiti
1377 1381 1468 1417 tuo!

390 1453 443 1491 S1.
476 1451 572 1502 quid
595 1459 635 1489 tu
659 1449 808 1488 otiosus
832 1460 892 1486 res
915 1459 1039 1485 nouas
1062 1444 1298 1495 requiritas?

389 1518 468 1555 TH.
501 1516 592 1566 quia
612 1515 732 1553 hodie
753 1513 897 1552 adueni
920 1525 1089 1562 peregre.
1151 1512 1204 1549 S1.
1236 1510 1395 1560 promisi
1418 1511 1529 1557 foras,

389 1584 440 1622 ad
460 1594 599 1621 cenam
621 1594 670 1619 ne
692 1593 754 1618 me
776 1587 813 1617 te
835 1591 977 1617 uocare
998 1590 1169 1616 censeas.
1636 1581 1721 1619 1005

390 1649 470 1686 Tu.
502 1647 579 1685 hau
615 1646 772 1696 postulo
807 1645 961 1694 edepol.
1023 1644 1075 1681 S1.
1109 1655 1244 1681 uerum
1281 1654 1375 1688 cras.
1407 1641 1480 1679 nisi
1511 1639 1614 1693 (qui)

1507 1705 1612 1757 prius

227 1790 262 1822 15
392 1776 725 1823 uocauerit—me,
747 1777 810 1814 uel
831 1776 938 1826 apud
960 1782 997 1813 te
1019 1786 1224 1813 cenauero.

391 1845 470 1882 ΤΗ.
503 1856 552 1881 ne
573 1842 672 1881 istuc
693 1841 855 1892 quidem
879 1841 1021 1891 edepol
1043 1840 1212 1890 postulo.
1271 1838 1344 1876 nisi
1366 1837 1462 1888 quid
1484 1836 1604 1888 magis

392 1922 433 1948 es
453 1914 679 1959 occupatuS,
704 1920 864 1958 operam
889 1905 985 1944 mihi
1007 1906 1066 1944 da.
1127 1906 1180 1943 S1.
1213 1917 1405 1943 maxume.

326 2023 392 2054 990
415 2023 480 2044 om.
500 2012 533 2043 P
547 2012 694 2053 (propter
709 2011 935 2043 lzomoeoarch.
951 2012 978 2050 2)
1025 2020 1128 2051 puer-e
1139 2008 1197 2040 del.
1213 2007 1285 2047 Leo,
1304 2011 1341 2038 ut
1351 2018 1390 2038 ex
1402 2018 1431 2039 v.
1442 2017 1490 2048 sq.
1506 2009 1613 2039 antias-

279 2061 400 2098 patum
427 2057 483 2098 (iv.
513 2055 548 2095 3)
662 2065 762 2095 porro
791 2056 909 2087 Goetz:
936 2064 1044 2094 puero
1071 2053 1138 2085 cod.
1313 2050 1362 2083 1³1.
1390 2061 1514 2091 sequor
1537 2051 1614 2083 add.

287 2101 410 2140 Ussing
553 2109 617 2138 992
643 2109 736 2130 erum
767 2103 802 2130 ut
830 2099 863 2129 P
965 2103 1096 2137 tergum
1124 2102 1252 2135 tergam
1275 2095 1308 2126 A
1441 2105 1506 2135 993
1533 2105 1615 2134 1013

283 2143 385 2183 deficit
413 2142 459 2183 A,
496 2143 560 2174 nisi
589 2142 678 2183 qnod
705 2143 755 2173 hic
785 2143 847 2173 illic
871 2142 1075 2182 paucz'ssinm
1105 2142 1232 2172 servata
1422 2148 1487 2179 993
1512 2138 1615 2170 uerba

285 2187 519 2219 Camerarius:
545 2186 686 2217 uerbera
708 2185 774 2217 cod.
799 2186 846 2225 (v.
871 2186 906 2225 8)
1039 2185 1106 2225 996
1130 2184 1253 2216 circum
1275 2187 1397 2214 uentus
1419 2182 1485 2215 cod.
1504 2194 1511 2214 :
1534 2192 1612 2214 corr.

283 2230 413 2262 Merula
572 2231 638 2270 998
662 2229 734 2270 agis
759 2228 893 2260 Aldus:
917 2229 966 2259 ais
992 2228 1060 2260 cod.
1195 2236 1261 2267 999
1284 2225 1384 2269 (hic)
1409 2227 1463 2258 ho.
1492 2225 1620 2258 Ritschl

290 2284 373 2307 1002
399 2284 462 2305 uae
486 2273 553 2306 132:
588 2279 666 2305 tuae
690 2273 757 2306 cod.
895 2283 975 2313 1003
1000 2278 1033 2304 tu
1060 2273 1210 2305 Merula:
1246 2278 1281 2304 tu
1308 2272 1375 2316 [ut]
1403 2273 1470 2305 cod.
1497 2273 1554 2315 (iv.
1580 2273 1615 2312 3)

289 2327 370 2357 1005
394 2323 428 2349 te
444 2317 518 2349 Ital.
540 2329 547 2348 ε
571 2322 627 2348 tue
650 2316 715 2348 cod.
736 2317 791 2357 (iv.
810 2318 843 2356 3⁸)
938 2318 1022 2349 1006
1046 2318 1121 2357 quis
1136 2316 1209 2349 add.
1234 2317 1445 2348 Camerarius
1536 2318 1617 2351 1008

287 2361 350 2397 iste
367 2362 398 2393 P
412 2363 504 2402 (corr.
527 2359 587 2401 ΒΞ)
726 2371 809 2399 1009
833 2371 871 2393 es
887 2372 952 2391 om.
974 2361 1006 2396 A
