1783 2707
93 142 122 178 Ι.

148 141 192 177 iii
628 144 674 181 T.
707 143 888 183 MACCI
919 144 1123 182 PLAVTI

145 289 192 325 iii
712 295 1045 332 PALAESTRA

267 378 403 417 Nimio
425 379 631 419 hominum
653 381 832 419 fortunae
855 381 985 419 minus
1008 380 1170 420 miserae
1192 389 1459 421 memorantur
1565 389 1627 434 185

319 457 437 494 quam
459 444 497 482 in
520 459 602 492 usu,
627 445 869 496 experiundo
891 445 921 484 is
943 447 1058 485 datur
1077 447 1274 485 acerbum.

262 506 398 561 (satin)
418 510 495 548 hoc
516 511 593 549 deo
615 509 945 561 complacitumst,
969 512 1060 550 med
1082 512 1158 549 hoc
1180 518 1318 549 ornatu
1339 518 1515 550 ornatam

317 573 358 612 in
378 574 544 613 incertas
565 575 743 625 regiones
766 575 944 614 timidam
968 575 1163 615 eiectam?

171 649 189 682 5
317 639 485 679 hancine
498 654 571 691 ego
587 642 637 680 ad
651 655 732 680 rem
748 649 879 680 natam
895 641 1076 680 miseram
1085 655 1148 680 me
1162 640 1417 680 memorabo?
1445 642 1538 680 han-

315 704 417 743 -cine
438 719 510 756 ego
530 713 680 756 partem
702 706 816 757 capio
837 707 889 745 ob
910 706 1096 757 pietatem
1119 706 1400 756 praecipuam?
1562 719 1628 755 190

317 783 408 808 nam
429 771 505 809 hoc
527 770 578 808 mi
600 778 658 809 sat
678 771 839 810 laborist
860 772 1035 810 laborem
1057 772 1163 810 hunc
1184 770 1310 821 potiri,

318 834 348 873 si
377 834 380 887 Ι
406 849 495 886 erga
515 844 715 886 parentem
738 844 805 875 aut
826 837 923 875 deos
946 850 1008 875 me
1030 836 1177 887 inpiaui
1193 851 1202 884 3

318 901 387 938 sed
408 900 448 939 id
469 900 500 939 si
520 908 652 951 parate
673 901 805 940 curaui
827 909 869 940 ut
890 915 1082 949 canerem,

154 979 191 1002 10
316 972 399 1004 tum
428 964 432 1016 Ι
458 966 534 1004 hoc
555 965 608 1004 mi
629 966 824 1014 indecore,
848 966 992 1016 inique,
1016 967 1240 1005 inmodeste

262 1030 354 1068 dati'
374 1030 414 1068 di
429 1045 438 1078 3
468 1043 559 1069 narn
582 1031 678 1081 quid
700 1032 904 1070 habebunt
925 1031 998 1069 sibi
1006 1031 1119 1088 signi
1141 1030 1236 1082 inpii
1257 1031 1434 1082 posthac,
1562 1044 1625 1081 195

262 1095 293 1134 si
313 1097 363 1135 ad
385 1097 490 1135 hunc
511 1098 675 1136 modum
696 1105 754 1136 est
775 1097 943 1136 innoxiis
964 1089 1091 1136 honor
1110 1085 1217 1148 apud
1237 1099 1338 1136 uos?

693 1176 784 1201 nam
807 1177 870 1202 me
891 1162 922 1201 si
943 1162 1064 1201 sciam

370 1227 507 1267 fecisse
527 1236 594 1267 aut
615 1237 796 1279 parentes
818 1229 992 1275 sceleste,
1017 1227 1146 1266 minus
1168 1241 1231 1266 me
1252 1227 1435 1275 miserer3
1561 1236 1648 1278 197²

151 1307 187 1340 15
209 1293 278 1332 sed
298 1292 390 1332 erile
410 1295 537 1332 scelus
559 1307 622 1332 me
642 1293 834 1341 sollicitat,
858 1293 954 1332 eiius
976 1307 1039 1332 me
1060 1293 1226 1343 inpietas
1248 1294 1350 1331 male
1370 1292 1502 1331 habet.

423 1357 454 1397 is
475 1372 619 1398 nauem
640 1366 757 1409 atque
779 1358 913 1398 omnia
932 1358 1103 1410 perdidit
1124 1358 1163 1397 in
1185 1358 1304 1397 mari:

261 1424 358 1462 haec
379 1424 576 1462 bonorum
597 1423 684 1462 eiiu’
706 1431 796 1462 sunt
817 1423 1003 1474 reliquiae
1020 1439 1029 1472 3
1058 1423 1175 1462 etiam
1198 1437 1298 1474 quae
1319 1422 1434 1462 simul
1558 1435 1626 1460 200

259 1496 374 1527 uecta
394 1502 551 1527 mecum
572 1488 612 1527 in
633 1490 815 1539 scaphast
836 1489 990 1529 excidit.
1051 1502 1124 1540 ego
1145 1502 1250 1527 nunc
1272 1490 1355 1528 sola
1375 1502 1473 1528 sum.

421 1568 522 1604 quae
544 1554 640 1593 mihi
661 1554 691 1593 si
712 1556 810 1594 foret
831 1557 940 1594 salua
960 1550 1119 1603 saltem,'
1132 1554 1243 1593 labor

149 1631 188 1655 20
422 1620 545 1659 lenior
565 1628 667 1659 esset
688 1620 752 1660 hic
772 1620 825 1659 mi
846 1620 943 1659 eiius
965 1634 1095 1672 opera.

314 1699 420 1724 nunc
441 1699 559 1736 quam
581 1700 691 1737 spem
712 1694 779 1724 aut
800 1700 917 1737 opem
941 1694 1008 1725 aut
1029 1685 1167 1725 consili
1188 1685 1284 1737 quid
1305 1686 1537 1737 capessam?

312 1750 365 1789 ita
384 1750 448 1790 hic
469 1753 551 1790 sola
571 1751 663 1790 solis
684 1751 780 1790 locis
801 1751 1018 1802 compotita
1555 1759 1620 1796 205

474 1815 606 1870 [sum].
666 1817 730 1856 hic
751 1831 842 1856 saxa
863 1824 964 1865 sunt,
988 1816 1052 1856 hic
1074 1830 1179 1856 mare
1200 1823 1325 1863 sonat,

473 1895 602 1932 neque
622 1881 831 1932 quisquam
853 1883 975 1920 homo
996 1881 1049 1920 mi
1071 1881 1231 1921 obuiam
1252 1880 1370 1920 uenit.
1555 1883 1643 1917 2062
1702 1908 1705 1911 -

252 1986 312 2016 186
336 1994 396 2016 usu
415 1984 553 2025 Seyffert
572 1985 668 2019 ,BerL
688 1985 774 2017 Plu'l.
802 1984 909 2017 Woclz.
930 1995 979 2026 17,
1002 1985 1080 2025 796)
1098 1997 1105 2016 :
1129 1985 1202 2016 uisu
1225 1983 1291 2016 cod.
1430 1984 1536 2024 188-9

205 2028 254 2060 vel
268 2029 450 2070 eiec·{-tam
472 2029 616 2060 hancine
753 2039 809 2069 191
841 2034 892 2060 sat
910 2029 1049 2060 Mueller
1067 2028 1199 2069 (Rlzein.
1228 2028 1318 2059 Mus.
1348 2036 1398 2067 54,
1429 2028 1510 2067 533)
1528 2039 1534 2058 :

205 2077 262 2103 aut
287 2072 353 2103 cod.
797 2082 856 2112 192
884 2071 996 2115 (ego)
1020 2083 1099 2112 erga
1122 2071 1262 2103 Mueller
1282 2070 1414 2110 (Rlzet'n.
1438 2071 1529 2102 Mus,

202 2125 255 2157 54,
271 2118 348 2156 533)
440 2115 590 2156 parentis
603 2115 777 2147 Fleckeisen
869 2127 921 2147 me
938 2120 1013 2147 ante
1028 2127 1110 2156 erga
1126 2116 1228 2147 colloc.
1243 2115 1347 2146 Bothe
1474 2125 1533 2154 194

202 2161 245 2190 mi
270 2161 333 2190 hoc
358 2159 531 2191 Fleckezsen
637 2170 696 2199 195
721 2160 784 2191 sibi
807 2161 894 2200 signi
917 2159 1002 2191 Leo:
1029 2160 1152 2199 sibigni
1169 2159 1235 2191 cod.
1346 2168 1403 2198 197
1429 2158 1532 2189 sciam

201 2203 402 2245 (umquam)
427 2203 555 2235 Sclzoell
578 2204 673 2235 mein
694 2214 817 2234 causa:
845 2214 871 2234 s.
898 2203 953 2246 <in
978 2203 1072 2253 uos).
1089 2203 1155 2234 Leo
1290 2204 1365 2242 197a
1387 2201 1532 2233 sceleste

201 2249 351 2287 parentis
367 2248 399 2278 Β
508 2258 560 2279 me
585 2248 727 2279 miserer
752 2248 985 2279 Came›2·:ar1us
1010 2247 1073 2278 mei
1103 2247 1244 2278 miseret·
1263 2246 1342 2284 cod„
1363 2247 1418 2276 vix
1434 2249 1531 2276 tecte:

201 2292 266 2322 mei
283 2292 464 2323 misererer
479 2291 551 2323 Ital.
692 2292 751 2330 198
775 2291 824 2322 zel
838 2292 910 2322 eius
930 2292 1006 2322 med
1138 2301 1201 2322 202
1226 2289 1341 2321 accedtt
1360 2289 1405 2328 A,
1425 2299 1507 2320 202-
1492 2291 1532 2319 -6

193 2336 400 2376 paucissima
420 2347 452 2366 m
473 2335 574 2366 imtiis
589 2339 728 2374 servata,
750 2345 879 2374 207-10
896 2335 1032 2366 umbrae
1049 2337 1192 2373 tantum,
1212 2333 1531 2373 211—161tempau

200 2379 330 2410 cz'sszma
474 2389 536 2418 204
562 2389 742 2418 numquam
768 2379 799 2409 Ρ
942 2388 1006 2418 205
1030 2376 1091 2410 aut
1110 2388 1222 2410 versus
1241 2377 1452 2418 longzorfm't
1473 2380 1533 2408 aut

198 2423 392 2463 sequebatur
404 2422 508 2454 alter'
496 2434 527 2453 m
542 2423 575 2452 A
591 2423 641 2462 (cf.
658 2422 705 2453 ατί
718 2422 796 2463 215)
844 2422 916 2453 sola
928 2432 992 2454 om.
1006 2421 1040 2452 P
1124 2423 1190 2453 206
1212 2431 1286 2453 sum
1303 2420 1360 2451 del.
1378 2419 1528 2460 Pylades,

181 2469 302 2497 metro
318 2465 486 2498 consulens
505 2466 551 2507 (A
571 2476 601 2497 n.
621 2466 658 2504 l.)

976 2518 999 2529 l
