1731 2713
783 104 959 141 PERSA
1465 109 1532 146 IV.
1554 110 1598 146 iii

177 263 180 266 ἱ
210 210 341 250 litibus
362 224 490 261 neque
517 210 631 250 tricis.
691 211 949 261 quamobrem
979 226 1051 262 ego
1078 222 1279 262 argentum
1310 228 1535 253 enumerem

1407 282 1507 318 foras
1520 283 1537 319 ?

209 340 283 379 nisi
304 341 515 392 mancupio
535 341 697 392 accipio,
722 342 817 392 quid
839 356 886 380 eo
908 342 1002 380 mihi
1024 351 1140 392 opust
1161 344 1447 383 mercimonio?

208 407 282 444 TO.
315 414 427 444 tacen
443 419 493 444 an
515 419 594 445 non
616 409 750 445 taces?
777 420 994 457 numquam
1017 421 1089 457 ego
1104 416 1140 446 te
1155 416 1232 446 tam
1248 422 1331 447 esse
1350 412 1534 447 matulam

1373 476 1532 514 credidi.

207 536 332 587 quid?
353 536 523 575 metuis?
568 539 642 575 DO.
678 545 811 576 metuo
833 539 962 577 hercle
979 552 1082 577 uero.
1130 539 1231 577 sensi
1250 554 1322 589 ego
1340 540 1413 578 iam
1432 555 1535 579 com-

1350 606 1534 654 plurimis,

120 676 184 714 535
206 680 335 717 neque
356 667 408 705 mi
430 668 536 705 haud
559 666 726 716 inperito
748 668 904 706 eueniet
927 668 991 706 tali
1013 676 1054 706 ut
1076 669 1114 706 in
1138 671 1219 707 luto
1240 671 1431 708 haeream.
1553 678 1593 719 65

205 734 278 771 To.
302 732 397 771 nihil
412 732 545 782 pericli
559 732 654 770 mihi
669 732 834 771 uidetur.
879 736 955 772 Do.
975 734 1056 772 scio
1072 734 1261 781 istuc,sed
1276 744 1409 774 metuo
1425 736 1529 773 mihi.

204 799 278 836 To.
311 811 398 836 mea
419 796 580 847 quidem
598 796 697 835 istuc
715 797 811 835 nihil
832 799 946 836 refert
964 814 969 836 :
1001 799 1067 836 tua
1087 813 1159 848 ego
1181 800 1256 838 hoc
1279 800 1378 838 facio
1399 801 1528 850 gratia,

204 869 247 900 ut
267 861 337 900 tibi
359 870 462 900 recte
484 861 721 900 conciliandi
744 862 870 912 primo
892 864 1059 901 facerem
1081 864 1246 914 copiam.

55 940 186 976 539-40
208 929 282 965 Do.
305 927 466 978 gratiam
484 927 622 965 habeo.
673 929 742 966 sed
764 936 800 966 te
822 929 872 966 de
887 928 970 966 aliis
985 943 1102 978 quam
1119 929 1214 968 alios
1231 932 1280 968 de
1297 938 1334 969 te
1355 931 1529 969 suauiust

203 993 283 1031 fieri
304 994 454 1032 doctos.
513 994 588 1031 To.
620 993 777 1043 nequis
799 1007 892 1032 uero
913 1008 958 1032 ex
979 994 1123 1032 Arabia
1144 995 1400 1044 penitissuma
1550 1009 1589 1041 70

199 1065 463 1109 persequatur.
523 1058 640 1096 etiam
664 1066 704 1096 tu
726 1057 831 1095 illam
853 1058 1057 1097 destinas?
1102 1061 1178 1096 Do.
1211 1059 1367 1098 uideam
1390 1062 1510 1099 modo

199 1123 510 1162 mercimonium.
570 1125 644 1161 To.
680 1136 806 1172 aequa
833 1122 942 1161 dicis.
1001 1124 1070 1161 sed
1098 1131 1259 1173 optume
1287 1138 1423 1163 eccum
1446 1125 1528 1175 ipse

1366 1190 1527 1228 aduenit

198 1254 340 1304 hospes
357 1254 420 1293 ille
437 1253 503 1305 qui
517 1256 586 1293 has
600 1254 763 1292 tabellas
776 1253 914 1292 attulit.
961 1255 1035 1292 Do.
1060 1253 1254 1292 hicinest?
1282 1256 1354 1293 To.
1376 1255 1439 1294 hic
1455 1263 1523 1294 est.

111 1327 175 1364 545
199 1321 275 1358 DO.
304 1319 467 1358 haecine
483 1319 584 1358 illast
600 1319 742 1357 furtiua
757 1319 895 1368 uirgo?
924 1320 998 1356 To.
1026 1318 1131 1357 iuxta
1144 1327 1273 1358 tecum
1291 1334 1416 1370 aeque
1432 1321 1522 1369 scio,

195 1384 269 1423 nisi
289 1384 381 1435 quia
401 1385 531 1435 specie
553 1384 714 1435 quidem
737 1385 878 1434 edepol
900 1384 1095 1431 liberalist,
1119 1384 1295 1434 quisquis
1317 1393 1385 1423 est.
1546 1397 1582 1431 75

195 1450 271 1488 Do.
304 1457 362 1488 sat
383 1451 524 1500 edepol
542 1449 775 1488 concinnast
793 1449 901 1487 facie.
952 1450 1025 1486 TO.
1057 1451 1098 1487 ut
1115 1450 1373 1500 contemptim
1391 1464 1524 1489 carnu-

1437 1518 1498 1555 fex
1516 1520 1522 1554 1

191 1580 297 1619 taciti
317 1582 631 1632 contemplemus
651 1581 828 1618 formam.
890 1581 966 1617 Do.
998 1580 1116 1617 laudo
1141 1580 1347 1618 consilium
1373 1588 1492 1619 tuom.

190 1693 535 1731 SAGARISTIO
614 1695 797 1730 Vcho
879 1692 1128 1728 Toxmvs
1214 1688 1582 1728 DORnALvsiv

190 1775 282 1812 SAG.
309 1774 418 1813 Satin
432 1775 613 1813 Athenae
629 1773 699 1812 tibi
717 1780 807 1811 sunt
824 1773 930 1810 uisae
946 1773 1164 1810 fortunatae
1178 1779 1295 1820 atque
1312 1771 1518 1821 opiparae?

107 1847 173 1884 550
190 1840 255 1876 V1.
287 1839 392 1877 urbis
414 1839 584 1889 speciem
606 1838 699 1885 uidi,
722 1837 929 1876 hominum
952 1850 1079 1875 mores
1100 1836 1276 1886 perspexi
1299 1850 1444 1886 parum.

189 1905 264 1941 To.
296 1903 490 1953 numquid
511 1903 550 1941 in
571 1902 764 1953 principio
784 1901 951 1941 cessauit
972 1902 1136 1940 uerbum
1159 1903 1276 1939 docte
1297 1901 1454 1939 dicere?

191 1968 266 2017 Do.
299 1969 376 2006 hau
397 1967 507 2018 potui
528 1967 645 2006 etiam
667 1967 706 2005 in
729 1966 854 2017 primo
876 1967 997 2004 uerbo
1019 1966 1238 2015 perspicere
1259 1965 1499 2015 sapientiam.

231 2081 290 2111 531
319 2079 494 2101 numerum
512 2071 543 2101 Ρ
686 2080 748 2110 532
772 2080 857 2110 opus
874 2069 907 2099 P
1050 2079 1113 2108 534
1138 2069 1187 2099 vel
1201 2069 1245 2099 sic
1259 2069 1421 2109 distingue
1436 2070 1514 2108 quid

187 2115 332 2146 metuis?
460 2115 523 2145 iam
546 2125 612 2145 om.
633 2114 754 2145 Gellius
770 2114 858 2144 Noct.
877 2113 945 2143 All.
968 2123 997 2152 5,
1017 2123 1067 2151 21,
1090 2114 1127 2143 16
1145 2112 1248 2150 (unde
1262 2113 1374 2142 hausit
1388 2112 1518 2143 Nonius

187 2159 243 2197 87)
265 2158 447 2198 (neglegens
461 2159 581 2188 citatim
661 2168 724 2198 535
749 2158 826 2188 ludo
844 2156 877 2186 P
955 2158 1019 2195 536
1044 2167 1072 2196 p.
1088 2167 1116 2186 ιι.
1140 2162 1221 2192 (om.
1240 2156 1318 2186 mihi
1354 2155 1386 2185 Ρ
1451 2166 1514 2195 537

187 2202 321 2241 quidem
338 2200 496 2244 (hercle)
511 2202 650 2232 Mueller
736 2201 800 2231 hoc
826 2200 927 2241 facio]
948 2200 1058 2230 refero
1076 2199 1108 2229 P
1123 2200 1167 2235 (v.
1188 2200 1222 2239 4)
1357 2209 1430 2238 539,
1451 2209 1515 2238 540

186 2245 270 2276 alios
294 2246 335 2275 de
359 2245 407 2286 te]
435 2246 475 2284 de
500 2251 532 2275 te
555 2245 641 2276 alios
663 2244 697 2275 A
847 2253 905 2282 541
933 2244 1085 2273 barbaria
1111 2243 1143 2273 Ρ
1271 2252 1333 2282 543
1357 2244 1462 2273 adunt
1485 2243 1518 2273 Ρ

187 2288 264 2328 (pro
281 2289 384 2324 adast,
402 2289 421 2319 i.
435 2299 460 2319 e.
478 2289 617 2319 aduenit
630 2289 653 2329 ζ’)
789 2289 852 2326 546
875 2297 911 2317 es
929 2286 962 2315 Ρ
1090 2297 1151 2324 547
1179 2287 1376 2316 concinnast
1402 2286 1514 2316 Came-

185 2332 318 2362 rarius:
343 2332 527 2362 concinnas
549 2331 589 2368 P,
612 2331 644 2361 A
666 2342 696 2362 n.
717 2331 736 2362 Ι.
759 2331 812 2369 (esi
833 2331 907 2368 491]
1052 2331 1114 2367 548
1140 2329 1407 2368 contemplemur
1423 2329 1510 2361 codd.

184 2384 250 2414 549
265 2380 343 2406 sunt
355 2386 419 2406 om.
430 2375 464 2405 P
476 2375 544 2416 (vii,
557 2385 587 2414 p.
604 2376 663 2414 96)
775 2383 838 2412 550
863 2374 999 2403 hominu
1007 2383 1036 2402 m
1054 2372 1217 2414 (horum)
1231 2372 1369 2402 Μαι-Νη·
1397 2372 1510 2404 Rham.

184 2417 274 2448 Mus.
303 2428 356 2457 54,
382 2419 485 2458 527):
511 2419 679 2449 hominum
704 2415 861 2460 (autem)
884 2416 1006 2446 Schoell
1029 2415 1079 2456 <A
1101 2427 1131 2446 n.
1150 2415 1188 2455 l.)
1307 2417 1463 2454 prospexi
1483 2415 1517 2446 P
