1783 2707
125 133 202 170 III.
225 134 254 170 ii

166 518 203 550 Ι5

165 847 205 869 20

167 1171 205 1202 25

166 1504 207 1534 30

645 136 691 172 T.
724 134 905 173 MACCI
938 134 1142 171 PLAVTI

333 253 374 284 tu
396 247 500 284 solus
522 253 673 296 praeter
693 245 819 284 alios?
877 246 951 285 CO.
983 259 1054 295 ego
1076 244 1205 283 dicam
1227 244 1297 283 tibi
1315 260 1322 283 2

331 310 492 348 auaritia
514 303 586 360 ege
609 324 694 348 sum
717 312 841 348 factus
862 309 1065 360 inprobior
1086 323 1245 360 coquos,

331 389 412 413 non
447 383 605 425 meopte
642 374 810 424 ingenio.
877 377 948 412 ΒΑ.
981 375 1059 425 qua
1093 374 1194 413 istuc
1229 374 1409 414 ratione?
1479 375 1551 414 Co.

1382 441 1551 489 eloquar.

332 504 424 555 quia
440 504 559 552 enim,
574 518 694 555 quom
712 506 909 555 extemplo
926 503 1092 543 ueniunt
1109 505 1351 543 conductum
1370 517 1552 554 coquom,

331 584 451 608 nemo
472 570 581 608 illum
604 570 753 620 quaerit
773 570 841 620 qui
863 578 1049 620 optumus
1070 577 1108 609 et
1131 570 1407 609 carissumust:
1577 578 1642 622 805

333 636 442 673 illum
465 637 696 674 conducunt
718 635 848 685 potius
870 635 936 685 qui
958 635 1210 674 uilissumust.

332 702 409 739 hoc
430 714 502 751 ego
524 700 577 739 fui
599 701 718 739 hodie
739 702 845 738 solus
866 714 1047 751 opsessor
1067 701 1149 739 fori.

332 766 386 803 illi
408 765 721 804 drachumissent
743 765 894 803 miseri:
926 779 989 804 me
1010 779 1127 803 nemo
1148 773 1277 816 potest

333 830 494 869 minoris
516 830 725 880 quisquam
746 843 911 868 nummo
932 838 974 868 ut
995 843 1149 879 surgam
1171 830 1360 879 subigere.

333 910 413 934 non
436 909 508 946 ego
529 896 623 934 item
645 908 784 934 cenam
806 894 951 933 condio
973 902 1014 932 ut
1034 894 1098 933 alii
1120 894 1251 944 coqui,
1576 900 1645 934 810

333 961 400 1011 qui
423 960 517 998 mihi
539 960 699 999 condita
720 967 829 1010 prata
849 959 889 997 in
910 959 1052 1010 patinis
1073 961 1287 1010 proferunt,

334 1027 458 1064 boues
480 1027 547 1075 qui
568 1024 758 1063 conuiuas
780 1024 927 1063 faciunt
948 1025 1169 1074 herbasque
1190 1031 1390 1074 oggerunt,

335 1104 399 1129 eas
421 1090 560 1129 he'rbas
582 1089 713 1128 herbis
733 1089 817 1128 aliis
838 1102 953 1139 porro
974 1089 1188 1128 condiunt:

336 1156 477 1194 indunt
498 1155 758 1202 coriandrum,
783 1154 1008 1201 feniculum,
1032 1154 1162 1202 alium,
1186 1161 1312 1192 atrum
1335 1155 1461 1202 holus,

334 1230 540 1273 apponunt
561 1221 761 1268 rumicem,
785 1221 1009 1268 brassicam,
1032 1222 1175 1267 betam,
1199 1220 1353 1268 blitum,
1575 1221 1642 1265 815

335 1302 382 1326 eo
403 1287 580 1337 laserpici
601 1287 739 1325 libram
760 1287 896 1336 pondo
917 1285 1083 1333 diluont,

335 1353 469 1391 teritur
490 1352 635 1402 sinapis
657 1353 813 1399 scelera,
837 1364 938 1401 quae
959 1351 1032 1389 illis
1054 1351 1121 1401 qui
1142 1358 1271 1389 terunt

334 1418 430 1469 priu'
452 1431 570 1468 quam
592 1417 781 1455 triuerunt
803 1416 906 1454 oculi
927 1424 969 1454 ut
990 1416 1184 1454 exstillent
1205 1415 1306 1454 facit.

335 1484 369 1523 ei
391 1484 572 1523 homines
593 1496 710 1522 cenas
732 1482 799 1520 ubi
821 1490 1007 1532 coquom,
1032 1496 1153 1532 quom
1175 1481 1377 1529 condiunt,

335 1563 414 1588 non
437 1548 703 1587 condimentis
724 1547 928 1594 condiunt,
953 1549 1023 1586 sed
1045 1547 1226 1598 strigibus
1580 1549 1650 1583 820

332 1614 433 1653 uiuis
455 1613 634 1653 conuiuis
655 1613 840 1652 intestina
862 1626 963 1663 quae
985 1613 1154 1652 exedint.

334 1681 410 1718 hoc
432 1679 494 1718 hic
517 1679 679 1729 quidem
700 1678 882 1717 homines
905 1686 984 1716 tam
1007 1679 1168 1717 breuem
1189 1678 1310 1716 uitam
1333 1679 1479 1724 colunt,

335 1759 457 1796 quom
487 1747 604 1783 hasce
635 1744 775 1782 herbas
806 1743 921 1782 huius
953 1743 1062 1782 modi
1094 1744 1134 1782 in
1164 1757 1277 1783 suom
1307 1745 1439 1782 aluom
1470 1756 1560 1781 con·
1591 1749 1593 1752 ’

1407 1815 1556 1858 gerunt,
1586 1824 1590 1827 ·

268 1916 328 1946 801
357 1915 440 1945 alius
461 1913 526 1945 cod.
664 1915 728 1944 802
753 1914 893 1944 auaritia
925 1914 975 1955 (T
990 1917 1028 1945 ut
1047 1913 1127 1953 vid.)
1153 1914 1202 1945 vel
1224 1913 1396 1944 hominum
1418 1913 1559 1943 auaritia

228 1960 331 2000 (Pssc)
356 1958 420 1990 cod.
568 1958 631 1997 804
657 1958 815 1997 exemplo
840 1957 904 1988 cod.
1042 1958 1106 1996 805
1130 1968 1229 1988 nemo
1255 1957 1481 1988 Cameram'us:
1517 1966 1560 1986 ne

225 2003 292 2034 cod.

428 2003 491 2033 808
516 2002 764 2032 drachmissanf
784 2002 835 2042 <T
849 2005 885 2031 ut
900 2001 980 2041 vid.)
1000 2002 1050 2031 vel
1064 2002 1230 2032 drahcrnis
1255 2005 1332 2031 sent
1351 2000 1384 2037 (i.
1400 2011 1421 2031 e.
1442 2000 1558 2030 drach-

226 2048 380 2083 missent)
401 2046 505 2080 (PBG)
523 2046 588 2076 cod.
725 2046 786 2084 815
812 2048 886 2075 ante
901 2046 964 2084 814
982 2046 1077 2085 ponit
1095 2045 1229 2084 Sauppe
1360 2045 1423 2074 816
1448 2043 1562 2073 accedit

227 2091 259 2120 A

393 2090 453 2128 817
481 2090 610 2128 sinapis
637 2089 739 2128 (sem)
766 2089 894 2119 scelera
921 2088 1091 2119 Charisius
1112 2099 1181 2127 144,
1202 2088 1338 2119 Servius
1360 2087 1407 2117 ad
1427 2087 1510 2117 Aen.
1527 2097 1557 2126 9,

228 2135 290 2173 484
315 2133 507 2164 Priscianus
530 2144 556 2172 1,
576 2142 639 2171 205
656 2134 722 2172 (fra
740 2133 790 2162 vel
804 2137 888 2162 -rata
901 2132 1008 2165 codd&
1029 2144 1035 2162 :
1060 2132 1198 2171 senapis
1215 2132 1326 2162 celera
1343 2130 1392 2160 P:
1418 2131 1560 2170 sinapjm

229 2177 359 2208 scelera
390 2178 422 2208 A
545 2177 675 2207 scelera
711 2176 774 2216 adj.
796 2177 879 2216 fem.
913 2179 1051 2205 testatur
1078 2175 1183 2212 Serv„
1215 2174 1343 2214 sinapis
1364 2175 1448 2214 sem.
1484 2183 1560 2204 casu

231 2222 390 2251 nominat.
412 2224 548 2251 lassatur
563 2220 663 2251 Prisc.
754 2230 819 2258 que
838 2219 857 2250 i.
875 2218 932 2249 A:
966 2229 1038 2249 cum
1058 2219 1077 2250 i.
1098 2219 1135 2256 P,
1153 2218 1240 2249 codd.
1262 2218 1447 2249 Prisciani:
1471 2217 1560 2256 quod

231 2265 298 2295 cod.
317 2265 465 2301 Charisii,
470 2265 552 2303 fort.
574 2267 648 2294 recte
753 2263 798 2292 illi
816 2262 873 2301 qui
891 2262 969 2292 terit
986 2262 1050 2293 cod.
1067 2262 1209 2292 Charisii
1316 2262 1380 2291 818
1397 2261 1561 2291 triuerunt

234 2313 321 2348 (-0nt
342 2308 407 2349 Au]
434 2307 594 2337 contriuit
612 2305 679 2338 cod.
700 2305 840 2336 Charisii
947 2305 1101 2335 extilient
1118 2306 1149 2335 P
1282 2306 1346 2344 819
1370 2304 1440 2345 ubi]
1459 2304 1515 2334 libi
1532 2303 1565 2334 P

232 2353 291 2382 821
319 2352 413 2382 uiuas
440 2351 473 2380 A
609 2352 671 2380 822
696 2349 814 2388 qolunt
831 2348 863 2378 A
1011 2350 1074 2387 823
1098 2349 1208 2379 aluum
1234 2348 1332 2379 Item:
1356 2348 1483 2378 saluom
1508 2347 1562 2377 P:

234 2396 377 2426 maluum
393 2395 424 2424 Α
