1731 2713
111 798 179 842 850

109 1452 179 1486 860

109 1776 175 1822 865

750 97 975 135 RVDENS
1445 98 1522 135 III.
1545 98 1589 134 vi

252 209 320 246 PL.
352 220 510 259 caperes
542 214 609 246 aut
643 207 783 245 fustem
816 213 881 245 aut
917 206 1098 257 lapidem.
1176 208 1250 244 ΤΚ.
1283 206 1409 256 quid?
1451 220 1524 255 ego

1252 271 1362 321 quasi
1384 285 1521 310 canem

253 337 454 376 hominem
477 337 686 377 insectarer
707 337 903 387 lapidibus
925 336 1254 387 nequissumum?
1544 357 1561 388 5

252 404 323 440 LA.
356 416 460 440 nunc
482 404 546 453 pol
567 416 640 452 ego
661 402 766 453 perii,
792 402 1040 452 Plesidippus
1062 415 1198 440 eccum
1220 402 1341 440 adest.

251 476 459 506 conuorret
480 467 555 506 iam
578 468 641 506 hic
664 481 726 506 me
747 476 872 506 totum
895 481 985 506 cum
1008 467 1238 518 puluisculo.

253 534 318 570 PL.
351 533 521 571 etiamne
542 533 580 570 in
600 546 666 571 ara
686 540 780 571 tunc
802 533 993 572 sedebant
1015 532 1208 580 mulieres,

249 610 370 647 quom
391 598 441 636 ad
463 611 525 636 me
546 599 753 648 prosectu’s
774 598 857 636 ire?
913 599 988 635 TR.
1022 597 1168 636 ibidem
1191 610 1296 635 nunc
1317 597 1466 635 sedent.

250 664 316 700 PL.
349 662 435 712 quis
456 662 539 701 illas
561 677 665 701 nunc
687 663 764 701 illic
785 665 942 702 seruat?
998 665 1074 702 TR.
1107 662 1330 712 nescioquis
1352 676 1479 709 senex,
1546 680 1586 703 ιο

249 727 402 765 010111οε
423 727 586 766 Veneris
602 742 612 775 3
640 727 671 766 is
692 727 802 767 dedit
823 741 983 779 operam
1005 735 1219 777 optumam.

250 792 281 831 is
303 806 408 831 nunc
428 806 519 831 cum
541 793 662 832 seruis
683 801 821 832 seruat.
881 806 954 843 ego
976 794 1269 831 mandaueram.

250 860 317 896 PL.
350 860 428 897 duc
450 872 511 897 me
531 860 582 897 ad
603 861 786 897 lenonem
808 867 923 897 recta.
983 858 1050 897 ubi
1071 858 1148 896 illic
1170 866 1227 897 est
1248 858 1399 896 homo?

252 924 321 961 LA.
355 925 471 962 salue.
532 926 599 962 PL.
633 925 798 962 salutem
821 923 875 962 nil
898 937 1037 962 moror.
1098 931 1190 973 opta
1211 924 1344 963 ocius:

250 988 331 1038 rapi
353 996 390 1027 te
411 996 568 1040 optorto
589 990 691 1028 00110
713 988 838 1027 mauis
858 1002 909 1027 an
930 988 1059 1027 trahi?
1548 1004 1585 1035 15

250 1054 442 1093 utrumuis
463 1062 555 1105 opta
575 1056 671 1093 dum
692 1053 792 1093 licet.
853 1055 923 1092 LA.
956 1061 1137 1092 neutrum
1160 1055 1263 1093 uolo.

250 1122 318 1158 PL.
353 1119 417 1158 abi
438 1120 531 1159 sane
551 1121 602 1158 ad
623 1119 713 1158 litus
735 1118 937 1167 curriculo,
961 1119 1182 1166 Trachalio,

248 1185 340 1224 iube
362 1185 447 1224 illos
469 1184 509 1223 in
530 1185 668 1223 urbem
690 1184 743 1222 ire
765 1183 925 1223 obuiam
946 1185 997 1223 ad
1018 1191 1174 1234 portum
1197 1182 1305 1231 1111111,

247 1263 348 1301 quos
370 1263 526 1289 mecum
547 1249 651 1296 duxi,
675 1250 781 1287 hunc
802 1248 870 1299 qui
890 1249 941 1287 ad
962 1250 1199 1287 carnuficem
1222 1249 1429 1287 traderent.

249 1323 337 1366 post
358 1317 435 1354 huc
457 1314 582 1354 redito
603 1322 722 1364 atque
742 1314 887 1364 agitato
908 1314 973 1352 hic
993 1314 1225 1353 custodiam.
1548 1331 1590 1353 20

250 1395 323 1432 ego
344 1383 450 1420 hunc
472 1382 680 1419 scelestum
709 1378 712 1432 Ι
739 1379 778 1417 111
800 1379 858 1418 ius
880 1379 1028 1429 rapiam
1055 1378 1058 1431 Ι
1085 1381 1270 1430 exsulem.

249 1461 331 1498 age,
349 1448 510 1487 ambula
529 1446 568 1484 in
590 1446 659 1484 ius.
719 1447 790 1484 LA.
823 1445 919 1495 quid
941 1459 1013 1495 ego
1034 1445 1212 1495 deliqui?
1270 1447 1335 1483 PL.
1368 1446 1513 1495 rogas?

249 1513 345 1564 quin
365 1513 597 1552 arrabonem
618 1525 641 1549 a
663 1524 725 1549 me
746 1510 931 1560 accepisti
953 1511 1005 1550 ob
1027 1510 1230 1549 mulierem

248 1587 286 1618 et
307 1593 393 1618 eam
414 1578 506 1617 hinc
527 1576 720 1617 abduxti?
778 1578 847 1614 LA.
881 1589 961 1614 non
981 1575 1104 1614 auexi.
1165 1578 1232 1614 PL.
1265 1589 1338 1626 qur
1358 1577 1507 1626 negas?

250 1646 319 1682 LA.
352 1643 444 1694 quia
464 1645 529 1694 pol
550 1642 736 1694 prouexi:
765 1643 934 1681 auehere
955 1655 1035 1681 non
1057 1641 1166 1692 quiui
1188 1641 1314 1681 miser.
1545 1657 1584 1688 25

249 1709 434 1760 equidem
456 1709 526 1748 tibi
547 1722 610 1747 me
631 1708 802 1747 dixeram
824 1715 979 1758 praesto
1000 1709 1081 1746 fore

248 1776 355 1825 apud
375 1774 540 1813 Veneris
560 1775 695 1812 fanum
713 1789 719 1811 :
748 1771 880 1825 (num)
901 1772 998 1823 quid
1019 1775 1158 1811 muto?
1187 1786 1326 1812 sumne
1347 1772 1431 1812 ibi?

250 1841 316 1878 PL.
349 1839 388 1877 in
409 1839 491 1879 iure
512 1853 690 1878 caussam
712 1838 844 1886 dicito,
870 1839 933 1877 hic
956 1839 1121 1877 uerbum
1143 1846 1201 1876 sat
1222 1846 1302 1877 est:

247 1918 421 1955 sequere.
482 1906 551 1942 LA.
585 1917 749 1954 opsecro
771 1911 819 1950 te,
843 1903 1011 1942 subueni
1033 1903 1097 1950 mi,
1122 1903 1366 1943 Charmides

246 1969 374 2020 rapior
393 1977 550 2020 optorto
571 1970 685 2007 collo.
746 1970 824 2008 CH.
857 1969 944 2019 quis
966 1982 1029 2007 me
1050 1968 1257 2008 nominat?
1542 1982 1583 2012 30

236 2074 300 2113 843
339 2074 524 2104 insectarer·
550 2072 622 2104 Ital.
642 2084 649 2104 ε
694 2073 904 2113 inspectaret
939 2072 1005 2105 cod.
1155 2074 1284 2112 845-72
1318 2073 1522 2114 paucissima

192 2121 319 2148 servata
336 2117 367 2147 A
388 2117 487 2155 (nihil
499 2118 628 2156 849-58
642 2122 770 2156 praeter
783 2118 847 2156 853
864 2118 921 2155 in„
939 2118 1002 2157 857
1019 2116 1094 2155 ext.)
1238 2118 1302 2155 846
1327 2121 1408 2147 tunc
1425 2117 1498 2148 Ital.
1516 2129 1523 2148 :

194 2171 284 2192 nunc
307 2160 346 2198 P,
364 2160 397 2190 A
426 2173 457 2191 n.
485 2161 503 2191 l.
640 2161 702 2199 857
726 2162 780 2200 qui
808 2162 898 2191 hunc
924 2161 1015 2192 cod.:
1049 2160 1121 2191 trai.
1152 2160 1363 2191 Camerarius
1450 2165 1523 2191 -ent

196 2205 266 2243 (vix
291 2205 478 2244 traderent)
507 2203 551 2242 A,
573 2203 658 2234 unde
683 2204 802 2235 darent
829 2204 976 2245 Seyffert,
1005 2204 1128 2235 Pradel
1158 2204 1216 2234 ‘de
1241 2204 1366 2245 praep.’
1387 2214 1419 2244 p.
1445 2215 1521 2243 474,

195 2249 330 2279 trahent
346 2247 404 2278 alii
546 2248 611 2287 859
634 2246 721 2288 (iam
740 2247 838 2290 hinc)
856 2249 888 2279 in
906 2250 956 2279 ius
974 2249 1016 2289 (3)
1044 2247 1109 2278 Leo
1216 2268 1259 2272 —
1276 2258 1307 2277 m
1324 2248 1444 2287 exilem
1461 2248 1494 2278 A
1514 2259 1521 2279 :

195 2290 372 2334 (exigam)
388 2290 521 2322 exulem
537 2290 663 2322 Sclzoell
804 2293 911 2322 861-2
936 2292 1109 2323 mulierem
1127 2295 1179 2322 est
1198 2292 1248 2332 (et
1264 2291 1355 2330 Ital.)
1378 2290 1382 2333 1
1405 2292 1472 2322 Iam
1491 2291 1524 2322 P

195 2335 260 2367 862
283 2341 317 2367 et
333 2345 406 2366 eam
424 2335 555 2365 Merula
567 2340 643 2375 post
657 2334 816 2375 Pyladem
833 2347 840 2366 :
868 2336 933 2366 iam
951 2335 990 2370 P.
1008 2335 1041 2365 A
1060 2347 1090 2366 n.
1108 2335 1127 2366 l.
1241 2335 1408 2366 abduxisti
1426 2335 1466 2373 P,
1485 2335 1519 2365 A

196 2389 230 2410 n.
249 2379 268 2410 l.
290 2391 297 2411 :
320 2379 434 2410 auexti
459 2378 632 2409 Acidalius
740 2379 803 2417 865
829 2389 908 2409 num
925 2379 999 2410 add.
1018 2379 1151 2418 Bentley
1169 2377 1216 2420 (A
1234 2390 1266 2410 n.
1283 2379 1323 2418 l.)
1415 2379 1521 2409 multo

197 2422 230 2453 P
355 2423 416 2461 867
442 2422 507 2453 mei
527 2422 561 2463 (i.
575 2432 598 2454 e.
613 2422 656 2452 mi
673 2425 770 2453 vocat.
791 2432 868 2452 casu
881 2423 907 2464 ἓ)
924 2422 964 2462 P,
981 2422 1015 2453 A
1033 2433 1064 2454 n.
1084 2423 1104 2453 Ι.
