1731 2713
706 134 996 173 POENVINS
1434 128 1510 166 III.
1535 127 1549 166 i

103 252 166 296 565
187 251 238 288 ad
259 263 344 288 cam
368 262 447 287 rem
469 261 541 285 nos
563 261 646 285 csse
669 245 775 283 testis
798 245 855 282 uis
879 244 959 281 tibi.
1022 245 1092 280 Aa.
1127 241 1256 279 teneti‘
1281 253 1371 277 rem.

188 317 292 352 Amr.
315 313 379 352 uix
400 313 561 363 quidem
579 313 719 357 hercle,
737 312 787 348 ita
803 309 971 360 pauxilla
993 316 1061 354 est,
1078 305 1249 355 digitulis
1266 300 1511 355 primoribus.

189 382 262 418 Au.
296 380 371 417 hoc
403 377 480 416 cito
510 385 547 415 et
579 376 720 414 curs-im
751 382 808 413 cst
839 374 1047 424 agendum.
1108 384 1273 421 propera
1299 370 1373 408 iam
1396 382 1515 419 quan-

1270 443 1352 473 tum
1374 441 1512 484 potest.

191 513 294 549 Anv.
318 511 420 549 bene
441 510 528 547 uale
550 508 671 558 igitur.
715 515 751 546 te
773 508 989 544 aduocatos
1013 503 1167 542 meliust
1189 501 1324 540 celeris
1345 501 1514 546 ducere3
1535 502 1575 543 65

188 575 284 614 tardi
306 575 432 613 sumu'
454 587 536 611 nos.
596 575 669 610 Aa.
702 580 865 620 optume
886 569 959 616 itis,
982 581 1165 618 pessume
1186 567 1315 604 hercle
1337 564 1475 604 dicitis.

102 651 168 687 570
187 640 281 691 quin
303 640 420 679 etiam
441 637 659 677 deciderint
680 635 825 674 semina
850 633 965 673 uobis
986 633 1025 671 in
1047 634 1146 671 talos
1167 631 1296 669 uelim.

187 708 290 744 ADv.
323 713 361 744 at
383 705 524 754 edepol
546 716 617 741 nos
642 700 711 740 tibi
733 701 772 738 in
796 700 954 738 lumbos
975 698 1148 748 linguam
1169 704 1288 746 atque
1314 696 1450 734 oculos
1475 694 1514 732 in

1374 762 1512 799 solum.

188 838 261 874 AG.
294 835 382 874 heia
400 838 405 872 ἔ
437 835 513 872 hau
535 839 747 871 uostrumst
770 831 979 870 iracundos
1001 843 1085 867 esse
1107 828 1216 878 quod
1236 826 1313 866 dixi
1336 826 1433 864 ioco.

189 904 291 939 ADV.
324 914 397 939 nec
417 908 527 938 tuom
549 898 709 949 quidem
731 904 789 936 est
808 895 943 934 amicis
964 908 1032 945 per
1053 894 1184 933 iocum
1206 892 1347 931 iniuste
1367 891 1485 941 loqui.
1539 906 1577 937 70

189 969 262 1005 Ao.
295 965 436 1004 mittite
463 964 593 1003 istaec.
651 962 746 1012 quid
776 961 894 1000 uelim
923 974 994 998 uos
1016 959 1132 998 scitis.
1191 959 1295 996 ADV.
1329 958 1515 995 callemus

1370 1022 1491 1072 probe
1509 1035 1516 1059 z

104 1110 167 1146 575
189 1098 373 1136 lenonem
395 1103 438 1134 ut
460 1094 652 1146 peiiurum
675 1094 825 1144 perdas,
845 1091 884 1130 id
907 1091 1053 1130 studes.
1113 1090 1186 1127 Aa.
1221 1087 1352 1126 teneti'
1374 1100 1466 1126 rem.

189 1176 310 1213 eugae
331 1165 336 1200 ἲ
368 1169 589 1212 opportune
611 1158 862 1209 egrediuntur
885 1156 1055 1206 Milphio
1077 1168 1154 1193 una
1175 1161 1213 1192 et
1234 1153 1382 1192 uilicus.

190 1227 348 1266 basilice
369 1234 576 1265 exornatus
598 1223 702 1263 cedit
723 1230 760 1262 et
781 1223 890 1261 fabre
909 1222 960 1260 ad
982 1220 1186 1259 fallaciam.

189 1398 445 1435 MlLPHIO
557 1394 947 1432 COLLvfflscvs
1067 1387 1560 1427 A‹;oR.xs'rocLEsii

698 1458 990 1494 ADVOCATI

191 1551 262 1587 M1.
297 1549 382 1587 Iam
415 1555 524 1586 tenes
555 1552 763 1596 praecepta
797 1543 837 1581 in
870 1543 1021 1581 corde?
1096 1543 1167 1580 CO.
1201 1542 1373 1591 pulchre.
1444 1542 1517 1578 Ml.

1180 1606 1272 1645 uide
1294 1606 1343 1644 sis
1365 1607 1516 1645 calleas,

192 1682 262 1720 Co.
297 1679 392 1730 quid
427 1686 543 1729 opust
575 1676 737 1715 uerbis?
794 1676 937 1712 callum
971 1685 1192 1723 aprugnum
1224 1672 1364 1710 callere
1395 1684 1520 1721 aeque

1243 1739 1251 1743 ’
1279 1750 1358 1776 non
1381 1735 1517 1774 sinam.

105 1815 172 1858 580
193 1811 264 1848 M1.
298 1811 357 1848 sac
379 1809 499 1848 modo
521 1818 563 1847 ut
583 1807 780 1847 condocta
801 1804 871 1845 tibi
889 1804 966 1844 sint
983 1802 1090 1843 dicta
1110 1803 1161 1842 ad
1182 1803 1284 1841 hanc
1301 1801 1505 1841 fallaciam.

191 1877 264 1915 CO.
297 1875 391 1926 quin
413 1876 556 1924 edepol
577 1872 809 1912 condoctior
830 1885 915 1910 sum
940 1883 1059 1921 quam
1084 1867 1259 1920 tragoedi
1280 1875 1346 1907 aut
1367 1866 1518 1906 comici.

192 1943 264 1979 M1.
297 1941 444 1991 probus
465 1941 633 1978 homost.
692 1940 766 1976 Ac„
790 1938 979 1976 adeamus
1001 1934 1172 1986 propius.
1227 1934 1372 1972 adsunt
1392 1940 1520 1972 testes.
1545 1946 1562 1979 5

1178 2001 1250 2037 M1.
1285 2006 1341 2037 tot
1362 1998 1524 2049 quidem

193 2085 272 2109 non
294 2070 454 2121 potuisti
475 2071 672 2109 adducere
693 2070 874 2108 homines
897 2067 1019 2119 magis
1041 2068 1092 2106 ad
1117 2068 1218 2105 hanc
1241 2078 1323 2105 rem
1345 2063 1520 2103 idoneos.

236 2175 298 2214 565
329 2173 443 2214 testis]
476 2174 559 2205 estis
591 2172 656 2204 cod.
804 2173 868 2211 566
898 2172 954 2202 vix
980 2171 1117 2202 hercule
1212 2171 1289 2202 itast
1322 2179 1354 2209 p.
1393 2168 1527 2208 cappa-t

193 2221 319 2257 567—77
346 2219 381 2258 cf.
400 2217 447 2248 ad
460 2218 569 2256 543-6
685 2217 750 2256 568
774 2217 957 2247 aduocatus
973 2215 1041 2247 cod.
1135 2214 1254 2245 melius
1272 2212 1338 2245 cod.
1459 2221 1523 2250 570

194 2260 289 2292 uobis
314 2262 439 2292 femina
462 2261 553 2293 cod.:
584 2261 654 2292 tras.
681 2260 809 2291 Ritsclzl
953 2269 1012 2299 571
1041 2259 1099 2290 tibi
1127 2269 1189 2289 nos
1214 2257 1317 2288 Bothe
1459 2263 1523 2294 572

193 2305 307 2336 accedit
323 2305 354 2336 A
505 2315 567 2344 573
591 2316 634 2346 ne
650 2304 683 2334 A
834 2313 896 2342 574
921 2304 1016 2335 mitte
1034 2306 1070 2332 ut
1085 2301 1148 2333 vid.
1167 2302 1200 2332 A
1318 2299 1415 2330 uelim
1443 2298 1522 2339 uos]

194 2349 336 2380 uelimus
353 2347 386 2379 A
545 2350 610 2387 576
634 2348 722 2379 Ecce
739 2347 772 2378 P
910 2357 972 2386 577
997 2346 1122 2377 incedit
1138 2344 1172 2375 P
1304 2345 1366 2383 582
1391 2343 1431 2373 ad
1449 2351 1522 2373 eam

193 2393 354 2432 proprius
378 2392 531 2432 (propius
554 2391 601 2430 D)
626 2391 659 2421 P
754 2392 877 2422 adsunt
901 2391 947 2421 ts?
971 2388 1149 2429 Mr'lplu‘oni
1170 2387 1290 2426 tribuit,
1320 2392 1367 2418 tot
1391 2387 1524 2426 quidem

193 2437 406 2476 Agorastocli
418 2435 485 2466 Leo
