<?xml version="1.0" encoding="UTF-8"?>
<!DOCTYPE html PUBLIC "-//W3C//DTD XHTML 1.0 Transitional//EN"
    "http://www.w3.org/TR/xhtml1/DTD/xhtml1-transitional.dtd">
<html xmlns="http://www.w3.org/1999/xhtml" xml:lang="en" lang="en">
 <head>
  <title>
</title>
<meta http-equiv="Content-Type" content="text/html;charset=utf-8" />
  <meta name='ocr-system' content='tesseract 3.04.00' />
  <meta name='ocr-capabilities' content='ocr_page ocr_carea ocr_par ocr_line ocrx_word'/>
</head>
<body>
  <div class='ocr_page' id='page_1' title='image "./tmacciplauticomo02plauuoft_0305.png"; bbox 0 0 1731 2713; ppageno 0'>
   <div class='ocr_carea' id='block_1_1' title="bbox 700 111 1572 152">
    <p class='ocr_par' dir='ltr' id='par_1_1' title="bbox 700 111 1572 152">
     <span class='ocr_line' id='line_1_1' title="bbox 700 111 1572 152; baseline -0.001 -2"><span class='ocrx_word' id='word_1_1' title='bbox 700 111 1020 152; x_wconf 70' lang='lat' dir='ltr'>PSEVDOLVS</span> <span class='ocrx_word' id='word_1_2' title='bbox 1469 112 1520 149; x_wconf 92' lang='lat' dir='ltr'>II.</span> <span class='ocrx_word' id='word_1_3' title='bbox 1545 112 1572 149; x_wconf 86' lang='lat' dir='ltr'>ii</span> 
     </span>
    </p>
   </div>
   <div class='ocr_carea' id='block_1_2' title="bbox 65 221 1583 1967">
    <p class='ocr_par' dir='ltr' id='par_1_2' title="bbox 65 221 1583 1967">
     <span class='ocr_line' id='line_1_2' title="bbox 180 221 1583 272; baseline -0.002 -11"><span class='ocrx_word' id='word_1_4' title='bbox 180 224 260 261; x_wconf 28' lang='lat' dir='ltr'>&lt;1³s.</span> <span class='ocrx_word' id='word_1_5' title='bbox 294 222 384 272; x_wconf 82' lang='lat' dir='ltr'>quia</span> <span class='ocrx_word' id='word_1_6' title='bbox 415 222 548 262; x_wconf 73' lang='lat' dir='ltr'>uidere</span> <span class='ocrx_word' id='word_1_7' title='bbox 578 222 670 262; x_wconf 80' lang='lat' dir='ltr'>inde</span> <span class='ocrx_word' id='word_1_8' title='bbox 696 235 806 267; x_wconf 75' lang='lat' dir='ltr'>cssc;</span> <span class='ocrx_word' id='word_1_9' title='bbox 836 234 927 260; x_wconf 85' lang='lat' dir='ltr'>nam</span> <span class='ocrx_word' id='word_1_10' title='bbox 957 221 1050 259; x_wconf 84' lang='lat' dir='ltr'>olim</span> <span class='ocrx_word' id='word_1_11' title='bbox 1079 234 1200 272; x_wconf 82' lang='lat' dir='ltr'>quom</span> <span class='ocrx_word' id='word_1_12' title='bbox 1231 221 1336 267; x_wconf 83' lang='lat' dir='ltr'>abiit,</span> <span class='ocrx_word' id='word_1_13' title='bbox 1363 230 1583 271; x_wconf 69' lang='lat' dir='ltr'>argen1030</span> 
     </span>
     <span class='ocr_line' id='line_1_3' title="bbox 1322 286 1523 325; baseline -0.005 -1"><span class='ocrx_word' id='word_1_14' title='bbox 1322 287 1418 325; x_wconf 82' lang='lat' dir='ltr'>hacc</span> <span class='ocrx_word' id='word_1_15' title='bbox 1440 286 1523 325; x_wconf 58' lang='lat' dir='ltr'>dics·</span> 
     </span>
     <span class='ocr_line' id='line_1_4' title="bbox 197 351 1395 403; baseline -0.001 -12"><span class='ocrx_word' id='word_1_16' title='bbox 197 353 470 402; x_wconf 80' lang='lat' dir='ltr'>praestitutast,</span> <span class='ocrx_word' id='word_1_17' title='bbox 494 354 627 403; x_wconf 81' lang='lat' dir='ltr'>quoad</span> <span class='ocrx_word' id='word_1_18' title='bbox 648 354 803 392; x_wconf 77' lang='lat' dir='ltr'>referret</span> <span class='ocrx_word' id='word_1_19' title='bbox 823 351 948 398; x_wconf 78' lang='lat' dir='ltr'>nobis,</span> <span class='ocrx_word' id='word_1_20' title='bbox 972 365 1102 402; x_wconf 88' lang='lat' dir='ltr'>neque</span> <span class='ocrx_word' id='word_1_21' title='bbox 1122 352 1218 391; x_wconf 87' lang='lat' dir='ltr'>dum</span> <span class='ocrx_word' id='word_1_22' title='bbox 1240 351 1395 390; x_wconf 88' lang='lat' dir='ltr'>rettulit.</span> 
     </span>
     <span class='ocr_line' id='line_1_5' title="bbox 65 418 1518 469; baseline -0.002 -10"><span class='ocrx_word' id='word_1_23' title='bbox 65 425 174 469; x_wconf 59' lang='lat'>6²45</span> <span class='ocrx_word' id='word_1_24' title='bbox 198 420 277 457; x_wconf 68' lang='lat' dir='ltr'>HA.</span> <span class='ocrx_word' id='word_1_25' title='bbox 311 419 431 457; x_wconf 88' lang='lat' dir='ltr'>immo</span> <span class='ocrx_word' id='word_1_26' title='bbox 470 421 592 459; x_wconf 86' lang='lat' dir='ltr'>adest.</span> <span class='ocrx_word' id='word_1_27' title='bbox 653 421 714 458; x_wconf 64' lang='grc' dir='ltr'>ΡΞ.</span> <span class='ocrx_word' id='word_1_28' title='bbox 748 427 816 458; x_wconf 89' lang='lat' dir='ltr'>tun</span> <span class='ocrx_word' id='word_1_29' title='bbox 855 418 1048 458; x_wconf 78' lang='lat' dir='ltr'>attulisti?</span> <span class='ocrx_word' id='word_1_30' title='bbox 1106 420 1187 457; x_wconf 70' lang='lat' dir='ltr'>HA.</span> <span class='ocrx_word' id='word_1_31' title='bbox 1220 418 1384 469; x_wconf 84' lang='lat' dir='ltr'>e&#39;gomet.</span> <span class='ocrx_word' id='word_1_32' title='bbox 1458 420 1518 457; x_wconf 86' lang='lat' dir='ltr'>Ps.</span> 
     </span>
     <span class='ocr_line' id='line_1_6' title="bbox 1107 483 1522 534; baseline 0.002 -13"><span class='ocrx_word' id='word_1_33' title='bbox 1107 483 1203 534; x_wconf 92' lang='lat' dir='ltr'>quid</span> <span class='ocrx_word' id='word_1_34' title='bbox 1223 484 1380 523; x_wconf 81' lang='lat' dir='ltr'>dubitas</span> <span class='ocrx_word' id='word_1_35' title='bbox 1401 484 1522 523; x_wconf 88' lang='lat' dir='ltr'>dare?</span> 
     </span>
     <span class='ocr_line' id='line_1_7' title="bbox 198 549 1521 599; baseline 0.002 -13"><span class='ocrx_word' id='word_1_36' title='bbox 198 550 277 587; x_wconf 73' lang='lat' dir='ltr'>HA.</span> <span class='ocrx_word' id='word_1_37' title='bbox 310 549 380 588; x_wconf 86' lang='lat' dir='ltr'>tibi</span> <span class='ocrx_word' id='word_1_38' title='bbox 401 563 474 599; x_wconf 86' lang='lat' dir='ltr'>ego</span> <span class='ocrx_word' id='word_1_39' title='bbox 494 551 615 589; x_wconf 85' lang='lat' dir='ltr'>dem?</span> <span class='ocrx_word' id='word_1_40' title='bbox 673 552 734 587; x_wconf 50' lang='grc' dir='ltr'>ΡΞ.</span> <span class='ocrx_word' id='word_1_41' title='bbox 768 549 862 587; x_wconf 89' lang='lat' dir='ltr'>mihi</span> <span class='ocrx_word' id='word_1_42' title='bbox 884 550 1014 588; x_wconf 85' lang='lat' dir='ltr'>hercle</span> <span class='ocrx_word' id='word_1_43' title='bbox 1035 562 1139 596; x_wconf 88' lang='lat' dir='ltr'>uero,</span> <span class='ocrx_word' id='word_1_44' title='bbox 1163 549 1228 599; x_wconf 87' lang='lat' dir='ltr'>qui</span> <span class='ocrx_word' id='word_1_45' title='bbox 1258 563 1316 588; x_wconf 92' lang='lat' dir='ltr'>res</span> <span class='ocrx_word' id='word_1_46' title='bbox 1338 549 1521 589; x_wconf 87' lang='lat' dir='ltr'>rationes-</span> 
     </span>
     <span class='ocr_line' id='line_1_8' title="bbox 1370 615 1520 664; baseline 0 -11"><span class='ocrx_word' id='word_1_47' title='bbox 1370 627 1447 664; x_wconf 91' lang='lat' dir='ltr'>que</span> <span class='ocrx_word' id='word_1_48' title='bbox 1467 615 1520 653; x_wconf 87' lang='lat' dir='ltr'>eri</span> 
     </span>
     <span class='ocr_line' id='line_1_9' title="bbox 195 678 1520 730; baseline -0.001 -11"><span class='ocrx_word' id='word_1_49' title='bbox 195 678 412 719; x_wconf 86' lang='lat' dir='ltr'>†Ballionis</span> <span class='ocrx_word' id='word_1_50' title='bbox 442 693 546 727; x_wconf 85' lang='lat' dir='ltr'>curo,</span> <span class='ocrx_word' id='word_1_51' title='bbox 570 688 773 730; x_wconf 78' lang='lat' dir='ltr'>argentum</span> <span class='ocrx_word' id='word_1_52' title='bbox 803 687 978 730; x_wconf 88' lang='lat' dir='ltr'>accepto,</span> <span class='ocrx_word' id='word_1_53' title='bbox 1009 693 1182 729; x_wconf 78' lang='lat' dir='ltr'>expenso</span> <span class='ocrx_word' id='word_1_54' title='bbox 1212 687 1249 718; x_wconf 88' lang='lat' dir='ltr'>et</span> <span class='ocrx_word' id='word_1_55' title='bbox 1279 679 1372 730; x_wconf 90' lang='lat' dir='ltr'>quoi</span> <span class='ocrx_word' id='word_1_56' title='bbox 1402 680 1520 718; x_wconf 90' lang='lat' dir='ltr'>debet</span> 
     </span>
     <span class='ocr_line' id='line_1_10' title="bbox 1389 745 1517 784; baseline 0 -1"><span class='ocrx_word' id='word_1_57' title='bbox 1389 745 1517 784; x_wconf 85' lang='lat' dir='ltr'>dato†.</span> 
     </span>
     <span class='ocr_line' id='line_1_11' title="bbox 195 809 1577 860; baseline 0.001 -13"><span class='ocrx_word' id='word_1_58' title='bbox 195 811 275 848; x_wconf 65' lang='lat' dir='ltr'>HA.</span> <span class='ocrx_word' id='word_1_59' title='bbox 307 809 520 860; x_wconf 77' lang='lat' dir='ltr'>siquidem</span> <span class='ocrx_word' id='word_1_60' title='bbox 548 811 678 849; x_wconf 86' lang='lat' dir='ltr'>hercle</span> <span class='ocrx_word' id='word_1_61' title='bbox 709 810 827 849; x_wconf 84' lang='lat' dir='ltr'>etiarn</span> <span class='ocrx_word' id='word_1_62' title='bbox 855 809 1025 860; x_wconf 77' lang='lat' dir='ltr'>supremi</span> <span class='ocrx_word' id='word_1_63' title='bbox 1057 816 1256 860; x_wconf 85' lang='lat' dir='ltr'>promptas</span> <span class='ocrx_word' id='word_1_64' title='bbox 1286 810 1519 849; x_wconf 81' lang='lat' dir='ltr'>thensauros</span> <span class='ocrx_word' id='word_1_65' title='bbox 1539 823 1577 855; x_wconf 77' lang='lat'>35</span> 
     </span>
     <span class='ocr_line' id='line_1_12' title="bbox 1398 873 1518 921; baseline -0.008 -8"><span class='ocrx_word' id='word_1_66' title='bbox 1398 873 1518 921; x_wconf 90' lang='lat' dir='ltr'>Iouis,</span> 
     </span>
     <span class='ocr_line' id='line_1_13' title="bbox 193 940 1516 991; baseline 0 -13"><span class='ocrx_word' id='word_1_67' title='bbox 193 940 263 978; x_wconf 89' lang='lat' dir='ltr'>tibi</span> <span class='ocrx_word' id='word_1_68' title='bbox 279 940 451 980; x_wconf 83' lang='lat' dir='ltr'>libellam</span> <span class='ocrx_word' id='word_1_69' title='bbox 466 941 614 991; x_wconf 83' lang='lat' dir='ltr'>argenti</span> <span class='ocrx_word' id='word_1_70' title='bbox 629 953 846 990; x_wconf 84' lang='lat' dir='ltr'>numquam</span> <span class='ocrx_word' id='word_1_71' title='bbox 864 941 1032 978; x_wconf 85' lang='lat' dir='ltr'>credam.</span> <span class='ocrx_word' id='word_1_72' title='bbox 1076 941 1136 977; x_wconf 64' lang='lat' dir='ltr'>Ps.</span> <span class='ocrx_word' id='word_1_73' title='bbox 1161 940 1256 978; x_wconf 88' lang='lat' dir='ltr'>dum</span> <span class='ocrx_word' id='word_1_74' title='bbox 1271 946 1312 978; x_wconf 89' lang='lat' dir='ltr'>tu</span> <span class='ocrx_word' id='word_1_75' title='bbox 1330 947 1516 987; x_wconf 79' lang='lat' dir='ltr'>sternuas‚</span> 
     </span>
     <span class='ocr_line' id='line_1_14' title="bbox 104 1004 1312 1056; baseline -0.002 -11"><span class='ocrx_word' id='word_1_76' title='bbox 104 1010 173 1054; x_wconf 85' lang='lat'>630</span> <span class='ocrx_word' id='word_1_77' title='bbox 192 1018 251 1044; x_wconf 91' lang='lat' dir='ltr'>res</span> <span class='ocrx_word' id='word_1_78' title='bbox 271 1005 341 1044; x_wconf 92' lang='lat' dir='ltr'>erit</span> <span class='ocrx_word' id='word_1_79' title='bbox 361 1007 498 1045; x_wconf 85' lang='lat' dir='ltr'>soluta.</span> <span class='ocrx_word' id='word_1_80' title='bbox 559 1007 639 1044; x_wconf 72' lang='lat' dir='ltr'>HA.</span> <span class='ocrx_word' id='word_1_81' title='bbox 672 1005 846 1044; x_wconf 86' lang='lat' dir='ltr'>uinctam</span> <span class='ocrx_word' id='word_1_82' title='bbox 867 1004 998 1056; x_wconf 89' lang='lat' dir='ltr'>potius</span> <span class='ocrx_word' id='word_1_83' title='bbox 1019 1004 1074 1043; x_wconf 89' lang='lat' dir='ltr'>sic</span> <span class='ocrx_word' id='word_1_84' title='bbox 1095 1017 1312 1044; x_wconf 87' lang='lat' dir='ltr'>seruauero.</span> 
     </span>
     <span class='ocr_line' id='line_1_15' title="bbox 191 1069 1449 1120; baseline 0 -11"><span class='ocrx_word' id='word_1_85' title='bbox 191 1072 253 1109; x_wconf 85' lang='lat' dir='ltr'>PS.</span> <span class='ocrx_word' id='word_1_86' title='bbox 285 1083 358 1109; x_wconf 89' lang='lat' dir='ltr'>uae</span> <span class='ocrx_word' id='word_1_87' title='bbox 378 1070 448 1109; x_wconf 90' lang='lat' dir='ltr'>tibi</span> <span class='ocrx_word' id='word_1_88' title='bbox 466 1074 472 1109; x_wconf 74' lang='lat' dir='ltr'>l</span> <span class='ocrx_word' id='word_1_89' title='bbox 502 1078 544 1109; x_wconf 91' lang='lat' dir='ltr'>tu</span> <span class='ocrx_word' id='word_1_90' title='bbox 561 1070 755 1109; x_wconf 85' lang='lat' dir='ltr'>inuentu&#39;s</span> <span class='ocrx_word' id='word_1_91' title='bbox 777 1083 870 1109; x_wconf 90' lang='lat' dir='ltr'>uero</span> <span class='ocrx_word' id='word_1_92' title='bbox 891 1083 1020 1109; x_wconf 88' lang='lat' dir='ltr'>meam</span> <span class='ocrx_word' id='word_1_93' title='bbox 1042 1069 1109 1120; x_wconf 92' lang='lat' dir='ltr'>qui</span> <span class='ocrx_word' id='word_1_94' title='bbox 1129 1069 1299 1109; x_wconf 85' lang='lat' dir='ltr'>furcilles</span> <span class='ocrx_word' id='word_1_95' title='bbox 1320 1071 1449 1110; x_wconf 90' lang='lat' dir='ltr'>fidem.</span> 
     </span>
     <span class='ocr_line' id='line_1_16' title="bbox 189 1134 1246 1185; baseline 0.001 -12"><span class='ocrx_word' id='word_1_96' title='bbox 189 1134 300 1185; x_wconf 85' lang='lat' dir='ltr'>quasi</span> <span class='ocrx_word' id='word_1_97' title='bbox 321 1135 373 1173; x_wconf 89' lang='lat' dir='ltr'>mi</span> <span class='ocrx_word' id='word_1_98' title='bbox 395 1149 475 1174; x_wconf 89' lang='lat' dir='ltr'>non</span> <span class='ocrx_word' id='word_1_99' title='bbox 496 1143 674 1175; x_wconf 84' lang='lat' dir='ltr'>sescenta</span> <span class='ocrx_word' id='word_1_100' title='bbox 695 1142 803 1174; x_wconf 88' lang='lat' dir='ltr'>tanta</span> <span class='ocrx_word' id='word_1_101' title='bbox 823 1134 896 1173; x_wconf 88' lang='lat' dir='ltr'>soli</span> <span class='ocrx_word' id='word_1_102' title='bbox 916 1136 1067 1174; x_wconf 80' lang='lat' dir='ltr'>soleant</span> <span class='ocrx_word' id='word_1_103' title='bbox 1088 1134 1246 1175; x_wconf 85' lang='lat' dir='ltr'>credier.</span> 
     </span>
     <span class='ocr_line' id='line_1_17' title="bbox 191 1200 1580 1252; baseline 0.004 -14"><span class='ocrx_word' id='word_1_104' title='bbox 191 1201 272 1239; x_wconf 70' lang='lat' dir='ltr'>HA.</span> <span class='ocrx_word' id='word_1_105' title='bbox 303 1208 432 1250; x_wconf 86' lang='lat' dir='ltr'>potest</span> <span class='ocrx_word' id='word_1_106' title='bbox 453 1208 495 1239; x_wconf 91' lang='lat' dir='ltr'>ut</span> <span class='ocrx_word' id='word_1_107' title='bbox 514 1200 579 1239; x_wconf 88' lang='lat' dir='ltr'>alii</span> <span class='ocrx_word' id='word_1_108' title='bbox 601 1201 653 1239; x_wconf 89' lang='lat' dir='ltr'>ita</span> <span class='ocrx_word' id='word_1_109' title='bbox 673 1200 908 1239; x_wconf 86' lang='lat' dir='ltr'>arbitrentur</span> <span class='ocrx_word' id='word_1_110' title='bbox 929 1208 966 1239; x_wconf 86' lang='lat' dir='ltr'>et</span> <span class='ocrx_word' id='word_1_111' title='bbox 987 1213 1059 1251; x_wconf 87' lang='lat' dir='ltr'>ego</span> <span class='ocrx_word' id='word_1_112' title='bbox 1081 1207 1123 1239; x_wconf 84' lang='lat' dir='ltr'>ut</span> <span class='ocrx_word' id='word_1_113' title='bbox 1143 1213 1193 1239; x_wconf 89' lang='lat' dir='ltr'>ne</span> <span class='ocrx_word' id='word_1_114' title='bbox 1214 1202 1370 1240; x_wconf 85' lang='lat' dir='ltr'>credam</span> <span class='ocrx_word' id='word_1_115' title='bbox 1393 1202 1474 1241; x_wconf 89' lang='lat' dir='ltr'>tibi.</span> <span class='ocrx_word' id='word_1_116' title='bbox 1537 1219 1580 1252; x_wconf 88' lang='lat'>40</span> 
     </span>
     <span class='ocr_line' id='line_1_18' title="bbox 190 1265 1353 1316; baseline 0.002 -13"><span class='ocrx_word' id='word_1_117' title='bbox 190 1267 252 1303; x_wconf 85' lang='lat' dir='ltr'>Ps.</span> <span class='ocrx_word' id='word_1_118' title='bbox 285 1265 395 1316; x_wconf 82' lang='lat' dir='ltr'>quasi</span> <span class='ocrx_word' id='word_1_119' title='bbox 415 1274 457 1304; x_wconf 92' lang='lat' dir='ltr'>tu</span> <span class='ocrx_word' id='word_1_120' title='bbox 477 1265 584 1305; x_wconf 84' lang='lat' dir='ltr'>dicas</span> <span class='ocrx_word' id='word_1_121' title='bbox 606 1280 668 1305; x_wconf 88' lang='lat' dir='ltr'>me</span> <span class='ocrx_word' id='word_1_122' title='bbox 689 1274 727 1305; x_wconf 87' lang='lat' dir='ltr'>te</span> <span class='ocrx_word' id='word_1_123' title='bbox 747 1267 849 1305; x_wconf 88' lang='lat' dir='ltr'>uelle</span> <span class='ocrx_word' id='word_1_124' title='bbox 868 1273 1029 1316; x_wconf 88' lang='lat' dir='ltr'>argento</span> <span class='ocrx_word' id='word_1_125' title='bbox 1050 1265 1353 1305; x_wconf 87' lang='lat' dir='ltr'>circumducere.</span> 
     </span>
     <span class='ocr_line' id='line_1_19' title="bbox 102 1330 1519 1382; baseline 0.003 -14"><span class='ocrx_word' id='word_1_126' title='bbox 102 1332 169 1378; x_wconf 83' lang='lat'>635</span> <span class='ocrx_word' id='word_1_127' title='bbox 191 1331 271 1369; x_wconf 73' lang='lat' dir='ltr'>HA.</span> <span class='ocrx_word' id='word_1_128' title='bbox 304 1330 426 1370; x_wconf 88' lang='lat' dir='ltr'>immo</span> <span class='ocrx_word' id='word_1_129' title='bbox 455 1344 549 1371; x_wconf 91' lang='lat' dir='ltr'>uero</span> <span class='ocrx_word' id='word_1_130' title='bbox 574 1331 685 1382; x_wconf 83' lang='lat' dir='ltr'>quasi</span> <span class='ocrx_word' id='word_1_131' title='bbox 715 1339 756 1370; x_wconf 84' lang='lat' dir='ltr'>tu</span> <span class='ocrx_word' id='word_1_132' title='bbox 783 1330 891 1370; x_wconf 87' lang='lat' dir='ltr'>dicas</span> <span class='ocrx_word' id='word_1_133' title='bbox 913 1331 1104 1382; x_wconf 86' lang='lat' dir='ltr'>quasique</span> <span class='ocrx_word' id='word_1_134' title='bbox 1131 1344 1204 1382; x_wconf 85' lang='lat' dir='ltr'>ego</span> <span class='ocrx_word' id='word_1_135' title='bbox 1233 1338 1365 1371; x_wconf 87' lang='lat' dir='ltr'>autem</span> <span class='ocrx_word' id='word_1_136' title='bbox 1393 1332 1433 1372; x_wconf 89' lang='lat' dir='ltr'>id</span> <span class='ocrx_word' id='word_1_137' title='bbox 1460 1346 1519 1372; x_wconf 90' lang='lat' dir='ltr'>su-</span> 
     </span>
     <span class='ocr_line' id='line_1_20' title="bbox 1379 1397 1515 1448; baseline 0.007 -12"><span class='ocrx_word' id='word_1_138' title='bbox 1379 1397 1515 1448; x_wconf 92' lang='lat' dir='ltr'>spicer.</span> 
     </span>
     <span class='ocr_line' id='line_1_21' title="bbox 187 1461 1515 1511; baseline 0.002 -12"><span class='ocrx_word' id='word_1_139' title='bbox 187 1462 257 1500; x_wconf 88' lang='lat' dir='ltr'>sed</span> <span class='ocrx_word' id='word_1_140' title='bbox 278 1461 374 1511; x_wconf 90' lang='lat' dir='ltr'>quid</span> <span class='ocrx_word' id='word_1_141' title='bbox 394 1468 452 1501; x_wconf 88' lang='lat' dir='ltr'>est</span> <span class='ocrx_word' id='word_1_142' title='bbox 473 1461 544 1501; x_wconf 90' lang='lat' dir='ltr'>tibi</span> <span class='ocrx_word' id='word_1_143' title='bbox 565 1463 744 1501; x_wconf 87' lang='lat' dir='ltr'>nornen?</span> <span class='ocrx_word' id='word_1_144' title='bbox 788 1464 851 1500; x_wconf 83' lang='lat' dir='ltr'>Ps.</span> <span class='ocrx_word' id='word_1_145' title='bbox 884 1474 1018 1501; x_wconf 87' lang='lat' dir='ltr'>seruos</span> <span class='ocrx_word' id='word_1_146' title='bbox 1039 1469 1098 1500; x_wconf 81' lang='lat' dir='ltr'>est</span> <span class='ocrx_word' id='word_1_147' title='bbox 1119 1461 1211 1500; x_wconf 89' lang='lat' dir='ltr'>huic</span> <span class='ocrx_word' id='word_1_148' title='bbox 1231 1462 1364 1501; x_wconf 89' lang='lat' dir='ltr'>lenoni</span> <span class='ocrx_word' id='word_1_149' title='bbox 1385 1464 1515 1511; x_wconf 82' lang='lat' dir='ltr'>Surus,</span> 
     </span>
     <span class='ocr_line' id='line_1_22' title="bbox 187 1526 1518 1568; baseline 0.003 -4"><span class='ocrx_word' id='word_1_150' title='bbox 187 1540 278 1565; x_wconf 88' lang='lat' dir='ltr'>eum</span> <span class='ocrx_word' id='word_1_151' title='bbox 299 1540 384 1566; x_wconf 81' lang='lat' dir='ltr'>esse</span> <span class='ocrx_word' id='word_1_152' title='bbox 405 1540 467 1566; x_wconf 85' lang='lat' dir='ltr'>me</span> <span class='ocrx_word' id='word_1_153' title='bbox 488 1526 628 1567; x_wconf 88' lang='lat' dir='ltr'>dicam.</span> <span class='ocrx_word' id='word_1_154' title='bbox 689 1528 809 1567; x_wconf 89' lang='lat' dir='ltr'>Surus</span> <span class='ocrx_word' id='word_1_155' title='bbox 826 1540 924 1566; x_wconf 84' lang='lat' dir='ltr'>sum.</span> <span class='ocrx_word' id='word_1_156' title='bbox 985 1528 1066 1565; x_wconf 73' lang='lat' dir='ltr'>HA.</span> <span class='ocrx_word' id='word_1_157' title='bbox 1098 1528 1247 1566; x_wconf 82' lang='lat' dir='ltr'>Surus?</span> <span class='ocrx_word' id='word_1_158' title='bbox 1306 1529 1366 1566; x_wconf 87' lang='lat' dir='ltr'>Ps.</span> <span class='ocrx_word' id='word_1_159' title='bbox 1399 1527 1439 1567; x_wconf 89' lang='lat' dir='ltr'>id</span> <span class='ocrx_word' id='word_1_160' title='bbox 1460 1536 1518 1568; x_wconf 85' lang='lat' dir='ltr'>est</span> 
     </span>
     <span class='ocr_line' id='line_1_23' title="bbox 1239 1594 1513 1633; baseline 0.011 -3"><span class='ocrx_word' id='word_1_161' title='bbox 1239 1606 1386 1632; x_wconf 88' lang='lat' dir='ltr'>nomen</span> <span class='ocrx_word' id='word_1_162' title='bbox 1407 1594 1513 1633; x_wconf 83' lang='lat' dir='ltr'>mihi.</span> 
     </span>
     <span class='ocr_line' id='line_1_24' title="bbox 189 1657 1577 1710; baseline 0.001 -14"><span class='ocrx_word' id='word_1_163' title='bbox 189 1659 269 1696; x_wconf 67' lang='lat' dir='ltr'>HA.</span> <span class='ocrx_word' id='word_1_164' title='bbox 302 1658 423 1697; x_wconf 85' lang='lat' dir='ltr'>uerba</span> <span class='ocrx_word' id='word_1_165' title='bbox 442 1660 565 1696; x_wconf 87' lang='lat' dir='ltr'>multa</span> <span class='ocrx_word' id='word_1_166' title='bbox 588 1657 762 1697; x_wconf 86' lang='lat' dir='ltr'>facimus.</span> <span class='ocrx_word' id='word_1_167' title='bbox 823 1659 900 1697; x_wconf 89' lang='lat' dir='ltr'>eru&#39;</span> <span class='ocrx_word' id='word_1_168' title='bbox 921 1658 951 1696; x_wconf 90' lang='lat' dir='ltr'>si</span> <span class='ocrx_word' id='word_1_169' title='bbox 974 1659 1052 1697; x_wconf 86' lang='lat' dir='ltr'>tuo&#39;</span> <span class='ocrx_word' id='word_1_170' title='bbox 1079 1657 1189 1697; x_wconf 89' lang='lat' dir='ltr'>domi</span> <span class='ocrx_word' id='word_1_171' title='bbox 1216 1666 1287 1706; x_wconf 77' lang='lat' dir='ltr'>est,</span> <span class='ocrx_word' id='word_1_172' title='bbox 1308 1658 1403 1710; x_wconf 90' lang='lat' dir='ltr'>quin</span> <span class='ocrx_word' id='word_1_173' title='bbox 1433 1673 1517 1710; x_wconf 91' lang='lat' dir='ltr'>pro·</span> <span class='ocrx_word' id='word_1_174' title='bbox 1538 1677 1577 1708; x_wconf 84' lang='lat'>45</span> 
     </span>
     <span class='ocr_line' id='line_1_25' title="bbox 551 1717 1512 1773; baseline 0.001 -10"><span class='ocrx_word' id='word_1_175' title='bbox 551 1717 554 1720; x_wconf 36' lang='lat'><strong>⁴</strong></span> <span class='ocrx_word' id='word_1_176' title='bbox 1382 1738 1512 1773; x_wconf 79' lang='lat' dir='ltr'>uocaS‚</span> 
     </span>
     <span class='ocr_line' id='line_1_26' title="bbox 188 1788 1516 1840; baseline 0.002 -14"><span class='ocrx_word' id='word_1_177' title='bbox 188 1796 230 1826; x_wconf 87' lang='lat' dir='ltr'>ut</span> <span class='ocrx_word' id='word_1_178' title='bbox 251 1788 290 1827; x_wconf 91' lang='lat' dir='ltr'>id</span> <span class='ocrx_word' id='word_1_179' title='bbox 310 1801 422 1839; x_wconf 84' lang='lat' dir='ltr'>agam</span> <span class='ocrx_word' id='word_1_180' title='bbox 444 1790 551 1839; x_wconf 89' lang='lat' dir='ltr'>quod</span> <span class='ocrx_word' id='word_1_181' title='bbox 573 1788 714 1828; x_wconf 80' lang='lat' dir='ltr'>missus</span> <span class='ocrx_word' id='word_1_182' title='bbox 734 1790 811 1828; x_wconf 88' lang='lat' dir='ltr'>huc</span> <span class='ocrx_word' id='word_1_183' title='bbox 832 1790 949 1827; x_wconf 84' lang='lat' dir='ltr'>sum?</span> <span class='ocrx_word' id='word_1_184' title='bbox 990 1791 1050 1827; x_wconf 79' lang='lat' dir='ltr'>Ps.</span> <span class='ocrx_word' id='word_1_185' title='bbox 1075 1788 1269 1840; x_wconf 88' lang='lat' dir='ltr'>quidquid</span> <span class='ocrx_word' id='word_1_186' title='bbox 1291 1796 1348 1828; x_wconf 89' lang='lat' dir='ltr'>est</span> <span class='ocrx_word' id='word_1_187' title='bbox 1369 1802 1516 1829; x_wconf 90' lang='lat' dir='ltr'>nomen</span> 
     </span>
     <span class='ocr_line' id='line_1_27' title="bbox 1431 1855 1512 1904; baseline -0.012 -10"><span class='ocrx_word' id='word_1_188' title='bbox 1431 1855 1512 1904; x_wconf 86' lang='lat' dir='ltr'>tibi,</span> 
     </span>
     <span class='ocr_line' id='line_1_28' title="bbox 101 1918 1289 1967; baseline 0.005 -12"><span class='ocrx_word' id='word_1_189' title='bbox 101 1919 173 1964; x_wconf 81' lang='lat'>640</span> <span class='ocrx_word' id='word_1_190' title='bbox 189 1918 220 1957; x_wconf 89' lang='lat' dir='ltr'>si</span> <span class='ocrx_word' id='word_1_191' title='bbox 240 1918 345 1958; x_wconf 87' lang='lat' dir='ltr'>intus</span> <span class='ocrx_word' id='word_1_192' title='bbox 365 1927 477 1967; x_wconf 83' lang='lat' dir='ltr'>esset,</span> <span class='ocrx_word' id='word_1_193' title='bbox 501 1933 717 1959; x_wconf 87' lang='lat' dir='ltr'>euocarem.</span> <span class='ocrx_word' id='word_1_194' title='bbox 778 1933 914 1959; x_wconf 88' lang='lat' dir='ltr'>uerum</span> <span class='ocrx_word' id='word_1_195' title='bbox 936 1919 965 1957; x_wconf 85' lang='lat' dir='ltr'>si</span> <span class='ocrx_word' id='word_1_196' title='bbox 987 1921 1079 1958; x_wconf 87' lang='lat' dir='ltr'>dare</span> <span class='ocrx_word' id='word_1_197' title='bbox 1100 1919 1158 1958; x_wconf 89' lang='lat' dir='ltr'>uis</span> <span class='ocrx_word' id='word_1_198' title='bbox 1180 1919 1289 1967; x_wconf 72' lang='lat' dir='ltr'>mihi,</span> 
     </span>
    </p>
   </div>
   <div class='ocr_carea' id='block_1_3' title="bbox 187 2023 1516 2415">
    <p class='ocr_par' dir='ltr' id='par_1_3' title="bbox 187 2023 1516 2415">
     <span class='ocr_line' id='line_1_29' title="bbox 230 2023 1515 2065; baseline 0.002 -12"><span class='ocrx_word' id='word_1_199' title='bbox 230 2024 295 2054; x_wconf 87' lang='lat'>622</span> <span class='ocrx_word' id='word_1_200' title='bbox 318 2023 372 2054; x_wconf 86' lang='lat' dir='ltr'>hic</span> <span class='ocrx_word' id='word_1_201' title='bbox 390 2023 422 2053; x_wconf 84' lang='lat' dir='ltr'><em>P</em></span> <span class='ocrx_word' id='word_1_202' title='bbox 550 2026 624 2065; x_wconf 88' lang='lat'><strong>624,</strong></span> <span class='ocrx_word' id='word_1_203' title='bbox 643 2026 707 2064; x_wconf 86' lang='lat'>625</span> <span class='ocrx_word' id='word_1_204' title='bbox 732 2024 897 2064; x_wconf 64' lang='lat' dir='ltr'>attulisgin</span> <span class='ocrx_word' id='word_1_205' title='bbox 914 2023 947 2054; x_wconf 89' lang='lat' dir='ltr'><em>A</em></span> <span class='ocrx_word' id='word_1_206' title='bbox 969 2024 1005 2064; x_wconf 68' lang='lat' dir='ltr'>(i.</span> <span class='ocrx_word' id='word_1_207' title='bbox 1019 2034 1043 2054; x_wconf 90' lang='lat' dir='ltr'>e.</span> <span class='ocrx_word' id='word_1_208' title='bbox 1061 2025 1140 2056; x_wconf 70' lang='lat' dir='ltr'>tun?</span> <span class='ocrx_word' id='word_1_209' title='bbox 1158 2023 1320 2055; x_wconf 77' lang='lat' dir='ltr'>attulistin</span> <span class='ocrx_word' id='word_1_210' title='bbox 1335 2025 1360 2063; x_wconf 71' lang='lat'>2)</span> <span class='ocrx_word' id='word_1_211' title='bbox 1450 2025 1515 2056; x_wconf 86' lang='lat'>626</span> 
     </span>
     <span class='ocr_line' id='line_1_30' title="bbox 187 2066 1512 2109; baseline 0.002 -12"><span class='ocrx_word' id='word_1_212' title='bbox 187 2066 268 2108; x_wconf 88' lang='lat' dir='ltr'>ego]</span> <span class='ocrx_word' id='word_1_213' title='bbox 296 2067 410 2098; x_wconf 87' lang='lat' dir='ltr'>hercle</span> <span class='ocrx_word' id='word_1_214' title='bbox 432 2066 466 2097; x_wconf 88' lang='lat' dir='ltr'><em>A</em></span> <span class='ocrx_word' id='word_1_215' title='bbox 497 2068 543 2109; x_wconf 89' lang='lat' dir='ltr'>(v.</span> <span class='ocrx_word' id='word_1_216' title='bbox 569 2069 606 2106; x_wconf 71' lang='lat'>4)</span> <span class='ocrx_word' id='word_1_217' title='bbox 750 2069 812 2108; x_wconf 87' lang='lat'>627</span> <span class='ocrx_word' id='word_1_218' title='bbox 827 2068 910 2108; x_wconf 78' lang='lat' dir='ltr'><em>fort.</em></span> <span class='ocrx_word' id='word_1_219' title='bbox 939 2067 1067 2107; x_wconf 72' lang='lat' dir='ltr'>cozfial.</span> <span class='ocrx_word' id='word_1_220' title='bbox 1096 2078 1135 2098; x_wconf 66' lang='lat' dir='ltr'>esc</span> <span class='ocrx_word' id='word_1_221' title='bbox 1160 2067 1281 2108; x_wconf 82' lang='lat' dir='ltr'>duplici</span> <span class='ocrx_word' id='word_1_222' title='bbox 1306 2067 1432 2099; x_wconf 79' lang='lat' dir='ltr'>lectione</span> <span class='ocrx_word' id='word_1_223' title='bbox 1461 2069 1512 2109; x_wconf 93' lang='lat'>(1)</span> 
     </span>
     <span class='ocr_line' id='line_1_31' title="bbox 187 2111 1515 2153; baseline 0.002 -12"><span class='ocrx_word' id='word_1_224' title='bbox 187 2115 326 2152; x_wconf 89' lang='lat' dir='ltr'>accepto</span> <span class='ocrx_word' id='word_1_225' title='bbox 343 2115 378 2142; x_wconf 89' lang='lat' dir='ltr'>et</span> <span class='ocrx_word' id='word_1_226' title='bbox 394 2111 473 2151; x_wconf 88' lang='lat' dir='ltr'>quoi</span> <span class='ocrx_word' id='word_1_227' title='bbox 491 2111 590 2143; x_wconf 88' lang='lat' dir='ltr'>debet</span> <span class='ocrx_word' id='word_1_228' title='bbox 606 2112 697 2152; x_wconf 89' lang='lat' dir='ltr'>dato,</span> <span class='ocrx_word' id='word_1_229' title='bbox 716 2112 766 2153; x_wconf 79' lang='lat'>(2)</span> <span class='ocrx_word' id='word_1_230' title='bbox 785 2116 936 2151; x_wconf 86' lang='lat' dir='ltr'>accepto,</span> <span class='ocrx_word' id='word_1_231' title='bbox 956 2121 1111 2151; x_wconf 82' lang='lat' dir='ltr'>expenso</span> <span class='ocrx_word' id='word_1_232' title='bbox 1137 2116 1170 2142; x_wconf 89' lang='lat' dir='ltr'>et</span> <span class='ocrx_word' id='word_1_233' title='bbox 1188 2111 1266 2143; x_wconf 86' lang='lat' dir='ltr'>dato</span> <span class='ocrx_word' id='word_1_234' title='bbox 1356 2112 1414 2143; x_wconf 73' lang='lat' dir='ltr'>vix</span> <span class='ocrx_word' id='word_1_235' title='bbox 1428 2111 1515 2144; x_wconf 88' lang='lat' dir='ltr'>Balli</span> 
     </span>
     <span class='ocr_line' id='line_1_32' title="bbox 190 2153 1516 2196; baseline 0.002 -12"><span class='ocrx_word' id='word_1_236' title='bbox 190 2154 239 2194; x_wconf 66' lang='lat' dir='ltr'>(qfi</span> <span class='ocrx_word' id='word_1_237' title='bbox 262 2153 405 2185; x_wconf 85' lang='lat' dir='ltr'>Tranius</span> <span class='ocrx_word' id='word_1_238' title='bbox 429 2153 526 2186; x_wconf 86' lang='lat' dir='ltr'>Most.</span> <span class='ocrx_word' id='word_1_239' title='bbox 558 2156 637 2194; x_wconf 73' lang='lat'>560)</span> <span class='ocrx_word' id='word_1_240' title='bbox 738 2165 892 2195; x_wconf 85' lang='lat' dir='ltr'>expenso</span> <span class='ocrx_word' id='word_1_241' title='bbox 923 2154 983 2187; x_wconf 84' lang='lat' dir='ltr'>del.</span> <span class='ocrx_word' id='word_1_242' title='bbox 1014 2155 1116 2186; x_wconf 80' lang='lat' dir='ltr'><em>Bothe</em></span> <span class='ocrx_word' id='word_1_243' title='bbox 1255 2155 1318 2186; x_wconf 88' lang='lat'>628</span> <span class='ocrx_word' id='word_1_244' title='bbox 1341 2161 1516 2196; x_wconf 86' lang='lat' dir='ltr'>promptes</span> 
     </span>
     <span class='ocr_line' id='line_1_33' title="bbox 187 2197 1514 2240; baseline 0.002 -12"><span class='ocrx_word' id='word_1_245' title='bbox 187 2197 357 2228; x_wconf 77' lang='lat' dir='ltr'>Acidalius</span> <span class='ocrx_word' id='word_1_246' title='bbox 387 2202 416 2228; x_wconf 85' lang='lat' dir='ltr'>ct</span> <span class='ocrx_word' id='word_1_247' title='bbox 434 2198 516 2238; x_wconf 78' lang='lat' dir='ltr'><em>sort.</em></span> <span class='ocrx_word' id='word_1_248' title='bbox 545 2199 577 2229; x_wconf 93' lang='lat' dir='ltr'><em>A</em></span> <span class='ocrx_word' id='word_1_249' title='bbox 723 2200 789 2239; x_wconf 88' lang='lat'>629</span> <span class='ocrx_word' id='word_1_250' title='bbox 812 2199 890 2230; x_wconf 91' lang='lat' dir='ltr'>dum</span> <span class='ocrx_word' id='word_1_251' title='bbox 924 2203 958 2230; x_wconf 87' lang='lat' dir='ltr'>tu</span> <span class='ocrx_word' id='word_1_252' title='bbox 987 2204 1027 2230; x_wconf 85' lang='lat' dir='ltr'>st.</span> <span class='ocrx_word' id='word_1_253' title='bbox 1057 2198 1219 2240; x_wconf 81' lang='lat' dir='ltr'>Harpagi</span> <span class='ocrx_word' id='word_1_254' title='bbox 1247 2199 1397 2230; x_wconf 74' lang='lat' dir='ltr'>tn&#39;buunt</span> <span class='ocrx_word' id='word_1_255' title='bbox 1425 2199 1514 2231; x_wconf 83' lang='lat' dir='ltr'><em>codd.</em></span> 
     </span>
     <span class='ocr_line' id='line_1_34' title="bbox 188 2241 1512 2285; baseline 0.002 -13"><span class='ocrx_word' id='word_1_256' title='bbox 188 2245 346 2272; x_wconf 85' lang='lat' dir='ltr'>strenuas</span> <span class='ocrx_word' id='word_1_257' title='bbox 361 2241 396 2272; x_wconf 88' lang='lat' dir='ltr'>P</span> <span class='ocrx_word' id='word_1_258' title='bbox 522 2244 588 2282; x_wconf 87' lang='lat'>630</span> <span class='ocrx_word' id='word_1_259' title='bbox 612 2242 757 2274; x_wconf 87' lang='lat' dir='ltr'>uinciam</span> <span class='ocrx_word' id='word_1_260' title='bbox 770 2242 804 2273; x_wconf 93' lang='lat' dir='ltr'><em>P</em></span> <span class='ocrx_word' id='word_1_261' title='bbox 931 2244 993 2282; x_wconf 84' lang='lat'>631</span> <span class='ocrx_word' id='word_1_262' title='bbox 1020 2242 1091 2282; x_wconf 75' lang='lat' dir='ltr'>uale</span> <span class='ocrx_word' id='word_1_263' title='bbox 1105 2243 1149 2273; x_wconf 86' lang='lat' dir='ltr'>ibi</span> <span class='ocrx_word' id='word_1_264' title='bbox 1161 2242 1195 2273; x_wconf 91' lang='lat' dir='ltr'><em>A</em></span> <span class='ocrx_word' id='word_1_265' title='bbox 1288 2252 1372 2274; x_wconf 87' lang='lat' dir='ltr'>uero</span> <span class='ocrx_word' id='word_1_266' title='bbox 1388 2243 1512 2285; x_wconf 83' lang='lat' dir='ltr'>meam]</span> 
     </span>
     <span class='ocr_line' id='line_1_35' title="bbox 189 2284 1514 2328; baseline 0.002 -12"><span class='ocrx_word' id='word_1_267' title='bbox 189 2284 280 2325; x_wconf 78' lang='lat' dir='ltr'>solus</span> <span class='ocrx_word' id='word_1_268' title='bbox 303 2295 492 2324; x_wconf 79' lang='lat' dir='ltr'>uerumeam</span> <span class='ocrx_word' id='word_1_269' title='bbox 511 2286 543 2316; x_wconf 93' lang='lat' dir='ltr'><em>A</em></span> <span class='ocrx_word' id='word_1_270' title='bbox 578 2291 650 2328; x_wconf 74' lang='lat' dir='ltr'>&#39;pro</span> <span class='ocrx_word' id='word_1_271' title='bbox 670 2286 772 2326; x_wconf 86' lang='lat' dir='ltr'>solus,</span> <span class='ocrx_word' id='word_1_272' title='bbox 799 2297 878 2318; x_wconf 78' lang='lat' dir='ltr'>corr.</span> <span class='ocrx_word' id='word_1_273' title='bbox 904 2287 990 2326; x_wconf 84' lang='lat' dir='ltr'>uer.)</span> <span class='ocrx_word' id='word_1_274' title='bbox 1112 2285 1259 2318; x_wconf 85' lang='lat' dir='ltr'>sorcilles</span> <span class='ocrx_word' id='word_1_275' title='bbox 1274 2286 1308 2317; x_wconf 90' lang='lat' dir='ltr'><em>P</em></span> <span class='ocrx_word' id='word_1_276' title='bbox 1449 2288 1514 2327; x_wconf 88' lang='lat'>633</span> 
     </span>
     <span class='ocr_line' id='line_1_36' title="bbox 188 2327 1510 2372; baseline 0.002 -14"><span class='ocrx_word' id='word_1_277' title='bbox 188 2327 261 2369; x_wconf 86' lang='lat' dir='ltr'>alii]</span> <span class='ocrx_word' id='word_1_278' title='bbox 279 2329 333 2360; x_wconf 83' lang='lat' dir='ltr'>aui</span> <span class='ocrx_word' id='word_1_279' title='bbox 352 2328 384 2359; x_wconf 88' lang='lat' dir='ltr'><em>P</em></span> <span class='ocrx_word' id='word_1_280' title='bbox 477 2334 512 2360; x_wconf 82' lang='lat' dir='ltr'>ut</span> <span class='ocrx_word' id='word_1_281' title='bbox 528 2340 593 2361; x_wconf 85' lang='lat' dir='ltr'>om.</span> <span class='ocrx_word' id='word_1_282' title='bbox 611 2330 643 2360; x_wconf 95' lang='lat' dir='ltr'><em>A</em></span> <span class='ocrx_word' id='word_1_283' title='bbox 768 2331 831 2370; x_wconf 81' lang='lat'>635</span> <span class='ocrx_word' id='word_1_284' title='bbox 856 2331 888 2361; x_wconf 89' lang='lat' dir='ltr'>id</span> <span class='ocrx_word' id='word_1_285' title='bbox 905 2341 972 2361; x_wconf 85' lang='lat' dir='ltr'>om.</span> <span class='ocrx_word' id='word_1_286' title='bbox 989 2330 1022 2360; x_wconf 82' lang='lat' dir='ltr'><em>A</em></span> <span class='ocrx_word' id='word_1_287' title='bbox 1146 2330 1208 2370; x_wconf 83' lang='lat'>637</span> <span class='ocrx_word' id='word_1_288' title='bbox 1233 2329 1330 2372; x_wconf 87' lang='lat' dir='ltr'>mihi]</span> <span class='ocrx_word' id='word_1_289' title='bbox 1349 2341 1460 2362; x_wconf 88' lang='lat' dir='ltr'>meum</span> <span class='ocrx_word' id='word_1_290' title='bbox 1477 2331 1510 2361; x_wconf 84' lang='lat' dir='ltr'><em>A</em></span> 
     </span>
     <span class='ocr_line' id='line_1_37' title="bbox 188 2371 1500 2415; baseline 0.002 -12"><span class='ocrx_word' id='word_1_291' title='bbox 188 2371 254 2411; x_wconf 86' lang='lat'>639</span> <span class='ocrx_word' id='word_1_292' title='bbox 277 2383 343 2411; x_wconf 90' lang='lat' dir='ltr'>quo</span> <span class='ocrx_word' id='word_1_293' title='bbox 360 2373 392 2404; x_wconf 90' lang='lat' dir='ltr'><em>P</em></span> <span class='ocrx_word' id='word_1_294' title='bbox 479 2374 532 2404; x_wconf 89' lang='lat' dir='ltr'>hic</span> <span class='ocrx_word' id='word_1_295' title='bbox 550 2373 582 2403; x_wconf 88' lang='lat' dir='ltr'><em>P</em></span> <span class='ocrx_word' id='word_1_296' title='bbox 667 2385 697 2413; x_wconf 89' lang='lat' dir='ltr'>q.</span> <span class='ocrx_word' id='word_1_297' title='bbox 718 2385 747 2405; x_wconf 90' lang='lat' dir='ltr'>e.</span> <span class='ocrx_word' id='word_1_298' title='bbox 765 2385 797 2405; x_wconf 90' lang='lat' dir='ltr'>n.</span> <span class='ocrx_word' id='word_1_299' title='bbox 815 2373 873 2405; x_wconf 82' lang='lat' dir='ltr'>tibi</span> <span class='ocrx_word' id='word_1_300' title='bbox 892 2373 1047 2415; x_wconf 75' lang='lat' dir='ltr'>Hmpagi</span> <span class='ocrx_word' id='word_1_301' title='bbox 1060 2373 1120 2404; x_wconf 82' lang='lat' dir='ltr'>dat</span> <span class='ocrx_word' id='word_1_302' title='bbox 1133 2373 1316 2414; x_wconf 77' lang='lat' dir='ltr'>Acidalius,</span> <span class='ocrx_word' id='word_1_303' title='bbox 1325 2375 1407 2414; x_wconf 78' lang='lat' dir='ltr'><em>sort.</em></span> <span class='ocrx_word' id='word_1_304' title='bbox 1425 2378 1500 2406; x_wconf 79' lang='lat' dir='ltr'>recle</span> 
     </span>
    </p>
   </div>
  </div>
 </body>
</html>
