<?xml version="1.0" encoding="UTF-8"?>
<!DOCTYPE html PUBLIC "-//W3C//DTD XHTML 1.0 Transitional//EN"
    "http://www.w3.org/TR/xhtml1/DTD/xhtml1-transitional.dtd">
<html xmlns="http://www.w3.org/1999/xhtml" xml:lang="en" lang="en">
 <head>
  <title>
</title>
<meta http-equiv="Content-Type" content="text/html;charset=utf-8" />
  <meta name='ocr-system' content='tesseract 3.04.00' />
  <meta name='ocr-capabilities' content='ocr_page ocr_carea ocr_par ocr_line ocrx_word'/>
</head>
<body>
  <div class='ocr_page' id='page_1' title='image "./tmacciplauticomo02plauuoft_0542.png"; bbox 0 0 1783 2707; ppageno 0'>
   <div class='ocr_carea' id='block_1_1' title="bbox 157 124 231 160">
    <p class='ocr_par' dir='ltr' id='par_1_1' title="bbox 157 124 231 160">
     <span class='ocr_line' id='line_1_1' title="bbox 157 124 231 160; baseline 0 0"><span class='ocrx_word' id='word_1_1' title='bbox 157 124 231 160; x_wconf 87' lang='grc' dir='ltr'>ΙΙΙ.</span> 
     </span>
    </p>
   </div>
   <div class='ocr_carea' id='block_1_2' title="bbox 127 472 236 509">
    <p class='ocr_par' dir='ltr' id='par_1_2' title="bbox 127 472 236 509">
     <span class='ocr_line' id='line_1_2' title="bbox 127 472 236 509; baseline 0 -1"><span class='ocrx_word' id='word_1_2' title='bbox 127 472 236 509; x_wconf 87' lang='lat' dir='ltr'>111.i</span> 
     </span>
    </p>
   </div>
   <div class='ocr_carea' id='block_1_3' title="bbox 197 1178 238 1201">
    <p class='ocr_par' dir='ltr' id='par_1_3' title="bbox 197 1178 238 1201">
     <span class='ocr_line' id='line_1_3' title="bbox 197 1178 238 1201; baseline 0.024 -1"><span class='ocrx_word' id='word_1_3' title='bbox 197 1178 238 1201; x_wconf 91' lang='lat'>10</span> 
     </span>
    </p>
   </div>
   <div class='ocr_carea' id='block_1_4' title="bbox 193 1499 231 1532">
    <p class='ocr_par' dir='ltr' id='par_1_4' title="bbox 193 1499 231 1532">
     <span class='ocr_line' id='line_1_4' title="bbox 193 1499 231 1532; baseline 0 0"><span class='ocrx_word' id='word_1_4' title='bbox 193 1499 231 1532; x_wconf 82' lang='lat'>15</span> 
     </span>
    </p>
   </div>
   <div class='ocr_carea' id='block_1_5' title="bbox 254 126 1177 168">
    <p class='ocr_par' dir='ltr' id='par_1_5' title="bbox 254 126 1177 168">
     <span class='ocr_line' id='line_1_5' title="bbox 254 126 1177 168; baseline 0.008 -7"><span class='ocrx_word' id='word_1_5' title='bbox 254 126 267 161; x_wconf 86' lang='lat' dir='ltr'>i</span> <span class='ocrx_word' id='word_1_6' title='bbox 680 130 726 166; x_wconf 91' lang='lat' dir='ltr'>T.</span> <span class='ocrx_word' id='word_1_7' title='bbox 762 129 941 168; x_wconf 83' lang='lat' dir='ltr'>MACCI</span> <span class='ocrx_word' id='word_1_8' title='bbox 973 130 1177 168; x_wconf 88' lang='lat' dir='ltr'>PLAVTI</span> 
     </span>
    </p>
   </div>
   <div class='ocr_carea' id='block_1_6' title="bbox 739 358 1102 407">
    <p class='ocr_par' dir='ltr' id='par_1_6' title="bbox 739 358 1102 407">
     <span class='ocr_line' id='line_1_6' title="bbox 739 358 1102 407; baseline 0 -1"><span class='ocrx_word' id='word_1_9' title='bbox 739 358 972 407; x_wconf 78' lang='lat' dir='ltr'>ACTVS</span> <span class='ocrx_word' id='word_1_10' title='bbox 1025 360 1102 406; x_wconf 89' lang='lat' dir='ltr'>III</span> 
     </span>
    </p>
   </div>
   <div class='ocr_carea' id='block_1_7' title="bbox 569 470 1277 508">
    <p class='ocr_par' dir='ltr' id='par_1_7' title="bbox 569 470 1277 508">
     <span class='ocr_line' id='line_1_7' title="bbox 569 470 1277 508; baseline 0.004 -3"><span class='ocrx_word' id='word_1_11' title='bbox 569 470 827 506; x_wconf 74' lang='lat' dir='ltr'>STRABAX</span> <span class='ocrx_word' id='word_1_12' title='bbox 939 471 1277 508; x_wconf 70' lang='lat' dir='ltr'><strong>ASTAPHIVM</strong></span> 
     </span>
    </p>
   </div>
   <div class='ocr_carea' id='block_1_8' title="bbox 329 566 1672 1732">
    <p class='ocr_par' dir='ltr' id='par_1_8' title="bbox 329 566 1672 1732">
     <span class='ocr_line' id='line_1_8' title="bbox 365 566 1670 619; baseline 0.003 -15"><span class='ocrx_word' id='word_1_13' title='bbox 365 568 510 605; x_wconf 74' lang='lat' dir='ltr'><strong>STRAB.</strong></span> <span class='ocrx_word' id='word_1_14' title='bbox 545 567 629 604; x_wconf 87' lang='lat' dir='ltr'>Rus</span> <span class='ocrx_word' id='word_1_15' title='bbox 651 579 766 605; x_wconf 84' lang='lat' dir='ltr'>mane</span> <span class='ocrx_word' id='word_1_16' title='bbox 787 567 941 605; x_wconf 87' lang='lat' dir='ltr'>dudum</span> <span class='ocrx_word' id='word_1_17' title='bbox 962 566 1054 605; x_wconf 89' lang='lat' dir='ltr'>hinc</span> <span class='ocrx_word' id='word_1_18' title='bbox 1075 566 1128 606; x_wconf 89' lang='lat' dir='ltr'>ire</span> <span class='ocrx_word' id='word_1_19' title='bbox 1144 581 1205 606; x_wconf 90' lang='lat' dir='ltr'>me</span> <span class='ocrx_word' id='word_1_20' title='bbox 1226 566 1336 606; x_wconf 81' lang='lat' dir='ltr'>iussit</span> <span class='ocrx_word' id='word_1_21' title='bbox 1356 575 1474 619; x_wconf 86' lang='lat' dir='ltr'>pater,</span> <span class='ocrx_word' id='word_1_22' title='bbox 1604 574 1670 619; x_wconf 82' lang='lat'>645</span> 
     </span>
     <span class='ocr_line' id='line_1_9' title="bbox 363 630 1250 682; baseline 0 -13"><span class='ocrx_word' id='word_1_23' title='bbox 363 638 404 669; x_wconf 90' lang='lat' dir='ltr'>ut</span> <span class='ocrx_word' id='word_1_24' title='bbox 424 630 554 670; x_wconf 85' lang='lat' dir='ltr'>bubus</span> <span class='ocrx_word' id='word_1_25' title='bbox 574 632 758 681; x_wconf 82' lang='lat' dir='ltr'>glandem</span> <span class='ocrx_word' id='word_1_26' title='bbox 780 631 947 681; x_wconf 87' lang='lat' dir='ltr'>prandio</span> <span class='ocrx_word' id='word_1_27' title='bbox 967 633 1250 682; x_wconf 80' lang='lat' dir='ltr'><strong>depromerem.</strong></span> 
     </span>
     <span class='ocr_line' id='line_1_10' title="bbox 362 696 1314 748; baseline 0 -13"><span class='ocrx_word' id='word_1_28' title='bbox 362 704 451 747; x_wconf 84' lang='lat' dir='ltr'>post</span> <span class='ocrx_word' id='word_1_29' title='bbox 471 696 561 734; x_wconf 92' lang='lat' dir='ltr'>illoc</span> <span class='ocrx_word' id='word_1_30' title='bbox 582 709 701 746; x_wconf 86' lang='lat' dir='ltr'>quam</span> <span class='ocrx_word' id='word_1_31' title='bbox 722 696 825 743; x_wconf 84' lang='lat' dir='ltr'>ueni,</span> <span class='ocrx_word' id='word_1_32' title='bbox 848 696 1021 744; x_wconf 85' lang='lat' dir='ltr'>aduenit,</span> <span class='ocrx_word' id='word_1_33' title='bbox 1045 696 1076 735; x_wconf 87' lang='lat' dir='ltr'>si</span> <span class='ocrx_word' id='word_1_34' title='bbox 1097 697 1157 736; x_wconf 81' lang='lat' dir='ltr'>dis</span> <span class='ocrx_word' id='word_1_35' title='bbox 1178 699 1314 748; x_wconf 87' lang='lat' dir='ltr'>placet,</span> 
     </span>
     <span class='ocr_line' id='line_1_11' title="bbox 362 762 1314 813; baseline -0.001 -11"><span class='ocrx_word' id='word_1_36' title='bbox 362 764 413 802; x_wconf 81' lang='lat' dir='ltr'>ad</span> <span class='ocrx_word' id='word_1_37' title='bbox 434 762 567 801; x_wconf 90' lang='lat' dir='ltr'>uillam</span> <span class='ocrx_word' id='word_1_38' title='bbox 587 770 791 813; x_wconf 87' lang='lat' dir='ltr'>argentum</span> <span class='ocrx_word' id='word_1_39' title='bbox 814 776 904 801; x_wconf 88' lang='lat' dir='ltr'>meo</span> <span class='ocrx_word' id='word_1_40' title='bbox 925 762 992 813; x_wconf 83' lang='lat' dir='ltr'>qui</span> <span class='ocrx_word' id='word_1_41' title='bbox 1013 763 1185 802; x_wconf 80' lang='lat' dir='ltr'><strong>debebat</strong></span> <span class='ocrx_word' id='word_1_42' title='bbox 1205 763 1314 813; x_wconf 86' lang='lat' dir='ltr'>patri,</span> 
     </span>
     <span class='ocr_line' id='line_1_12' title="bbox 362 828 1312 880; baseline 0 -13"><span class='ocrx_word' id='word_1_43' title='bbox 362 828 428 880; x_wconf 79' lang='lat' dir='ltr'>qui</span> <span class='ocrx_word' id='word_1_44' title='bbox 449 828 535 868; x_wconf 87' lang='lat' dir='ltr'>ouis</span> <span class='ocrx_word' id='word_1_45' title='bbox 556 829 790 867; x_wconf 77' lang='lat' dir='ltr'>Tarentinas</span> <span class='ocrx_word' id='word_1_46' title='bbox 811 836 891 867; x_wconf 87' lang='lat' dir='ltr'>erat</span> <span class='ocrx_word' id='word_1_47' title='bbox 913 838 1107 867; x_wconf 84' lang='lat' dir='ltr'>mercatus</span> <span class='ocrx_word' id='word_1_48' title='bbox 1128 830 1179 867; x_wconf 93' lang='lat' dir='ltr'>de</span> <span class='ocrx_word' id='word_1_49' title='bbox 1195 836 1312 879; x_wconf 85' lang='lat' dir='ltr'>patre.</span> 
     </span>
     <span class='ocr_line' id='line_1_13' title="bbox 361 893 1672 948; baseline 0.001 -15"><span class='ocrx_word' id='word_1_50' title='bbox 361 893 510 945; x_wconf 83' lang='lat' dir='ltr'>quaerit</span> <span class='ocrx_word' id='word_1_51' title='bbox 531 902 691 944; x_wconf 89' lang='lat' dir='ltr'>patrem.</span> <span class='ocrx_word' id='word_1_52' title='bbox 751 894 842 933; x_wconf 90' lang='lat' dir='ltr'>dico</span> <span class='ocrx_word' id='word_1_53' title='bbox 863 907 948 933; x_wconf 85' lang='lat' dir='ltr'><strong>esse</strong></span> <span class='ocrx_word' id='word_1_54' title='bbox 969 894 1008 932; x_wconf 90' lang='lat' dir='ltr'>in</span> <span class='ocrx_word' id='word_1_55' title='bbox 1030 894 1135 933; x_wconf 90' lang='lat' dir='ltr'>urbe.</span> <span class='ocrx_word' id='word_1_56' title='bbox 1196 893 1391 946; x_wconf 85' lang='lat' dir='ltr'>interrogo</span> <span class='ocrx_word' id='word_1_57' title='bbox 1603 903 1672 948; x_wconf 87' lang='lat'>650</span> 
     </span>
     <span class='ocr_line' id='line_1_14' title="bbox 360 959 1205 1012; baseline -0.005 -12"><span class='ocrx_word' id='word_1_58' title='bbox 360 960 455 1012; x_wconf 86' lang='lat' dir='ltr'>quid</span> <span class='ocrx_word' id='word_1_59' title='bbox 476 974 566 999; x_wconf 93' lang='lat' dir='ltr'>eum</span> <span class='ocrx_word' id='word_1_60' title='bbox 587 959 681 999; x_wconf 87' lang='lat' dir='ltr'>uelit</span> <span class='ocrx_word' id='word_1_61' title='bbox 921 975 939 996; x_wconf 55' lang='lat' dir='ltr'>a&lt;</span> <span class='ocrx_word' id='word_1_62' title='bbox 1187 973 1205 993; x_wconf 54' lang='grc' dir='ltr'>νς</span> 
     </span>
     <span class='ocr_line' id='line_1_15' title="bbox 360 1024 1210 1073; baseline -0.002 -8"><span class='ocrx_word' id='word_1_63' title='bbox 360 1029 481 1066; x_wconf 86' lang='lat' dir='ltr'>homo</span> <span class='ocrx_word' id='word_1_64' title='bbox 502 1025 719 1064; x_wconf 78' lang='lat' dir='ltr'>cruminam</span> <span class='ocrx_word' id='word_1_65' title='bbox 742 1025 815 1064; x_wconf 83' lang='lat' dir='ltr'>sibi</span> <span class='ocrx_word' id='word_1_66' title='bbox 837 1027 887 1064; x_wconf 82' lang='lat' dir='ltr'>de</span> <span class='ocrx_word' id='word_1_67' title='bbox 907 1027 1011 1064; x_wconf 91' lang='lat' dir='ltr'>collo</span> <span class='ocrx_word' id='word_1_68' title='bbox 1032 1024 1210 1073; x_wconf 85' lang='lat' dir='ltr'>detrahit,</span> 
     </span>
     <span class='ocr_line' id='line_1_16' title="bbox 362 1090 1201 1142; baseline -0.001 -12"><span class='ocrx_word' id='word_1_69' title='bbox 362 1092 486 1130; x_wconf 86' lang='lat' dir='ltr'>minas</span> <span class='ocrx_word' id='word_1_70' title='bbox 507 1090 643 1142; x_wconf 83' lang='lat' dir='ltr'>uiginti</span> <span class='ocrx_word' id='word_1_71' title='bbox 666 1090 719 1129; x_wconf 88' lang='lat' dir='ltr'>mi</span> <span class='ocrx_word' id='word_1_72' title='bbox 740 1092 820 1130; x_wconf 87' lang='lat' dir='ltr'>dat.</span> <span class='ocrx_word' id='word_1_73' title='bbox 877 1090 1029 1141; x_wconf 85' lang='lat' dir='ltr'>accipio</span> <span class='ocrx_word' id='word_1_74' title='bbox 1050 1091 1201 1139; x_wconf 84' lang='lat' dir='ltr'>lubens,</span> 
     </span>
     <span class='ocr_line' id='line_1_17' title="bbox 361 1155 1564 1207; baseline -0.002 -10"><span class='ocrx_word' id='word_1_75' title='bbox 361 1159 493 1197; x_wconf 91' lang='lat' dir='ltr'>condo</span> <span class='ocrx_word' id='word_1_76' title='bbox 513 1156 553 1195; x_wconf 92' lang='lat' dir='ltr'>in</span> <span class='ocrx_word' id='word_1_77' title='bbox 574 1156 804 1195; x_wconf 82' lang='lat' dir='ltr'>cruminam.</span> <span class='ocrx_word' id='word_1_78' title='bbox 865 1156 929 1194; x_wconf 85' lang='lat' dir='ltr'>ille</span> <span class='ocrx_word' id='word_1_79' title='bbox 949 1155 1055 1195; x_wconf 88' lang='lat' dir='ltr'>abiit.</span> <span class='ocrx_word' id='word_1_80' title='bbox 1115 1169 1187 1207; x_wconf 83' lang='lat' dir='ltr'>ego</span> <span class='ocrx_word' id='word_1_81' title='bbox 1208 1159 1419 1207; x_wconf 86' lang='lat' dir='ltr'>†perpera†</span> <span class='ocrx_word' id='word_1_82' title='bbox 1440 1155 1564 1195; x_wconf 82' lang='lat' dir='ltr'>minas</span> 
     </span>
     <span class='ocr_line' id='line_1_18' title="bbox 361 1220 1666 1273; baseline -0.002 -11"><span class='ocrx_word' id='word_1_83' title='bbox 361 1223 446 1263; x_wconf 85' lang='lat' dir='ltr'>ouis</span> <span class='ocrx_word' id='word_1_84' title='bbox 467 1223 505 1261; x_wconf 81' lang='lat' dir='ltr'>in</span> <span class='ocrx_word' id='word_1_85' title='bbox 527 1221 703 1260; x_wconf 89' lang='lat' dir='ltr'>crumina</span> <span class='ocrx_word' id='word_1_86' title='bbox 724 1223 797 1260; x_wconf 91' lang='lat' dir='ltr'>hac</span> <span class='ocrx_word' id='word_1_87' title='bbox 818 1220 930 1273; x_wconf 72' lang='lat' dir='ltr'>(huc)</span> <span class='ocrx_word' id='word_1_88' title='bbox 949 1221 988 1259; x_wconf 89' lang='lat' dir='ltr'>in</span> <span class='ocrx_word' id='word_1_89' title='bbox 1010 1221 1146 1260; x_wconf 87' lang='lat' dir='ltr'>urbem</span> <span class='ocrx_word' id='word_1_90' title='bbox 1164 1221 1298 1260; x_wconf 88' lang='lat' dir='ltr'>detuli.</span> <span class='ocrx_word' id='word_1_91' title='bbox 1600 1222 1666 1267; x_wconf 83' lang='lat'>655</span> 
     </span>
     <span class='ocr_line' id='line_1_19' title="bbox 359 1286 1173 1338; baseline -0.002 -11"><span class='ocrx_word' id='word_1_92' title='bbox 359 1288 429 1328; x_wconf 85' lang='lat' dir='ltr'>fuit</span> <span class='ocrx_word' id='word_1_93' title='bbox 450 1289 591 1338; x_wconf 88' lang='lat' dir='ltr'><strong>edepol</strong></span> <span class='ocrx_word' id='word_1_94' title='bbox 616 1288 722 1325; x_wconf 81' lang='lat' dir='ltr'>Mars</span> <span class='ocrx_word' id='word_1_95' title='bbox 744 1300 834 1326; x_wconf 88' lang='lat' dir='ltr'>meo</span> <span class='ocrx_word' id='word_1_96' title='bbox 854 1286 1043 1337; x_wconf 77' lang='lat' dir='ltr'><strong>periratus</strong></span> <span class='ocrx_word' id='word_1_97' title='bbox 1064 1287 1173 1337; x_wconf 86' lang='lat' dir='ltr'>patri,</span> 
     </span>
     <span class='ocr_line' id='line_1_20' title="bbox 358 1352 1261 1403; baseline -0.003 -10"><span class='ocrx_word' id='word_1_98' title='bbox 358 1367 449 1393; x_wconf 89' lang='lat' dir='ltr'>nam</span> <span class='ocrx_word' id='word_1_99' title='bbox 471 1366 566 1392; x_wconf 88' lang='lat' dir='ltr'>oues</span> <span class='ocrx_word' id='word_1_100' title='bbox 587 1352 688 1390; x_wconf 86' lang='lat' dir='ltr'>illius</span> <span class='ocrx_word' id='word_1_101' title='bbox 710 1354 787 1390; x_wconf 89' lang='lat' dir='ltr'>hau</span> <span class='ocrx_word' id='word_1_102' title='bbox 809 1353 925 1402; x_wconf 80' lang='lat' dir='ltr'>longe</span> <span class='ocrx_word' id='word_1_103' title='bbox 945 1361 1087 1402; x_wconf 87' lang='lat' dir='ltr'>apsunt</span> <span class='ocrx_word' id='word_1_104' title='bbox 1107 1366 1129 1390; x_wconf 89' lang='lat' dir='ltr'>a</span> <span class='ocrx_word' id='word_1_105' title='bbox 1149 1352 1261 1403; x_wconf 81' lang='lat' dir='ltr'>lupis.</span> 
     </span>
     <span class='ocr_line' id='line_1_21' title="bbox 329 1417 1231 1469; baseline -0.002 -11"><span class='ocrx_word' id='word_1_106' title='bbox 329 1434 331 1437; x_wconf 65' lang='grc'><em>’</em></span> <span class='ocrx_word' id='word_1_107' title='bbox 359 1433 409 1458; x_wconf 88' lang='lat' dir='ltr'>ne</span> <span class='ocrx_word' id='word_1_108' title='bbox 429 1432 502 1469; x_wconf 82' lang='lat' dir='ltr'>ego</span> <span class='ocrx_word' id='word_1_109' title='bbox 522 1418 693 1457; x_wconf 78' lang='lat' dir='ltr'>urbanos</span> <span class='ocrx_word' id='word_1_110' title='bbox 714 1417 808 1456; x_wconf 80' lang='lat' dir='ltr'>istos</span> <span class='ocrx_word' id='word_1_111' title='bbox 831 1419 1043 1457; x_wconf 84' lang='lat' dir='ltr'>mundulos</span> <span class='ocrx_word' id='word_1_112' title='bbox 1063 1417 1231 1457; x_wconf 83' lang='lat' dir='ltr'>amasios</span> 
     </span>
     <span class='ocr_line' id='line_1_22' title="bbox 360 1482 1331 1534; baseline -0.001 -10"><span class='ocrx_word' id='word_1_113' title='bbox 360 1487 435 1524; x_wconf 87' lang='lat' dir='ltr'>hoc</span> <span class='ocrx_word' id='word_1_114' title='bbox 456 1484 535 1523; x_wconf 88' lang='lat' dir='ltr'>ictu</span> <span class='ocrx_word' id='word_1_115' title='bbox 555 1496 750 1534; x_wconf 85' lang='lat' dir='ltr'>exponam</span> <span class='ocrx_word' id='word_1_116' title='bbox 771 1491 890 1533; x_wconf 84' lang='lat' dir='ltr'>atque</span> <span class='ocrx_word' id='word_1_117' title='bbox 911 1482 1039 1521; x_wconf 87' lang='lat' dir='ltr'>omnis</span> <span class='ocrx_word' id='word_1_118' title='bbox 1060 1482 1197 1522; x_wconf 79' lang='lat' dir='ltr'>eiciam</span> <span class='ocrx_word' id='word_1_119' title='bbox 1220 1484 1331 1523; x_wconf 83' lang='lat' dir='ltr'>foras.</span> 
     </span>
     <span class='ocr_line' id='line_1_23' title="bbox 357 1548 1669 1599; baseline -0.002 -9"><span class='ocrx_word' id='word_1_120' title='bbox 357 1550 591 1590; x_wconf 78' lang='lat' dir='ltr'><strong>eradicarest</strong></span> <span class='ocrx_word' id='word_1_121' title='bbox 611 1556 759 1587; x_wconf 87' lang='lat' dir='ltr'>certum</span> <span class='ocrx_word' id='word_1_122' title='bbox 782 1548 1008 1598; x_wconf 82' lang='lat' dir='ltr'>cumprimis</span> <span class='ocrx_word' id='word_1_123' title='bbox 1029 1556 1193 1599; x_wconf 81' lang='lat' dir='ltr'>patrem,</span> <span class='ocrx_word' id='word_1_124' title='bbox 1597 1551 1669 1587; x_wconf 88' lang='lat'>660</span> 
     </span>
     <span class='ocr_line' id='line_1_24' title="bbox 356 1615 1354 1668; baseline -0.002 -14"><span class='ocrx_word' id='word_1_125' title='bbox 356 1623 443 1668; x_wconf 80' lang='lat' dir='ltr'>post</span> <span class='ocrx_word' id='word_1_126' title='bbox 465 1615 504 1654; x_wconf 90' lang='lat' dir='ltr'>id</span> <span class='ocrx_word' id='word_1_127' title='bbox 526 1616 702 1653; x_wconf 88' lang='lat' dir='ltr'>locorum</span> <span class='ocrx_word' id='word_1_128' title='bbox 725 1621 898 1652; x_wconf 89' lang='lat' dir='ltr'>matrem.</span> <span class='ocrx_word' id='word_1_129' title='bbox 958 1627 1064 1652; x_wconf 89' lang='lat' dir='ltr'>nunc</span> <span class='ocrx_word' id='word_1_130' title='bbox 1085 1615 1162 1653; x_wconf 89' lang='lat' dir='ltr'>hoc</span> <span class='ocrx_word' id='word_1_131' title='bbox 1182 1616 1354 1654; x_wconf 91' lang='lat' dir='ltr'>deferam</span> 
     </span>
     <span class='ocr_line' id='line_1_25' title="bbox 355 1680 1576 1732; baseline -0.002 -12"><span class='ocrx_word' id='word_1_132' title='bbox 355 1688 559 1732; x_wconf 82' lang='lat' dir='ltr'>argentum</span> <span class='ocrx_word' id='word_1_133' title='bbox 573 1680 623 1718; x_wconf 90' lang='lat' dir='ltr'>ad</span> <span class='ocrx_word' id='word_1_134' title='bbox 639 1680 750 1725; x_wconf 87' lang='lat' dir='ltr'>hanc,</span> <span class='ocrx_word' id='word_1_135' title='bbox 762 1692 880 1729; x_wconf 84' lang='lat' dir='ltr'>quam</span> <span class='ocrx_word' id='word_1_136' title='bbox 896 1692 1007 1728; x_wconf 81' lang='lat' dir='ltr'>mage</span> <span class='ocrx_word' id='word_1_137' title='bbox 1020 1692 1111 1718; x_wconf 92' lang='lat' dir='ltr'>amo</span> <span class='ocrx_word' id='word_1_138' title='bbox 1125 1693 1242 1729; x_wconf 86' lang='lat' dir='ltr'>quam</span> <span class='ocrx_word' id='word_1_139' title='bbox 1259 1687 1421 1719; x_wconf 86' lang='lat' dir='ltr'>matrem</span> <span class='ocrx_word' id='word_1_140' title='bbox 1438 1693 1576 1719; x_wconf 85' lang='lat' dir='ltr'>meam.</span> 
     </span>
    </p>
   </div>
   <div class='ocr_carea' id='block_1_9' title="bbox 242 1783 1581 2443">
    <p class='ocr_par' dir='ltr' id='par_1_9' title="bbox 242 1783 1581 2443">
     <span class='ocr_line' id='line_1_26' title="bbox 291 1783 1575 1827; baseline -0.004 -8"><span class='ocrx_word' id='word_1_141' title='bbox 291 1789 356 1827; x_wconf 84' lang='lat'>646</span> <span class='ocrx_word' id='word_1_142' title='bbox 379 1787 531 1819; x_wconf 86' lang='lat' dir='ltr'>clandem</span> <span class='ocrx_word' id='word_1_143' title='bbox 550 1787 623 1818; x_wconf 67' lang='grc' dir='ltr'>ΡΟ)</span> <span class='ocrx_word' id='word_1_144' title='bbox 769 1787 830 1826; x_wconf 75' lang='lat'>647</span> <span class='ocrx_word' id='word_1_145' title='bbox 857 1787 935 1817; x_wconf 86' lang='lat' dir='ltr'>ueni</span> <span class='ocrx_word' id='word_1_146' title='bbox 961 1785 1185 1826; x_wconf 83' lang='lat' dir='ltr'>quamadueni</span> <span class='ocrx_word' id='word_1_147' title='bbox 1204 1785 1293 1816; x_wconf 85' lang='lat' dir='ltr'>cod.:</span> <span class='ocrx_word' id='word_1_148' title='bbox 1325 1794 1401 1816; x_wconf 73' lang='lat' dir='ltr'>corr.</span> <span class='ocrx_word' id='word_1_149' title='bbox 1427 1783 1575 1825; x_wconf 78' lang='lat' dir='ltr'>Spengel,</span> 
     </span>
     <span class='ocr_line' id='line_1_27' title="bbox 249 1828 1578 1871; baseline -0.003 -9"><span class='ocrx_word' id='word_1_150' title='bbox 249 1832 376 1863; x_wconf 73' lang='lat' dir='ltr'>Merula</span> <span class='ocrx_word' id='word_1_151' title='bbox 525 1832 590 1871; x_wconf 89' lang='lat'>649</span> <span class='ocrx_word' id='word_1_152' title='bbox 613 1831 668 1871; x_wconf 85' lang='lat' dir='ltr'>qui</span> <span class='ocrx_word' id='word_1_153' title='bbox 692 1831 766 1862; x_wconf 85' lang='lat' dir='ltr'>ouis</span> <span class='ocrx_word' id='word_1_154' title='bbox 784 1831 988 1862; x_wconf 84' lang='lat' dir='ltr'>Tarentinas</span> <span class='ocrx_word' id='word_1_155' title='bbox 1012 1835 1083 1861; x_wconf 86' lang='lat' dir='ltr'>erat</span> <span class='ocrx_word' id='word_1_156' title='bbox 1099 1830 1172 1860; x_wconf 73' lang='lat' dir='ltr'><em>Ital.</em></span> <span class='ocrx_word' id='word_1_157' title='bbox 1190 1841 1195 1859; x_wconf 91' lang='lat'>:</span> <span class='ocrx_word' id='word_1_158' title='bbox 1228 1840 1294 1868; x_wconf 80' lang='lat' dir='ltr'>quo</span> <span class='ocrx_word' id='word_1_159' title='bbox 1312 1829 1451 1859; x_wconf 81' lang='lat' dir='ltr'>uistaret</span> <span class='ocrx_word' id='word_1_160' title='bbox 1470 1828 1578 1859; x_wconf 85' lang='lat' dir='ltr'>inase-</span> 
     </span>
     <span class='ocr_line' id='line_1_28' title="bbox 249 1872 1576 1915; baseline -0.004 -8"><span class='ocrx_word' id='word_1_161' title='bbox 249 1882 323 1907; x_wconf 81' lang='lat' dir='ltr'>rant</span> <span class='ocrx_word' id='word_1_162' title='bbox 338 1876 416 1915; x_wconf 51' lang='lat' dir='ltr'>(wat</span> <span class='ocrx_word' id='word_1_163' title='bbox 432 1874 472 1914; x_wconf 89' lang='lat' dir='ltr'>C)</span> <span class='ocrx_word' id='word_1_164' title='bbox 487 1874 552 1906; x_wconf 85' lang='lat' dir='ltr'>cod.</span> <span class='ocrx_word' id='word_1_165' title='bbox 571 1877 594 1915; x_wconf 51' lang='lat' dir='ltr'>C</span> <span class='ocrx_word' id='word_1_166' title='bbox 607 1875 673 1906; x_wconf 81' lang='lat' dir='ltr'>scil.</span> <span class='ocrx_word' id='word_1_167' title='bbox 689 1886 708 1905; x_wconf 89' lang='lat' dir='ltr'>n</span> <span class='ocrx_word' id='word_1_168' title='bbox 730 1875 853 1905; x_wconf 81' lang='lat' dir='ltr'>onn&#39;ssa</span> <span class='ocrx_word' id='word_1_169' title='bbox 870 1878 898 1905; x_wconf 84' lang='lat' dir='ltr'>et</span> <span class='ocrx_word' id='word_1_170' title='bbox 913 1875 1052 1914; x_wconf 75' lang='lat' dir='ltr'>ascripta</span> <span class='ocrx_word' id='word_1_171' title='bbox 1069 1874 1175 1904; x_wconf 79' lang='lat' dir='ltr'>locum</span> <span class='ocrx_word' id='word_1_172' title='bbox 1193 1884 1259 1903; x_wconf 76' lang='lat' dir='ltr'>non</span> <span class='ocrx_word' id='word_1_173' title='bbox 1276 1883 1378 1903; x_wconf 83' lang='lat' dir='ltr'>suum</span> <span class='ocrx_word' id='word_1_174' title='bbox 1396 1872 1576 1912; x_wconf 73' lang='lat' dir='ltr'>occupavit⁷</span> 
     </span>
     <span class='ocr_line' id='line_1_29' title="bbox 249 1915 1581 1959; baseline -0.004 -9"><span class='ocrx_word' id='word_1_175' title='bbox 249 1919 328 1959; x_wconf 79' lang='lat' dir='ltr'>Leo)</span> <span class='ocrx_word' id='word_1_176' title='bbox 441 1920 501 1957; x_wconf 81' lang='lat'>651</span> <span class='ocrx_word' id='word_1_177' title='bbox 528 1919 620 1949; x_wconf 86' lang='lat' dir='ltr'>uellit</span> <span class='ocrx_word' id='word_1_178' title='bbox 638 1919 702 1950; x_wconf 83' lang='lat' dir='ltr'>cod.</span> <span class='ocrx_word' id='word_1_179' title='bbox 769 1917 973 1959; x_wconf 82' lang='lat' dir='ltr'>&lt;concredat</span> <span class='ocrx_word' id='word_1_180' title='bbox 991 1918 1070 1948; x_wconf 80' lang='lat' dir='ltr'>mihi</span> <span class='ocrx_word' id='word_1_181' title='bbox 1089 1918 1116 1948; x_wconf 82' lang='lat' dir='ltr'>si</span> <span class='ocrx_word' id='word_1_182' title='bbox 1129 1917 1208 1957; x_wconf 87' lang='lat' dir='ltr'>quid</span> <span class='ocrx_word' id='word_1_183' title='bbox 1222 1915 1324 1958; x_wconf 85' lang='lat' dir='ltr'>uelit)</span> <span class='ocrx_word' id='word_1_184' title='bbox 1337 1916 1440 1956; x_wconf 81' lang='lat' dir='ltr'>suppl.</span> <span class='ocrx_word' id='word_1_185' title='bbox 1458 1915 1581 1946; x_wconf 77' lang='lat' dir='ltr'>Sclzoell</span> 
     </span>
     <span class='ocr_line' id='line_1_30' title="bbox 248 1959 1577 2004; baseline -0.005 -9"><span class='ocrx_word' id='word_1_186' title='bbox 248 1976 278 2004; x_wconf 86' lang='lat' dir='ltr'>q.</span> <span class='ocrx_word' id='word_1_187' title='bbox 299 1975 327 1995; x_wconf 87' lang='lat' dir='ltr'>e.</span> <span class='ocrx_word' id='word_1_188' title='bbox 348 1974 380 1994; x_wconf 88' lang='lat' dir='ltr'>u.</span> <span class='ocrx_word' id='word_1_189' title='bbox 404 1963 457 1994; x_wconf 77' lang='lat' dir='ltr'>vix</span> <span class='ocrx_word' id='word_1_190' title='bbox 473 1962 593 1994; x_wconf 74' lang='lat' dir='ltr'>delend.</span> <span class='ocrx_word' id='word_1_191' title='bbox 614 1964 669 2001; x_wconf 80' lang='lat' dir='ltr'>(iv,</span> <span class='ocrx_word' id='word_1_192' title='bbox 698 1974 727 2002; x_wconf 88' lang='lat' dir='ltr'>p.</span> <span class='ocrx_word' id='word_1_193' title='bbox 760 1963 816 2002; x_wconf 85' lang='lat'>62)</span> <span class='ocrx_word' id='word_1_194' title='bbox 1001 1964 1065 2000; x_wconf 86' lang='lat'>652</span> <span class='ocrx_word' id='word_1_195' title='bbox 1090 1971 1283 1992; x_wconf 86' lang='lat' dir='ltr'>erumenam</span> <span class='ocrx_word' id='word_1_196' title='bbox 1308 1959 1375 1991; x_wconf 86' lang='lat' dir='ltr'>cod.</span> <span class='ocrx_word' id='word_1_197' title='bbox 1430 1959 1577 1990; x_wconf 85' lang='lat' dir='ltr'>detrahit</span> 
     </span>
     <span class='ocr_line' id='line_1_31' title="bbox 250 2003 1576 2045; baseline -0.003 -7"><span class='ocrx_word' id='word_1_198' title='bbox 250 2008 482 2039; x_wconf 73' lang='lat' dir='ltr'>Camerarius:</span> <span class='ocrx_word' id='word_1_199' title='bbox 502 2007 647 2038; x_wconf 86' lang='lat' dir='ltr'>detraxit</span> <span class='ocrx_word' id='word_1_200' title='bbox 665 2007 731 2037; x_wconf 84' lang='lat' dir='ltr'>cod.</span> <span class='ocrx_word' id='word_1_201' title='bbox 828 2007 891 2045; x_wconf 84' lang='lat'>653</span> <span class='ocrx_word' id='word_1_202' title='bbox 911 2006 957 2036; x_wconf 79' lang='lat' dir='ltr'>vel</span> <span class='ocrx_word' id='word_1_203' title='bbox 971 2006 1053 2035; x_wconf 83' lang='lat' dir='ltr'>mihi</span> <span class='ocrx_word' id='word_1_204' title='bbox 1122 2005 1245 2035; x_wconf 75' lang='lat' dir='ltr'>iniddat</span> <span class='ocrx_word' id='word_1_205' title='bbox 1257 2004 1288 2034; x_wconf 86' lang='lat' dir='ltr'><em>B</em></span> <span class='ocrx_word' id='word_1_206' title='bbox 1375 2005 1437 2043; x_wconf 84' lang='lat'>654</span> <span class='ocrx_word' id='word_1_207' title='bbox 1454 2003 1576 2034; x_wconf 81' lang='lat' dir='ltr'>velabit</span> 
     </span>
     <span class='ocr_line' id='line_1_32' title="bbox 250 2046 1574 2092; baseline -0.004 -10"><span class='ocrx_word' id='word_1_208' title='bbox 250 2063 392 2092; x_wconf 85' lang='lat' dir='ltr'>propere</span> <span class='ocrx_word' id='word_1_209' title='bbox 409 2051 480 2082; x_wconf 80' lang='lat' dir='ltr'><em>Ital.</em></span> <span class='ocrx_word' id='word_1_210' title='bbox 503 2063 510 2082; x_wconf 70' lang='grc' dir='ltr'><em>τ</em></span> <span class='ocrx_word' id='word_1_211' title='bbox 534 2061 616 2091; x_wconf 86' lang='lat' dir='ltr'>pera</span> <span class='ocrx_word' id='word_1_212' title='bbox 633 2050 774 2092; x_wconf 80' lang='lat' dir='ltr'>Spengel</span> <span class='ocrx_word' id='word_1_213' title='bbox 862 2052 926 2089; x_wconf 86' lang='lat'>655</span> <span class='ocrx_word' id='word_1_214' title='bbox 951 2050 1026 2080; x_wconf 82' lang='lat' dir='ltr'>ouis</span> <span class='ocrx_word' id='word_1_215' title='bbox 1041 2048 1168 2078; x_wconf 80' lang='lat' dir='ltr'>Merula</span> <span class='ocrx_word' id='word_1_216' title='bbox 1186 2060 1192 2079; x_wconf 76' lang='lat' dir='ltr'><em>z</em></span> <span class='ocrx_word' id='word_1_217' title='bbox 1217 2049 1292 2088; x_wconf 81' lang='lat' dir='ltr'>quis</span> <span class='ocrx_word' id='word_1_218' title='bbox 1314 2047 1379 2078; x_wconf 85' lang='lat' dir='ltr'>cod.</span> <span class='ocrx_word' id='word_1_219' title='bbox 1393 2047 1438 2086; x_wconf 35' lang='lat' dir='ltr'>&amp;Q</span> <span class='ocrx_word' id='word_1_220' title='bbox 1451 2052 1513 2088; x_wconf 74' lang='lat' dir='ltr'>pro</span> <span class='ocrx_word' id='word_1_221' title='bbox 1527 2046 1574 2084; x_wconf 72' lang='lat' dir='ltr'>O)</span> 
     </span>
     <span class='ocr_line' id='line_1_33' title="bbox 247 2091 1577 2135; baseline -0.005 -8"><span class='ocrx_word' id='word_1_222' title='bbox 247 2097 311 2128; x_wconf 88' lang='lat' dir='ltr'>huc</span> <span class='ocrx_word' id='word_1_223' title='bbox 335 2096 412 2127; x_wconf 80' lang='lat' dir='ltr'>add.</span> <span class='ocrx_word' id='word_1_224' title='bbox 434 2095 567 2135; x_wconf 72' lang='lat' dir='ltr'>Gepperl</span> <span class='ocrx_word' id='word_1_225' title='bbox 654 2095 770 2125; x_wconf 85' lang='lat' dir='ltr'>urbem</span> <span class='ocrx_word' id='word_1_226' title='bbox 789 2094 896 2125; x_wconf 87' lang='lat' dir='ltr'>detuli</span> <span class='ocrx_word' id='word_1_227' title='bbox 913 2093 985 2124; x_wconf 84' lang='lat' dir='ltr'><em>Ital.</em></span> <span class='ocrx_word' id='word_1_228' title='bbox 1003 2104 1008 2123; x_wconf 93' lang='lat'>:</span> <span class='ocrx_word' id='word_1_229' title='bbox 1035 2093 1116 2123; x_wconf 83' lang='lat' dir='ltr'>urbe</span> <span class='ocrx_word' id='word_1_230' title='bbox 1135 2092 1294 2123; x_wconf 84' lang='lat' dir='ltr'>medetuli</span> <span class='ocrx_word' id='word_1_231' title='bbox 1311 2091 1377 2123; x_wconf 84' lang='lat' dir='ltr'>cod.</span> <span class='ocrx_word' id='word_1_232' title='bbox 1511 2091 1577 2129; x_wconf 86' lang='lat'>656</span> 
     </span>
     <span class='ocr_line' id='line_1_34' title="bbox 248 2135 1571 2180; baseline -0.005 -9"><span class='ocrx_word' id='word_1_233' title='bbox 248 2141 414 2180; x_wconf 81' lang='lat' dir='ltr'>periratus</span> <span class='ocrx_word' id='word_1_234' title='bbox 433 2140 665 2170; x_wconf 67' lang='lat' dir='ltr'>Cmnemrius:</span> <span class='ocrx_word' id='word_1_235' title='bbox 691 2139 819 2178; x_wconf 77' lang='lat' dir='ltr'>piratus</span> <span class='ocrx_word' id='word_1_236' title='bbox 841 2137 906 2168; x_wconf 85' lang='lat' dir='ltr'>cod.</span> <span class='ocrx_word' id='word_1_237' title='bbox 932 2138 1003 2178; x_wconf 79' lang='lat' dir='ltr'>(vii.</span> <span class='ocrx_word' id='word_1_238' title='bbox 1022 2140 1054 2171; x_wconf 56' lang='lat'>1]</span> <span class='ocrx_word' id='word_1_239' title='bbox 1190 2137 1255 2176; x_wconf 87' lang='lat'>658</span> <span class='ocrx_word' id='word_1_240' title='bbox 1281 2145 1367 2165; x_wconf 85' lang='lat' dir='ltr'>nunc</span> <span class='ocrx_word' id='word_1_241' title='bbox 1390 2147 1418 2165; x_wconf 78' lang='lat' dir='ltr'>c.</span> <span class='ocrx_word' id='word_1_242' title='bbox 1440 2135 1458 2164; x_wconf 89' lang='lat' dir='ltr'>i.</span> <span class='ocrx_word' id='word_1_243' title='bbox 1480 2145 1521 2164; x_wconf 91' lang='lat' dir='ltr'>m.</span> <span class='ocrx_word' id='word_1_244' title='bbox 1541 2144 1571 2164; x_wconf 85' lang='lat' dir='ltr'>u.</span> 
     </span>
     <span class='ocr_line' id='line_1_35' title="bbox 246 2178 1572 2224; baseline -0.005 -9"><span class='ocrx_word' id='word_1_245' title='bbox 246 2195 402 2224; x_wconf 80' lang='lat' dir='ltr'>amaspos</span> <span class='ocrx_word' id='word_1_246' title='bbox 434 2184 524 2214; x_wconf 81' lang='lat' dir='ltr'><strong>cod.:</strong></span> <span class='ocrx_word' id='word_1_247' title='bbox 557 2188 629 2214; x_wconf 79' lang='lat' dir='ltr'>stos</span> <span class='ocrx_word' id='word_1_248' title='bbox 654 2182 834 2213; x_wconf 86' lang='lat' dir='ltr'>mundolos</span> <span class='ocrx_word' id='word_1_249' title='bbox 862 2181 1004 2212; x_wconf 83' lang='lat' dir='ltr'>amasios</span> <span class='ocrx_word' id='word_1_250' title='bbox 1028 2179 1115 2211; x_wconf 78' lang='lat' dir='ltr'><strong>codd.</strong></span> <span class='ocrx_word' id='word_1_251' title='bbox 1142 2178 1311 2210; x_wconf 73' lang='lat' dir='ltr'>Diomedis</span> <span class='ocrx_word' id='word_1_252' title='bbox 1333 2188 1397 2218; x_wconf 82' lang='lat'>343</span> <span class='ocrx_word' id='word_1_253' title='bbox 1421 2178 1463 2210; x_wconf 88' lang='lat' dir='ltr'>K.</span> <span class='ocrx_word' id='word_1_254' title='bbox 1484 2179 1523 2216; x_wconf 85' lang='lat' dir='ltr'>(s.</span> <span class='ocrx_word' id='word_1_255' title='bbox 1543 2188 1572 2208; x_wconf 61' lang='grc' dir='ltr'>υ.</span> 
     </span>
     <span class='ocr_line' id='line_1_36' title="bbox 246 2221 1573 2266; baseline -0.004 -6"><span class='ocrx_word' id='word_1_256' title='bbox 246 2229 433 2260; x_wconf 36' lang='lat' dir='ltr'>amasius&amp;</span> <span class='ocrx_word' id='word_1_257' title='bbox 457 2228 587 2266; x_wconf 60' lang='lat' dir='ltr'>com-mvi,</span> <span class='ocrx_word' id='word_1_258' title='bbox 621 2237 701 2256; x_wconf 81' lang='lat' dir='ltr'>mzm</span> <span class='ocrx_word' id='word_1_259' title='bbox 730 2225 888 2256; x_wconf 88' lang='lat' dir='ltr'>mundlos</span> <span class='ocrx_word' id='word_1_260' title='bbox 920 2235 986 2256; x_wconf 79' lang='lat' dir='ltr'>non</span> <span class='ocrx_word' id='word_1_261' title='bbox 1008 2224 1185 2264; x_wconf 68' lang='lat' dir='ltr'>sm&#39;emlum</span> <span class='ocrx_word' id='word_1_262' title='bbox 1214 2234 1268 2254; x_wconf 74' lang='lat' dir='ltr'>uec</span> <span class='ocrx_word' id='word_1_263' title='bbox 1297 2222 1475 2254; x_wconf 82' lang='lat' dir='ltr'>mundulos</span> <span class='ocrx_word' id='word_1_264' title='bbox 1503 2221 1573 2255; x_wconf 79' lang='lat' dir='ltr'>urb.</span> 
     </span>
     <span class='ocr_line' id='line_1_37' title="bbox 242 2266 1576 2313; baseline -0.007 -9"><span class='ocrx_word' id='word_1_265' title='bbox 242 2273 362 2313; x_wconf 78' lang='lat' dir='ltr'>placet:</span> <span class='ocrx_word' id='word_1_266' title='bbox 379 2272 459 2310; x_wconf 69' lang='lat' dir='ltr'>sort.</span> <span class='ocrx_word' id='word_1_267' title='bbox 485 2268 769 2313; x_wconf 77' lang='lat' dir='ltr'>nu11c(nunc&gt;e.</span> <span class='ocrx_word' id='word_1_268' title='bbox 790 2270 809 2300; x_wconf 92' lang='lat' dir='ltr'>i.</span> <span class='ocrx_word' id='word_1_269' title='bbox 832 2280 872 2300; x_wconf 89' lang='lat' dir='ltr'>m.</span> <span class='ocrx_word' id='word_1_270' title='bbox 895 2280 923 2299; x_wconf 85' lang='lat' dir='ltr'>a.</span> <span class='ocrx_word' id='word_1_271' title='bbox 949 2268 1022 2308; x_wconf 79' lang='lat' dir='ltr'><em>(dcl.</em></span> <span class='ocrx_word' id='word_1_272' title='bbox 1052 2268 1197 2299; x_wconf 79' lang='lat' dir='ltr'>urbanos</span> <span class='ocrx_word' id='word_1_273' title='bbox 1217 2278 1224 2306; x_wconf 89' lang='grc'><strong>;</strong></span> <span class='ocrx_word' id='word_1_274' title='bbox 1261 2266 1302 2298; x_wconf 86' lang='lat' dir='ltr'>iv.</span> <span class='ocrx_word' id='word_1_275' title='bbox 1330 2267 1360 2305; x_wconf 75' lang='grc' dir='ltr'>Ι)</span> <span class='ocrx_word' id='word_1_276' title='bbox 1511 2267 1576 2304; x_wconf 83' lang='grc'>659</span> 
     </span>
     <span class='ocr_line' id='line_1_38' title="bbox 248 2309 1573 2348; baseline -0.007 0"><span class='ocrx_word' id='word_1_277' title='bbox 248 2317 314 2348; x_wconf 85' lang='lat' dir='ltr'>ictu</span> <span class='ocrx_word' id='word_1_278' title='bbox 331 2316 460 2347; x_wconf 64' lang='lat' dir='ltr'>Merula</span> <span class='ocrx_word' id='word_1_279' title='bbox 476 2328 481 2345; x_wconf 78' lang='lat' dir='ltr'>t</span> <span class='ocrx_word' id='word_1_280' title='bbox 509 2316 555 2346; x_wconf 86' lang='lat' dir='ltr'>itu</span> <span class='ocrx_word' id='word_1_281' title='bbox 573 2314 638 2345; x_wconf 78' lang='lat' dir='ltr'>cod.</span> <span class='ocrx_word' id='word_1_282' title='bbox 741 2313 859 2344; x_wconf 82' lang='lat' dir='ltr'>ieciam</span> <span class='ocrx_word' id='word_1_283' title='bbox 876 2312 941 2344; x_wconf 82' lang='lat' dir='ltr'>cod.</span> <span class='ocrx_word' id='word_1_284' title='bbox 960 2314 1051 2348; x_wconf 53' lang='lat' dir='ltr'>(comt</span> <span class='ocrx_word' id='word_1_285' title='bbox 1072 2312 1120 2342; x_wconf 65' lang='lat' dir='ltr'>D&gt;</span> <span class='ocrx_word' id='word_1_286' title='bbox 1261 2312 1326 2341; x_wconf 83' lang='lat'>660</span> <span class='ocrx_word' id='word_1_287' title='bbox 1350 2309 1573 2341; x_wconf 77' lang='lat' dir='ltr'>eradicarensi</span> 
     </span>
     <span class='ocr_line' id='line_1_39' title="bbox 248 2353 1574 2399; baseline -0.006 -8"><span class='ocrx_word' id='word_1_288' title='bbox 248 2361 313 2392; x_wconf 75' lang='lat' dir='ltr'><em>coel.</em></span> <span class='ocrx_word' id='word_1_289' title='bbox 333 2360 422 2399; x_wconf 54' lang='lat' dir='ltr'>musi</span> <span class='ocrx_word' id='word_1_290' title='bbox 443 2358 532 2397; x_wconf 59' lang='grc' dir='ltr'>ΡΨ)</span> <span class='ocrx_word' id='word_1_291' title='bbox 667 2359 726 2387; x_wconf 82' lang='lat'>661</span> <span class='ocrx_word' id='word_1_292' title='bbox 755 2357 900 2388; x_wconf 83' lang='lat' dir='ltr'>locarum</span> <span class='ocrx_word' id='word_1_293' title='bbox 917 2355 983 2387; x_wconf 79' lang='lat' dir='ltr'>cod.</span> <span class='ocrx_word' id='word_1_294' title='bbox 1047 2355 1108 2385; x_wconf 78' lang='lat' dir='ltr'>huc</span> <span class='ocrx_word' id='word_1_295' title='bbox 1126 2354 1181 2385; x_wconf 83' lang='lat' dir='ltr'>die</span> <span class='ocrx_word' id='word_1_296' title='bbox 1198 2354 1314 2394; x_wconf 41' lang='lat' dir='ltr'>rhodie</span> <span class='ocrx_word' id='word_1_297' title='bbox 1330 2353 1420 2394; x_wconf 57' lang='lat' dir='ltr'>PCD)</span> <span class='ocrx_word' id='word_1_298' title='bbox 1438 2354 1574 2384; x_wconf 83' lang='lat' dir='ltr'>efferam</span> 
     </span>
     <span class='ocr_line' id='line_1_40' title="bbox 247 2396 1576 2443; baseline -0.008 -7"><span class='ocrx_word' id='word_1_299' title='bbox 247 2403 313 2437; x_wconf 84' lang='lat' dir='ltr'>cod.</span> <span class='ocrx_word' id='word_1_300' title='bbox 335 2415 341 2434; x_wconf 93' lang='lat'><strong>:</strong></span> <span class='ocrx_word' id='word_1_301' title='bbox 366 2414 444 2434; x_wconf 73' lang='lat' dir='ltr'>corr.</span> <span class='ocrx_word' id='word_1_302' title='bbox 463 2401 605 2443; x_wconf 74' lang='lat' dir='ltr'>Spengel</span> <span class='ocrx_word' id='word_1_303' title='bbox 791 2402 854 2430; x_wconf 80' lang='lat'>662</span> <span class='ocrx_word' id='word_1_304' title='bbox 879 2400 919 2430; x_wconf 80' lang='lat' dir='ltr'>ad</span> <span class='ocrx_word' id='word_1_305' title='bbox 944 2400 1030 2430; x_wconf 83' lang='lat' dir='ltr'>hanc</span> <span class='ocrx_word' id='word_1_306' title='bbox 1054 2403 1232 2437; x_wconf 80' lang='lat' dir='ltr'>argentum</span> <span class='ocrx_word' id='word_1_307' title='bbox 1258 2397 1322 2429; x_wconf 79' lang='lat' dir='ltr'>cod.</span> <span class='ocrx_word' id='word_1_308' title='bbox 1343 2408 1348 2427; x_wconf 82' lang='lat' dir='ltr'><em>z</em></span> <span class='ocrx_word' id='word_1_309' title='bbox 1376 2397 1445 2428; x_wconf 71' lang='grc' dir='ltr'><em>[ναί.</em></span> <span class='ocrx_word' id='word_1_310' title='bbox 1473 2396 1576 2426; x_wconf 66' lang='lat' dir='ltr'>Bothe</span> 
     </span>
    </p>
   </div>
   <div class='ocr_carea' id='block_1_10' title="bbox 250 2446 506 2487">
    <p class='ocr_par' dir='ltr' id='par_1_10' title="bbox 250 2446 506 2487">
     <span class='ocr_line' id='line_1_41' title="bbox 250 2446 506 2487; baseline -0.008 -9"><span class='ocrx_word' id='word_1_311' title='bbox 250 2446 394 2487; x_wconf 54' lang='lat' dir='ltr'>dorlani</span> <span class='ocrx_word' id='word_1_312' title='bbox 407 2457 506 2477; x_wconf 67' lang='lat' dir='ltr'>causa</span> 
     </span>
    </p>
   </div>
   <div class='ocr_carea' id='block_1_11' title="bbox 964 2519 986 2529">
    <p class='ocr_par' dir='ltr' id='par_1_11' title="bbox 964 2519 986 2529">
     <span class='ocr_line' id='line_1_42' title="bbox 964 2519 986 2529; baseline 0 0"><span class='ocrx_word' id='word_1_313' title='bbox 964 2519 986 2529; x_wconf 65' lang='lat' dir='ltr'><em>A</em></span> 
     </span>
    </p>
   </div>
  </div>
 </body>
</html>
