1731 2713
60 453 150 478 1220

61 906 145 942 1225

65 1494 152 1528 1230

680 128 970 166 POENVLVS
1444 124 1489 159 V.
1511 123 1557 159 iv

222 244 302 281 HA.
324 241 469 293 gaudio
485 254 551 280 ero
567 239 866 279 uobeis—ADE.
889 245 928 276 at
945 238 1087 287 edepol
1104 250 1176 275 nos
1198 234 1389 285 uoluptati
1411 234 1492 273 tibi.

222 310 302 346 HA.
326 306 607 356 leibertatique.
645 307 748 343 Abu.
769 303 866 342 istoc
884 302 1008 353 pretio
1026 310 1111 340 tuas
1128 315 1200 339 nos
1217 300 1328 338 facile
1346 299 1491 338 seceris.

220 374 294 410 AG.
318 380 453 422 patrue
475 372 536 417 mi,
556 370 608 408 ita
630 383 692 408 me
712 369 752 408 di
773 369 974 414 amabunt,
993 375 1035 405 ut
1056 380 1139 417 ego,
1159 366 1189 404 si
1211 365 1283 403 sim
1306 364 1492 415 Iuppiter,

221 437 297 476 iarn
315 438 444 475 hercle
464 450 536 486 ego
557 435 662 473 illam
680 447 838 473 uxorem
861 435 1003 472 ducam
1022 440 1060 471 et
1078 434 1274 470 Iunonem
1291 431 1494 469 extrudam
1515 443 1558 475 50

1024 493 1027 495 ⁵
1382 497 1492 534 foras.

221 576 262 606 ut
283 567 426 618 pudice
446 567 566 605 uerba
587 565 687 612 fecit,
711 564 880 615 cogitate
900 570 938 602 et
959 563 1182 609 commode,

221 642 262 672 ut
284 635 462 672 modeste
483 631 700 670 orationem
727 629 907 680 praebuit
927 632 933 666 !
993 630 1073 666 HA.
1107 636 1214 666 certo
1240 629 1337 666 haec
1360 633 1493 664 meast.

221 700 291 738 sed
327 706 367 737 ut
398 699 484 737 astu
519 711 605 735 sum
635 698 841 747 adgressus
871 696 922 734 ad
951 697 1043 733 eas!
1101 696 1175 731 AG.
1209 693 1339 743 lepide
1368 693 1498 730 hercle

1134 766 1252 808 atque
1273 757 1495 796 commode.

222 843 338 881 perge
354 829 471 868 etiam
488 835 689 878 temptare.
727 826 766 865 in
783 839 908 877 pauca
928 826 1063 864 confer
1081 839 1087 862 :
1109 824 1244 862 sitiunt
1260 823 1327 873 qui
1344 824 1494 861 sedent.

223 897 304 934 HA.
336 894 432 945 quid
460 894 574 933 istic?
603 894 711 944 quod
742 892 1009 931 faciundumst
1039 903 1111 940 qur
1138 893 1217 928 non
1245 888 1428 939 agimus?
1457 887 1496 925 in
1518 902 1559 933 55

1219 954 1277 992 ius
1299 967 1370 992 uos
1391 953 1495 992 uolo.

169 1092 244 1128 AG.
285 1102 401 1135 nunc,
431 1094 578 1138 patrue,
609 1093 650 1124 tu
685 1084 783 1135 frugi
817 1084 946 1123 bonae
981 1096 1032 1122 es.
1097 1081 1165 1120 uin
1200 1083 1303 1120 hane
1335 1094 1408 1132 ego
1437 1081 1502 1118 ad-

1006 1148 1228 1197 prendam?
1286 1148 1369 1184 HA.
1399 1153 1501 1184 tene.

170 1223 274 1259 ADE.
297 1233 347 1258 an
368 1226 527 1270 patruos
548 1224 616 1264 est,
636 1215 923 1266 Agorastocles,
947 1221 1036 1252 tuos
1057 1212 1152 1251 hie?
1208 1213 1282 1250 AG.
1316 1211 1393 1250 iam
1414 1213 1502 1249 faxo

1371 1276 1500 1315 scibis.

170 1364 276 1389 nunc
297 1351 363 1401 pol
384 1362 457 1399 ego
477 1356 515 1387 te
535 1347 700 1386 ulciscar
726 1345 860 1396 probe,
883 1358 976 1383 nam
998 1345 1232 1382 faxo—mea
1252 1342 1325 1381 eris
1345 1355 1500 1392 sponsa.

173 1418 253 1454 HA.
286 1415 338 1453 ite
359 1414 398 1452 in
419 1413 490 1460 ius,
513 1426 563 1451 ne
584 1410 802 1450 moramini.
862 1417 1057 1449 antestare
1078 1423 1141 1448 me
1162 1416 1281 1458 atque
1303 1409 1414 1446 duce.

172 1483 246 1519 AG.
263 1493 336 1529 ego
354 1487 391 1517 te
408 1477 645 1524 antestabor,
665 1483 803 1527 postea
816 1476 920 1513 hanc
940 1475 1085 1513 amabo
1101 1481 1220 1523 atque
1236 1473 1499 1523 amplexabor.
1522 1478 1564 1510 60

172 1547 242 1585 sed
263 1543 523 1594 illudquidem
550 1542 659 1581 uolui
675 1540 986 1580 dicere—immo
1015 1541 1146 1578 hercle
1167 1538 1246 1578 dixi
1267 1539 1376 1588 quod
1399 1539 1504 1577 uole-

1397 1603 1500 1642 bam.

174 1678 254 1714 HA.
287 1673 505 1713 moramini.
564 1672 603 1710 in
625 1672 684 1711 ius
706 1685 777 1710 uos
798 1684 912 1717 uoco,
936 1670 1011 1709 nisi
1032 1669 1252 1708 honestiust
1273 1668 1475 1720 prehendi.

172 1743 277 1780 ΑΒΕ.
301 1739 396 1791 quid
412 1739 452 1777 in
468 1738 527 1777 ius
544 1751 663 1777 uocas
681 1750 753 1776 nos
769 1739 786 1775 ?
813 1736 909 1787 quid
926 1735 996 1774 tibi
1018 1736 1210 1775 debemus
1224 1736 1250 1773 ?'
1282 1736 1357 1773 AG.
1376 1733 1506 1773 deicet

1437 1798 1502 1837 illi.

172 1873 276 1909 ΑΒΕ.
314 1869 430 1909 etiam
452 1882 516 1908 me
537 1881 648 1907 meae
665 1869 805 1906 latrant
826 1867 973 1906 canes?
1018 1867 1095 1906 Ao.
1122 1872 1161 1904 at
1181 1872 1223 1903 tu
1244 1865 1374 1903 hercle
1398 1865 1507 1902 adlu-

1381 1928 1505 1967 diato:

221 2052 303 2081 1219
319 2052 373 2072 rne
387 2051 452 2072 om.
468 2039 501 2070 A
618 2049 699 2078 1223
715 2043 807 2070 astus
821 2037 855 2068 P
961 2047 1042 2076 1224
1062 2036 1132 2068 HA.
1150 2037 1208 2078 (ita
1222 2034 1266 2076 Β)
1284 2034 1394 2073 Pergo
1411 2045 1439 2064 e.
1456 2038 1478 2064 t.
1496 2035 1506 2065 ἓ

174 2085 347 2116 Acidalzus
435 2088 616 2124 temptaret
627 2083 706 2113 PBC
723 2083 793 2112 *vix
806 2087 865 2122 pro
879 2086 1045 2121 temptare
1059 2085 1092 2111 et
1107 2080 1156 2111 vel
1167 2081 1215 2119 at)
1304 2078 1377 2118 qui]
1395 2088 1460 2117 que
1477 2077 1510 2107 P

178 2139 260 2168 1225
284 2139 369 2159 uoco
385 2128 597 2159 Camerarius
616 2127 749 2157 {usitata
763 2125 890 2163 locutio)
906 2125 957 2165 (cs.
974 2124 1020 2154 ad
1029 2123 1100 2155 Mil.
1116 2124 1215 2163 1400)
1313 2123 1395 2153 1226
1417 2131 1506 2152 nunc

175 2178 255 2204 tene
272 2177 390 2213 patrue
408 2171 532 2210 tufrugi
550 2171 664 2210 sibone
681 2179 728 2200 es.
776 2169 845 2199 HA.
860 2169 917 2199 uin
933 2179 997 2208 ego
1015 2169 1101 2199 hanc
1118 2167 1300 2207 adpredam
1314 2170 1394 2196 tene
1410 2166 1505 2206 (tene

175 2227 241 2248 om.
255 2216 348 2253 PCD)
361 2215 394 2246 P
404 2217 484 2257 (ego
495 2215 584 2245 hanc
596 2214 737 2244 usitatus
747 2212 839 2251 ordo)
926 2222 1007 2251 1227
1025 2211 1094 2252 hic]
1110 2212 1173 2241 hec
1184 2210 1296 2249 (haec)
1310 2209 1343 2239 P
1421 2209 1505 2238 1228

176 2271 240 2300 ego
254 2260 309 2300 pol
322 2259 355 2289 A
445 2259 512 2290 eris
525 2268 599 2288 mea
611 2257 642 2288 A
736 2266 819 2295 1229
834 2256 1010 2286 antetarde
1023 2255 1055 2285 A
1152 2264 1232 2292 1230
1248 2252 1451 2292 amplexabo
1462 2251 1503 2290 P,

167 2305 248 2343 fort.
262 2307 338 2334 recte
449 2313 528 2341 1231
549 2301 684 2332 deicere
700 2299 733 2330 A
756 2299 1047 2341 (antiquaforma)
1116 2298 1217 2328 immo
1235 2297 1305 2328 dixi
1323 2296 1438 2326 hercle
1454 2294 1504 2325 P:

178 2348 279 2378 immo
303 2346 372 2377 dixi
391 2345 464 2384 (del.
492 2344 619 2382 hercle)
638 2343 778 2383 Bentley,
796 2342 941 2383 rhythmi
953 2352 1052 2373 causa
1127 2342 1181 2372 vix
1205 2340 1308 2371 hercl'
1423 2348 1504 2378 1233

179 2389 395 2432 ἀ6(ἰ6)6ζί,5ἰ111
411 2389 441 2419 A
458 2389 519 2425 (ule.
540 2389 628 2419 dicet
646 2387 707 2429 [is]
726 2387 785 2427 ini,
801 2387 856 2417 vix
868 2391 929 2427 pro
945 2385 1082 2417 discetis
1098 2384 1159 2424 illi)
1269 2393 1350 2422 1234
1368 2393 1420 2413 me
1437 2393 1503 2413 om.

178 2434 212 2464 A
228 2446 235 2465 :
260 2443 356 2464 meae
373 2443 426 2463 me
443 2432 596 2472 Kaempf
1360 2469 1420 2500 16*
