1731 2713
664 102 1010 142 TRINVMMx's
1421 77 1500 135 iii.
1523 98 1551 135 ii

155 268 157 271 v
182 217 361 256 insanum
386 214 456 270 [et]
479 216 661 254 malumst
683 214 721 252 in
744 212 958 263 hospitium
979 210 1132 250 deuorti
1154 210 1205 248 ad
1226 207 1476 259 Cupidinem.

182 284 251 322 sed
273 291 310 324 tc
332 295 475 320 moneo
497 283 572 320 hoc
593 280 709 319 etiam
731 286 849 329 atque
877 277 993 317 etiam
1022 284 1063 314 ut
1089 283 1244 326 reputes
1265 273 1361 324 quid
1382 274 1507 311 facere

1337 346 1505 388 expetas,

96 418 162 463 675
184 413 214 451 si
237 413 348 461 istuc,
369 419 411 451 ut
433 424 585 459 conare,
609 410 702 449 facis
724 408 977 455 †indicium†‚
1000 414 1110 445 tuom
1133 405 1321 444 incendes
1342 416 1465 454 genus
1482 417 1491 449 ;

184 486 266 517 tum
289 477 402 527 igitur
422 475 491 515 tibi
512 475 627 526 aquai
648 475 718 514 erit
739 473 885 524 cupido
906 473 1021 523 genu'
1041 470 1109 521 qui
1130 469 1345 520 restinguas
1367 476 1488 514 tuom,
1530 485 1571 516 50

183 551 301 593 atque
322 543 353 580 si
373 541 446 581 eris
467 548 615 587 nactus,
639 539 804 590 proinde
825 546 866 576 ut
886 538 1005 576 corde
1025 542 1201 574 amantes
1222 541 1313 573 sunt
1333 533 1419 581 cati,

185 620 234 646 ne
255 606 462 661 scintillam
485 605 645 656 quidem
667 604 863 654 relinques
884 603 998 653 gcnu'
1020 600 1086 652 qui
1108 599 1322 649 congliscat
1344 607 1465 638 tuom.

187 674 257 710 LE.
282 671 429 710 facilest
451 671 615 709 inuentu
635 686 641 709 ι
671 671 785 709 datur
806 667 918 718 ignis,
932 674 1012 706 tam
1034 665 1106 705 etsi
1126 666 1177 704 ab
1198 664 1359 703 inimico
1379 672 1499 715 petas.

99 742 170 778 680
187 738 256 776 sed
278 746 318 775 tu
340 736 549 786 obiurgans
571 748 633 774 me
653 748 675 773 a
696 733 866 785 peccatis
887 731 979 782 rapi'
999 730 1233 771 deteriorem
1255 730 1294 769 in
1317 730 1430 768 uiam.

189 816 317 843 meam
349 810 391 841 ut
420 814 591 841 sororem
626 799 696 840 tibi
728 801 819 839 dem
855 799 996 837 suades
1030 797 1114 836 sine
1143 797 1247 835 dote.
1306 797 1403 834 aha!
1434 807 1514 833 non
1535 809 1574 841 55

1329 860 1516 900 conuenit

190 948 263 981 me,
287 933 353 985 qui
374 933 520 971 abusus
542 945 626 970 sum
650 938 799 970 tantam
820 943 902 968 rem
924 928 1099 980 patriam,
1124 940 1239 978 porro
1261 926 1300 965 in
1321 926 1427 966 ditiis

190 1013 275 1040 esse
307 1011 522 1049 agrumque
553 997 708 1043 habere,
743 1008 856 1046 egere
887 994 993 1033 illam
1024 1000 1171 1041 autem,
1205 999 1247 1031 ut
1282 1005 1345 1031 me
1379 991 1519 1030 merito

1378 1056 1516 1096 oderit.

192 1142 409 1180 numquam
431 1128 501 1168 erit
522 1126 658 1166 alienis
679 1125 797 1177 graui'
819 1124 886 1176 qui
907 1123 986 1164 suis
1008 1137 1048 1163 se
1071 1122 1282 1163 concinnat
1303 1123 1444 1162 leuem.

104 1202 170 1249 685
192 1196 291 1234 sicut
312 1194 391 1234 dixi
412 1193 551 1233 faciam
570 1209 576 1232 :
607 1194 700 1231 nolo
721 1199 758 1230 te
778 1190 912 1230 iactari
933 1189 1090 1229 diutius.

194 1263 263 1299 Lx'.
296 1267 406 1299 tanto
427 1259 583 1299 meliust
603 1266 641 1298 te
661 1257 803 1297 sororis
824 1268 963 1295 caussa
982 1262 1193 1306 egestatem
1216 1253 1376 1305 exsequi
1539 1259 1582 1293 60

193 1335 311 1378 atque
349 1339 440 1365 eum
478 1337 612 1376 agrum
653 1337 716 1362 me
755 1323 899 1361 habere
938 1334 1056 1371 quam
1092 1328 1142 1368 te,
1175 1327 1241 1358 tua
1274 1318 1341 1370 qui
1379 1320 1521 1358 toleres

1337 1384 1523 1423 moenia?

196 1460 266 1497 LE.
299 1458 392 1497 nolo
416 1469 488 1507 ego
513 1454 609 1494 mihi
636 1462 674 1494 te
701 1461 780 1493 tam
810 1451 1033 1504 prospicere
1059 1450 1126 1502 qui
1152 1463 1280 1490 meam
1310 1457 1523 1501 egestatem

1405 1517 1523 1561 leues,

197 1591 267 1629 sed
288 1596 330 1628 ut
350 1588 464 1638 inops
485 1586 640 1626 infamis
662 1600 711 1625 ne
733 1585 817 1632 sim,
841 1597 890 1623 ne
911 1582 965 1622 mi
986 1584 1088 1622 hanc
1108 1583 1253 1621 famam
1274 1581 1464 1629 differant,

110 1659 180 1705 690
199 1669 261 1694 me
281 1667 505 1705 germanam
528 1666 657 1691 meam
678 1664 851 1691 sororem
872 1649 913 1688 in
932 1647 1242 1688 concubinatum
1263 1646 1344 1694 tibi,

198 1720 229 1759 si
251 1719 334 1758 sine
355 1719 448 1757 dote
467 1716 604 1769 (dem),
627 1716 784 1756 dedisse
806 1714 920 1766 magi'
937 1727 1056 1764 quam
1076 1713 1117 1751 in
1138 1711 1443 1751 matrimonium.
1547 1716 1585 1759 ⁶5

198 1785 285 1835 quis
307 1797 369 1822 me
390 1782 591 1833 inprobior
611 1780 862 1832 perhibeatur
882 1781 1001 1819 esse?
1029 1779 1127 1817 haec
1147 1776 1389 1828 famigeratio

199 1850 236 1890 te'
257 1851 449 1897 honestet,
472 1862 535 1887 me
556 1848 854 1893 conlutulentet,
878 1846 909 1884 si
930 1846 1014 1884 sine
1035 1845 1129 1884 dote
1149 1842 1304 1883 duxeris
1324 1858 1330 1881 :

241 1989 306 2027 673
331 1989 518 2019 insanumst
535 1991 568 2017 et
584 1985 707 2017 malum
725 1984 797 2016 PCD
815 1984 865 2023 (et
885 1986 1016 2015 ‘ortum
1029 1986 1254 2014 exc-orretttrra
1272 1956 1530 2021 insantim'Leo)

200 2031 346 2072 hospitio
370 2030 443 2070 (del.
458 2030 508 2069 in)
528 2028 663 2060 Mueller
792 2030 856 2068 675
880 2027 1037 2059 incidium
1062 2027 1142 2068 Tm)
1161 2038 1168 2057 t
1188 2025 1345 2057 iudicium
1364 2024 1424 2055 alii
1508 2025 1530 2055 s.

201 2076 359 2107 incendio
377 2075 442 2106 inc.
458 2073 592 2105 Nitzsclz
695 2074 760 2112 676
783 2082 889 2112 aquae
914 2072 979 2103 erit
995 2071 1135 2102 Dousa:
1158 2069 1290 2110 aquerit
1311 2068 1378 2101 cod.
1469 2069 1532 2107 677

201 2120 229 2150 si
246 2119 314 2150 eris
329 2117 409 2149 Reiz
424 2129 431 2148 ε
455 2117 520 2148 erit
536 2117 563 2148 si
578 2116 645 2149 cod.
779 2116 845 2156 679
868 2119 981 2146 tamen
998 2115 1072 2146 etsi
1097 2113 1162 2145 cod.
1267 2113 1422 2144 inimicos
1445 2111 1511 2144 cod.
1527 2123 1535 2142 ι

204 2173 282 2194 corr.
311 2162 439 2192 Rae'tsclzl
568 2161 634 2192 680
658 2160 747 2201 rapis
772 2159 846 2191 Ital.
869 2171 875 2189 :
909 2158 1036 2199 rapidis
1063 2157 1127 2188 cod.
1157 2158 1202 2197 (v.
1229 2157 1265 2196 8>
1409 2156 1470 2187 681
1498 2160 1535 2186 ut

206 2206 327 2247 Opitz:
351 2207 402 2236 uis
417 2204 501 2237 coca:
527 2204 587 2236 del.
609 2204 742 2236 Guiettae
874 2203 938 2242 685
963 2201 1048 2233 dixit
1061 2201 1128 2232 cod.
1263 2201 1389 2240 686-91
1411 2202 1488 2240 post
1502 2209 1530 2231 v.

205 2259 267 2289 705
284 2250 376 2280 iterat
389 2248 455 2279 cod.
473 2249 521 2288 (ii.
542 2249 579 2283 6)
700 2248 765 2278 686
788 2251 908 2278 tanton
925 2245 1053 2276 Rz'tsclel
1174 2246 1235 2284 691
1254 2245 1334 2275 dote
1349 2243 1400 2274 vel
1420 2243 1533 2274 dotem

204 2293 235 2323 Β
346 2293 422 2323 dem
448 2291 524 2323 add.
543 2291 643 2322 Klotz
745 2290 795 2321 vrl
808 2300 905 2330 mage
1080 2290 1188 2328 692—4
1207 2291 1285 2328 post
1306 2298 1336 2319 v.
1359 2297 1421 2327 704
1445 2288 1538 2318 iterat

203 2336 269 2367 cod.
287 2336 334 2376 (ii.
354 2336 391 2375 6)
501 2337 566 2375 692
591 2333 793 2365 famiferatio
814 2333 881 2366 cod.
905 2335 999 2374 (corr.
1015 2333 1049 2363 in
1071 2332 1137 2362 loco
1152 2331 1281 2372 iterato)
1392 2331 1455 2370 693
1480 2339 1534 2360 me

203 2379 350 2454 {Gutta-ng]
368 2390 394 2410 c.
425 2377 492 2410 cod.
517 2379 566 2418 (in
585 2377 651 2409 Ioco
674 2378 798 2418 iterato)
926 2387 979 2407 me
1005 2377 1054 2411 (et
1079 2376 1148 2416 me)
1173 2374 1358 2406 conlutulet
1387 2377 1421 2405 et
1445 2373 1531 2405 codd.

238 2434 302 2454 omt
342 2434 361 2462 4
