1783 2707
159 133 237 170 III.

199 323 238 347 10

200 648 236 678 15

201 978 239 999 20

205 1303 239 1334 25

207 1629 246 1659 30

258 132 287 168 ii
663 131 709 167 T.
743 128 923 167 MACCI
956 127 1159 164 PLAVTI

258 244 326 280 ΡΑ.
350 242 426 280 eho
446 254 495 279 an
518 239 662 279 dormit
684 238 890 277 Sceledrus
912 236 1045 274 intus?
1094 236 1164 272 Lv.
1189 246 1269 272 non
1290 246 1387 271 naso
1407 231 1580 282 quidem,

256 321 347 346 nam
369 320 416 345 eo
438 306 624 355 magnum
647 305 799 341 clamat.
861 304 931 340 PA.
962 299 1088 350 tetigit
1109 299 1272 338 calicem
1293 283 1516 336 clanculum
1535 311 1543 335 :

255 371 466 414 †domisit†
487 368 640 408 nardini
660 369 891 417 amphoram
914 365 1102 405 cellarius.

255 440 331 477 eho
352 445 393 475 tu
416 438 589 481 sceleste,
614 434 680 484 qui
702 433 755 471 illi
778 432 1037 482 subpromu's,
1060 431 1190 468 eho—
1601 425 1667 470 825

256 505 328 541 Lv.
360 501 455 552 quid
476 500 567 539 uis?
624 501 694 537 ΡΑ.
727 495 861 550 qui[d]
883 496 1051 535 lubitum
1074 502 1131 533 est
1153 494 1205 532 illi
1226 491 1573 532 condormiscere?

257 570 326 606 Lv.
359 566 482 605 oculis
504 565 654 615 opinor.
715 566 783 601 ΡΑ.
817 576 896 600 non
918 570 956 600 te
977 561 1075 599 istuc
1097 560 1232 611 rogito,
1257 560 1393 597 scelus.

256 634 427 684 procede
448 633 535 669 huc.
594 629 741 680 periisti
762 628 839 666 iarn
862 627 935 665 nisi
956 640 1093 665 uerum
1116 625 1207 664 scio.

256 697 481 750 prompsisti
504 705 544 735 tu
566 696 619 734 illi
641 695 811 733 uinum?
869 696 938 731 Lv.
972 706 1052 730 non
1074 690 1258 742 prompsi.
1319 692 1387 727 PA.
1421 689 1571 739 negas?

257 767 328 803 LV.
360 777 461 814 nego
482 764 612 801 hercle
633 774 737 807 uero,
761 773 852 798 nam
874 759 924 797 ill'
946 772 1008 797 me
1030 756 1157 796 uotuit
1178 756 1307 795 dicere
1325 770 1335 803 ,-
1605 756 1674 801 830

257 843 386 879 neque
408 828 593 877 equidem
614 826 793 864 heminas
815 831 906 863 octo
927 822 1149 874 exprompsi
1171 822 1210 859 in
1231 834 1391 859 urceum

258 908 387 945 neque
408 893 485 931 illic
507 892 678 931 calidum
707 890 710 941 l
737 889 885 929 exbibit
907 889 945 927 in
968 887 1187 939 prandium.

261 963 328 998 ΡΑ.
362 973 490 1009 neque
512 966 552 996 tu
574 956 740 995 bibisti?
797 957 868 993 Lv.
901 954 941 993 di
963 968 1025 992 me
1047 954 1212 1003 perdant
1233 951 1264 990 si
1284 950 1379 998 bibi,

260 1027 290 1065 si
311 1026 446 1065 bibere
468 1024 577 1075 potui
595 1027 601 1061 1
660 1025 728 1060 ΡΑ.
752 1021 848 1071 quid
869 1020 976 1058 iam?
1024 1021 1094 1057 Lv.
1119 1018 1211 1068 quia
1231 1016 1335 1056 enim
1357 1016 1570 1067 opsorbui3

260 1105 351 1130 nam
373 1090 479 1129 nimi’
502 1090 666 1135 calebat,
689 1087 922 1126 amburebat
943 1092 1149 1135 gutturem.
1607 1075 1672 1118 835

262 1159 329 1195 PA.
362 1156 425 1194 alii
448 1155 542 1194 ebrii
565 1161 665 1199 sunt,
689 1152 752 1190 alii
774 1164 936 1202 poscam
957 1149 1136 1200 potitant.

261 1223 368 1261 bono
390 1221 605 1271 subpromo
627 1226 664 1257 et
685 1231 824 1268 promo
846 1217 983 1254 cellam
1006 1214 1193 1252 creditam
1215 1216 1221 1251 1

264 1291 332 1327 LV.
366 1296 407 1327 tu
433 1287 437 1339 1
464 1288 594 1326 hercle
615 1285 722 1324 idern
744 1285 890 1322 faceres
913 1282 942 1320 si
965 1280 1036 1320 tibi
1057 1287 1158 1319 esset
1179 1278 1353 1318 credita:

261 1353 449 1404 quoniam
471 1350 655 1391 aemulari
677 1363 758 1388 non
780 1349 880 1395 licet,
904 1360 1010 1385 nunc
1030 1345 1195 1384 inuides.
1607 1339 1740 1382 839-40

263 1422 331 1458 PA.
365 1421 440 1458 eho
461 1432 511 1457 an
532 1429 721 1467 umquam
742 1413 935 1465 prompsit
954 1411 1154 1451 antehac?
1183 1409 1389 1460 responde,
1412 1408 1550 1447 scelus.

262 1493 380 1536 atque
401 1492 442 1523 ut
464 1492 504 1522 tu
527 1483 623 1521 scire
644 1480 805 1531 possies,
829 1479 920 1518 dico
941 1477 1011 1516 tibi
1031 1492 1037 1514 :

264 1551 295 1589 si
316 1552 411 1588 falsa
432 1549 550 1595 dices,
575 1547 730 1593 Lurcio‚
754 1543 1036 1584 excruciabere.

268 1619 336 1655 Lv.
369 1615 421 1654 ita
442 1615 565 1653 uero?
594 1621 636 1651 ut
657 1620 697 1650 tu
718 1611 801 1661 ipse
823 1624 885 1648 me
907 1608 1050 1648 dixisse
1070 1606 1226 1653 delices,

308 1722 371 1759 824
397 1718 488 1750 domi
504 1718 600 1748 sitam
618 1715 737 1747 ardimi
755 1725 830 1745 nam
851 1714 1045 1753 amphoram
1064 1712 1156 1744 PCD:
1181 1710 1307 1742 dormis
1324 1710 1369 1741 ita
1385 1709 1592 1740 arcliminam

264 1765 404 1805 phoram
422 1763 469 1793 B:
492 1773 511 1792 a
530 1762 640 1791 litteris
657 1770 709 1799 pr·
728 1769 840 1789 versus
858 1757 1007 1797 incepisse
1016 1759 1118 1796 potest
1130 1756 1162 1786 in
1174 1755 1206 1785 A
1298 1755 1374 1784 dum
1394 1753 1484 1783 misit
1502 1753 1593 1792 (nar-
1612 1751 1613 1755 ’

266 1809 342 1839 dum
375 1808 407 1837 in
441 1807 521 1845 am.)
554 1804 696 1843 Ussing:
734 1802 899 1841 prompsit
933 1800 1059 1831 Pareus
1085 1800 1154 1839 (vii,
1182 1808 1214 1838 p.
1244 1798 1301 1838 99)
1318 1808 1324 1827 ε
1358 1797 1413 1827 vix
1440 1796 1595 1836 promisit

265 1850 394 1882 nardini
411 1850 486 1880 Ital.
619 1848 683 1877 826
706 1846 761 1885 qui
782 1845 989 1875 Beroaldus:
1014 1844 1091 1882 quid
1116 1843 1148 1873 P
1169 1846 1198 1872 et
1221 1845 1259 1872 ut
1279 1840 1340 1871 vid.
1360 1840 1392 1870 A
1413 1840 1483 1879 (vix
1501 1840 1591 1878 quid,

265 1895 410 1933 sedfort.
439 1893 519 1932 quid
541 1891 606 1921 lub.
632 1891 678 1920 ila
699 1890 957 1930 pronuntiatum
980 1891 1017 1917 ut
1038 1891 1093 1926 qui
1117 1887 1182 1918 lub.
1210 1884 1384 1924 (quillub.)
1411 1883 1594 1920 audiretur)

266 1941 327 1978 827
352 1937 401 1968 vel
414 1938 517 1976 opino
638 1935 703 1972 830
728 1934 747 1964 i.
770 1934 891 1963 metuit
909 1931 941 1961 Β
965 1932 1042 1972 (pro
1059 1931 1114 1960 ille
1132 1934 1198 1960 uet.
1214 1930 1241 1966 2)
1353 1929 1413 1966 831
1441 1927 1595 1957 heminas

267 1982 468 2013 Saracenus:
494 1979 634 2010 feminas
646 1977 684 2009 P.
701 1977 732 2006 A
753 1988 785 2007 n.
808 1977 827 2007 l.
849 1978 881 2011 (i.
897 1976 931 2010 8>
1045 1976 1109 2013 832
1134 1972 1259 2004 calidas
1272 1971 1440 2012 Niemeyer
1451 1970 1496 2010 (A
1511 1980 1542 2001 n.
1555 1970 1594 2011 l.)

267 2027 330 2065 834
355 2025 492 2064 potuisti
517 2023 554 2060 P,
574 2024 604 2052 A
631 2033 664 2053 n.
685 2021 703 2051 l.
843 2021 905 2059 835
931 2019 1059 2050 calebat
1083 2017 1248 2048 adurebat
1271 2014 1357 2046 codd.
1384 2015 1482 2045 Noniz
1509 2024 1595 2053 207:

268 2069 435 2109 (cNaleb—
452 2068 484 2097 A
503 2079 510 2098 ε
536 2066 657 2097 caleuit
676 2065 748 2105 (pro
762 2069 855 2094 -euat
870 2069 892 2093 f]
912 2063 1110 2093 ambureuat
1128 2061 1160 2091 Ρ
1277 2061 1340 2098 836
1364 2059 1427 2089 alia
1441 2061 1592 2098 postcam

269 2117 461 2152 (postquam
475 2110 519 2148 Β)
537 2111 574 2149 Ρ,
591 2110 623 2139 A
640 2120 669 2139 n.
683 2109 703 2139 l.
718 2120 724 2139 ε
740 2119 817 2138 corr.
831 2106 1029 2144 Palmert'ns‚
1047 2105 1232 2141 Acidalius,
1245 2103 1376 2143 Lipsius
1449 2101 1595 2141 potitant

267 2156 424 2196 Lipsius:
450 2155 589 2194 potitam
618 2162 696 2183 corr.
726 2156 874 2191 potatam
894 2149 926 2179 Ρ
946 2153 981 2179 ut
1001 2149 1064 2180 vid.
1085 2148 1133 2185 (M
1148 2153 1209 2188 pro
1228 2147 1287 2178 NT
1304 2157 1310 2183 ;
1335 2146 1378 2177 vi.
1403 2145 1445 2184 IN,
1466 2144 1498 2174 A
1518 2155 1549 2176 n.
1569 2144 1590 2175 l.

267 2201 332 2239 838
356 2200 411 2230 vir
426 2198 565 2229 hercule
656 2196 744 2226 idem
765 2194 838 2225 Ital.
859 2205 865 2223 ι
890 2193 964 2223 id—
981 2193 1012 2222 A
1033 2204 1040 2223 :
1065 2193 1152 2222 diem
1170 2191 1221 2221 P:
1246 2191 1361 2221 itidem
1378 2188 1485 2229 Bergk
1565 2187 1595 2217 si

268 2244 366 2273 Ital.:
393 2242 434 2273 sit
459 2242 498 2280 P,
522 2241 554 2270 A
583 2251 612 2270 n.
638 2240 658 2270 l.
793 2240 855 2276 842
881 2236 992 2276 possis
1017 2237 1074 2269 (ita
1094 2235 1133 2274 P,
1160 2235 1192 2265 A
1213 2244 1243 2265 n.
1264 2235 1298 2265 Li
1326 2232 1434 2275 (ego)
1455 2230 1596 2272 Pylades

269 2288 333 2328 843
358 2286 441 2316 salsa
456 2285 529 2315 Ital.
547 2295 554 2314 :
579 2283 672 2323 palsa
688 2282 728 2319 P,
748 2283 780 2312 A
800 2292 831 2312 n.
851 2281 870 2312 l.
979 2280 1069 2310 dices
1088 2278 1231 2308 Ritschl:
1257 2277 1339 2307 dicis
1355 2276 1388 2306 P
1403 2278 1476 2316 (pro
1491 2285 1543 2306 -es
1554 2274 1592 2313 Ἰ),

270 2331 303 2360 A
328 2341 359 2360 n.
387 2330 408 2360 l.
499 2327 620 2358 Lurcio
645 2325 816 2356 Fleckeisen
841 2334 879 2354 ex
896 2333 1028 2353 scaenae
1055 2323 1099 2352 tit.
1121 2325 1149 2351 et
1171 2326 1254 2361 pers.
1279 2320 1361 2350 notis
1388 2319 1531 2359 (rvcmo
1551 2317 1592 2356 P,

272 2382 428 2404 chumo
442 2370 501 2410 D2‚
513 2371 546 2401 A
561 2381 591 2400 n.
609 2370 645 2409 l.)
663 2381 670 2400 ε
695 2369 787 2399 uotio
805 2367 898 2408 (mio)
913 2366 955 2405 P,
968 2366 1000 2395 A
1017 2377 1047 2397 n.
1062 2365 1082 2397 l.
1131 2364 1382 2395 excruciaberet
1401 2362 1437 2399 P,
1452 2362 1484 2392 A
1505 2372 1535 2392 n.
1549 2361 1569 2393 l.
1588 2372 1595 2391 ε

270 2428 349 2449 corr.
375 2416 451 2446 Ital.
477 2415 529 2456 (cf
552 2413 598 2444 ad
616 2414 695 2452 223)
850 2411 980 2449 844—54
1003 2408 1140 2440 extremi
1151 2408 1222 2447 fire
1247 2417 1357 2438 versus
1382 2406 1538 2446 leguntur
1558 2403 1592 2434 A

999 2521 1021 2531 l
