1783 2707
172 122 225 160 ΙΙ.
247 124 275 160 ii
665 125 710 163 T.
746 125 925 163 MACCI
958 126 1160 162 PLAVTI

189 447 230 479 45

186 1750 228 1782 60

250 236 345 274 dum
368 244 576 286 percontor
596 235 814 286 portitores,
838 249 987 286 ecquae
1007 235 1120 274 nauis
1141 235 1292 274 uenerit

250 314 297 339 ex
316 301 420 348 Asia,
444 308 587 351 negant
608 301 775 349 uenisse,
799 301 1050 351 conspicatus
1071 314 1157 339 sum
1179 300 1331 338 interim

250 379 464 414 cercurum,
488 380 568 416 quo
588 379 660 416 ego
682 380 745 405 me
767 366 954 405 maiorem
975 378 1055 404 non
1077 365 1224 404 uidisse
1244 378 1397 404 censeo.

251 432 290 471 in
311 439 467 483 portum
488 440 609 471 uento
630 433 816 480 secundo,
842 434 930 470 uelo
952 444 1067 482 passo
1089 430 1276 481 peruenit.

249 498 347 537 alius
368 499 486 537 alium
508 508 808 550 percontamur:
842 498 1018 549 ‘quoiast
1039 497 1183 536 nauis?
1221 497 1317 548 quid
1338 497 1496 536 uehit?'
1595 508 1665 544 370

248 562 403 603 interibi
452 564 719 614 Epignomum
768 563 971 614 conspicio
1019 570 1128 602 tuom
1170 562 1296 601 uirum
1338 570 1376 601 et
1419 575 1574 601 seruom

1383 627 1573 666 Stichum.

250 695 350 732 ΡΑΝ.
382 695 472 732 hem
492 693 617 744 quid?
656 693 924 744 Epignomum
946 694 1165 732 elocutu's?
1214 695 1271 730 P1.
1304 700 1413 730 tuom
1435 691 1572 730 uirum.

1125 759 1198 796 GE.
1232 765 1269 796 et
1290 756 1411 795 uitam
1433 769 1571 795 meam.

250 826 307 862 Pr.
341 824 448 863 uenit
483 824 654 874 inquam.
716 826 816 862 PAN.
850 824 949 862 tutin
986 823 1092 874 ipsus
1128 822 1256 872 ipsum
1296 820 1457 860 uidisti?
1514 823 1573 860 P1.

1422 887 1572 925 lubens.

193 971 205 978 ·
249 955 398 1005 argenti
425 955 429 1007 Ι
454 954 617 1006 aurique
637 954 796 994 aduexit
817 954 994 993 nimium.
1043 954 1115 991 GE.
1151 952 1257 991 nimi'
1278 953 1425 990 factum
1448 952 1574 990 bene!

250 1022 379 1060 hercle
400 1034 494 1059 uero
515 1020 667 1071 capiam
690 1033 829 1070 scopas
850 1027 968 1070 atque
989 1020 1065 1057 hoc
1087 1030 1320 1057 conuorram
1341 1017 1492 1055 lubens.
1596 1026 1661 1063 375

251 1088 309 1124 P1.
346 1088 477 1125 lanam
515 1099 807 1137 purpuramque
847 1087 1021 1124 multam.
1082 1085 1157 1123 GE.
1194 1083 1251 1122 est
1291 1082 1357 1133 qui
1396 1089 1574 1121 uentrem

1395 1146 1570 1186 uestiam.

249 1219 306 1257 P1.
339 1220 461 1257 lectos
482 1219 675 1265 eburatos,
698 1226 864 1257 auratos.
925 1219 998 1256 GE.
1030 1216 1236 1255 accubabo
1257 1214 1369 1264 regie.

250 1285 308 1322 P1.
340 1291 424 1322 tum
447 1283 689 1333 Babylonica
708 1290 746 1322 et
766 1282 997 1334 peristroma
1017 1280 1174 1320 tonsilia
1195 1288 1232 1319 et
1254 1278 1426 1330 tappetia

193 1365 203 1372 ·
247 1349 419 1398 aduexit,
440 1348 606 1387 nimium
628 1349 758 1387 bonae
779 1348 843 1386 rei.
903 1350 976 1386 GE.
1009 1348 1140 1386 hercle
1160 1360 1242 1385 rem
1263 1352 1413 1396 gestam
1434 1344 1535 1383 bene
1553 1346 1560 1382 1

249 1416 307 1454 ΡΙ.
339 1422 463 1466 poste,
486 1421 528 1453 ut
549 1413 686 1464 occepi
707 1427 870 1460 narrare,
894 1412 1083 1460 fidicinas,
1108 1410 1299 1458 tibicinas,
1595 1412 1663 1456 380

248 1480 456 1519 sambucas
475 1479 633 1518 aduexit
655 1491 789 1517 secum
810 1479 935 1516 forma
955 1476 1105 1516 eximia.
1167 1478 1241 1515 GE.
1273 1478 1447 1527 eugepae
1465 1478 1470 1513 l

247 1546 409 1596 quando
430 1544 632 1591 adbibero,
655 1543 895 1583 adludiabo:
926 1550 1010 1582 tum
1032 1556 1119 1581 sum
1140 1541 1463 1581 ridiculissumus.

249 1613 305 1649 ΡΙ.
338 1617 450 1662 poste
479 1616 680 1660 unguenta
710 1608 1009 1660 multigenerum
1041 1609 1173 1647 multa.
1225 1608 1298 1646 GE.
1331 1620 1412 1646 non
1441 1607 1574 1645 uendo

1450 1673 1570 1722 logos.

247 1741 325 1781 iam
345 1740 460 1794 (iam)
479 1755 558 1780 non
581 1740 681 1780 facio
701 1740 938 1788 auctionem,
963 1739 1015 1778 mi
1037 1738 1175 1790 optigit
1195 1737 1392 1778 hereditas
1409 1752 1416 1776 ε

247 1809 433 1856 maliuoli,
455 1807 733 1859 perquisitores
754 1807 994 1855 auctionum,
1018 1806 1211 1858 perierint.
1592 1808 1657 1852 385

248 1874 453 1921 Hercules,
476 1874 686 1913 decumam
708 1886 793 1912 esse
813 1873 1023 1912 adauctam
1044 1871 1115 1911 tibi
1136 1885 1254 1923 quam
1275 1870 1369 1910 uoui
1389 1870 1569 1921 gratulor.

246 1953 334 1991 spes
368 1946 427 1979 est
459 1940 621 1978 tandem
655 1938 870 1989 aliquando
904 1937 1157 1988 inportunam
1192 1935 1343 1987 exigere
1377 1950 1423 1975 ex
1461 1943 1573 1974 utero

1415 2001 1569 2039 famem.

289 2119 348 2150 371
386 2110 519 2142 interim
540 2109 573 2140 Ρ
681 2119 744 2149 372
769 2108 947 2149 ᾁεΙΟωωΞ.
963 2108 995 2138 Α
1092 2113 1124 2139 et
1142 2117 1171 2138 u.
1194 2117 1236 2139 m.
1255 2105 1390 2138 Pinacio
1405 2106 1574 2137 continuat

246 2154 278 2184 Α
434 2164 497 2194 373
522 2158 581 2185 tun
596 2163 670 2184 eum
689 2154 799 2193 ipsum
816 2153 952 2184 uidisti?
1003 2151 1053 2183 1³1.
1071 2151 1116 2183 ita
1133 2161 1196 2191 ego
1213 2151 1321 2182 libens
1338 2150 1370 2181 Ρ
1507 2160 1571 2189 374

245 2196 390 2241 (atque)
416 2197 548 2237 argenti
579 2196 738 2228 Mueller:
775 2194 1020 2239 argenti(que)
1054 2194 1210 2226 Gzcietus:
1248 2205 1291 2225 an
1324 2192 1486 2236 (lubens)
1517 2194 1572 2225 a.‘.l

247 2240 401 2282 nimium]
426 2242 566 2273 multum
583 2241 617 2272 P
773 2241 837 2279 376
859 2244 913 2271 est
937 2240 986 2281 (e)
1007 2238 1056 2270 vel
1075 2249 1128 2270 em
1147 2238 1196 2279 (e)
1214 2236 1248 2269 P
1390 2247 1452 2277 377
1476 2246 1570 2268 accu-

246 2286 352 2317 babor
376 2286 451 2326 egle
476 2285 510 2316 P
636 2284 700 2324 378
723 2283 805 2315 Tam
833 2282 867 2314 Ρ
961 2283 1222 2324 peristromaton
1248 2281 1321 2312 silla
1347 2280 1380 2312 P
1506 2291 1571 2321 379

246 2330 361 2361 hercle
378 2340 444 2361 om.
462 2329 494 2360 A
610 2328 670 2368 381
698 2328 831 2359 exumia
846 2326 880 2357 Ρ
896 2327 966 2368 (vt'x
980 2327 1118 2367 antiqua
1124 2326 1258 2366 forma)
1374 2326 1437 2364 383
1461 2324 1571 2356 multi-

246 2384 372 2413 genera
399 2373 533 2405 Guietzcs
635 2371 729 2403 locos
751 2371 785 2401 A
917 2371 981 2410 384
1005 2370 1068 2402 iam
1092 2368 1201 2412 (iam)
1218 2367 1343 2400 Bothe:
1378 2369 1440 2400 iam
1466 2367 1573 2410 (ego)

246 2417 375 2449 Rt'tsclzl
490 2417 553 2457 385
576 2416 753 2456 perierunt
775 2414 807 2445 A
919 2415 983 2454 386
1008 2413 1207 2445 Hercoleles
1224 2413 1256 2444 P
1373 2414 1434 2452 387
1459 2423 1523 2443 om.
1544 2411 1576 2442 P

960 2518 982 2529 l
