1731 2713
136 473 206 508 330

133 864 199 901 335

127 1519 194 1556 345

678 96 1090 136 TRVCVLENTVS
1495 99 1548 136 ΙΙ.
1570 99 1616 137 iii

331 204 399 242 As.
431 217 511 243 non
532 204 619 255 quis
639 218 847 256 parumper
867 207 1006 244 durare
1027 206 1265 255 opperirier?
1571 224 1589 256 5

334 269 398 306 DI.
430 269 525 319 quin
546 271 674 309 hercle
695 272 817 309 lassus
839 270 915 308 iam
937 285 1023 308 sum
1045 272 1224 309 durando
1247 272 1383 311 miser:

331 334 426 371 mihi
447 348 606 385 quoque
626 349 718 385 prae
738 335 967 374 lassitudine
988 349 1088 385 opus
1109 347 1165 373 est
1186 336 1262 387 (ut)
1283 339 1422 375 lauem.

331 400 400 436 scd
421 413 585 449 opsecro
607 401 746 447 hercle,
770 400 1017 450 Astaphium,
1040 399 1086 452 (ι’)
1107 400 1207 438 intro
1228 415 1272 438 ac
1295 402 1431 439 nuntia

332 477 394 503 mc
413 466 562 511 adesse,
586 473 627 503 ut
648 474 828 516 properet
849 467 981 512 suade,
1005 466 1082 504 iam
1105 475 1145 504 ut
1167 467 1247 504 sati*
1270 467 1415 504 latuerit.

330 531 398 567 As.
431 529 530 568 licet.
592 532 655 568 D1.
687 531 807 569 audin
832 531 982 570 etiam?
1038 534 1106 570 As.
1139 532 1233 581 quid
1264 531 1354 569 uis?
1414 533 1477 569 1⁷)1.
1507 532 1549 570 di
1574 547 1610 569 10

992 639 1001 647 -
1282 610 1344 634 mc
1366 597 1549 646 perduint

329 659 396 709 qui
417 667 455 698 te
475 660 658 698 reuocaui
678 664 684 699 1
714 674 794 699 non
816 661 886 699 tibi
907 661 1088 700 dicebam
1115 662 1170 699 ‘i'
1192 662 1344 699 modo?

329 727 396 763 As.
429 725 524 774 quid
549 725 625 763 iam
647 727 872 773 reuocabas,
895 726 1060 776 inprobe
1081 726 1271 776 nihilique
1292 728 1442 765 homo?

328 797 410 828 tute
431 789 501 828 tibi
522 789 627 829 mille
648 804 805 841 passum
827 791 1011 841 peperisti
1034 805 1232 830 morae.—

330 857 394 893 D1.
427 856 497 894 sed
513 855 609 905 quid
630 857 726 894 haec
748 856 811 894 hic
831 864 963 894 autem
985 864 1064 894 tam
1086 856 1153 895 diu
1171 864 1261 894 ante
1281 857 1389 896 aedis
1411 857 1547 896 stetit?

326 920 580 970 nescioquem
603 923 836 971 praestolata
857 930 939 969 est3
969 923 1098 968 credo,
1122 922 1296 960 militem.
1568 937 1607 969 15

325 984 434 1023 illum
456 987 615 1024 student
635 986 737 1034 iam;
767 987 877 1036 quasi
899 987 1055 1026 uolturii
1077 987 1206 1026 triduo

325 1049 421 1100 priu'
441 1050 714 1100 praediuinant
735 1064 814 1100 quo
835 1051 899 1090 die
921 1051 1040 1090 essuri
1063 1051 1162 1090 sient
1180 1068 1187 1090 :

325 1114 434 1152 illum
456 1114 606 1153 inhiant
626 1129 774 1162 omnes,
799 1115 851 1153 illi
873 1124 931 1154 est
951 1116 1105 1154 animus
1126 1117 1311 1155 omnibus
1329 1131 1340 1165 5

324 1193 388 1218 me
408 1193 525 1218 nemo
547 1180 658 1230 magi'
678 1180 868 1230 respiciet‚
892 1181 959 1219 ubi
981 1181 1011 1219 is
1032 1183 1109 1220 huc
1130 1182 1294 1231 uenerit,

323 1244 434 1294 quasi
454 1245 598 1284 abhinc
619 1247 811 1284 ducentos
832 1260 958 1285 annos
980 1247 1118 1286 fuerim
1140 1256 1326 1286 mortuos.
1374 1248 1377 1251 ’
1565 1264 1606 1287 20

322 1317 364 1348 ut
385 1323 466 1348 rem
487 1323 640 1348 seruare
660 1323 781 1349 suaue
801 1319 860 1349 est
881 1314 886 1349 l
917 1325 990 1349 uae
1012 1311 1153 1350 misero
1170 1312 1266 1350 mihi
1286 1316 1292 1351 !

321 1382 411 1425 post
430 1376 576 1413 factum
598 1376 742 1423 flector,
766 1375 833 1426 qui
853 1384 1100 1427 antepartum
1122 1377 1285 1427 perdidi.

323 1453 459 1478 uerum
480 1453 586 1478 nunc
606 1440 637 1479 si
657 1454 735 1491 qua
755 1441 808 1479 mi
829 1441 1010 1492 optigerit
1029 1442 1224 1481 hereditas

322 1519 464 1556 magna
482 1513 600 1555 atque
620 1507 828 1553 luculenta,
852 1521 958 1545 nunc
979 1516 1188 1558 postquam
1210 1508 1291 1547 scio

320 1572 436 1610 dulce
455 1579 573 1621 atque
593 1585 769 1610 amarum
790 1572 887 1622 quid
908 1573 956 1611 sit
977 1587 1023 1611 ex
1042 1573 1221 1623 pecunia,
1562 1588 1601 1620 25

319 1636 371 1675 ita
392 1649 465 1686 ego
485 1636 590 1675 illam
611 1638 753 1687 edepol
774 1651 928 1676 seruem
955 1637 1087 1688 itaque
1107 1652 1222 1689 parce
1243 1639 1430 1688 uictitem,

318 1703 522 1740 ut—nulla
543 1701 659 1740 faxim
680 1701 735 1741 cis
756 1702 839 1741 dies
861 1716 1009 1753 paucos
1030 1702 1102 1742 siet
1118 1718 1129 1751 3

254 1808 319 1845 326
342 1806 454 1837 durari
471 1806 535 1838 cod.
678 1809 742 1847 328
767 1814 802 1840 ut
820 1808 930 1840 lauem
951 1809 1181 1840 Camerarius:
1207 1809 1283 1841 laue
1299 1809 1365 1842 cod.
1478 1821 1542 1851 329

210 1849 312 1881 iadd.
335 1850 410 1881 Ital.
563 1859 628 1890 330
652 1857 687 1883 ut
709 1852 902 1894 Kt'esslt'ng:
927 1853 975 1883 tui
1000 1853 1067 1884 cod.
1099 1878 1103 1881 .
1182 1855 1286 1885 suade
1305 1854 1540 1886 Camerarius:

210 1903 314 1924 suaue
333 1893 398 1924 cod.
542 1904 605 1933 333
629 1896 776 1934 quidiam
804 1896 890 1938 [me]
917 1895 969 1927 B:
1002 1897 1163 1936 quidnam
1190 1897 1255 1928 Leo
1353 1899 1539 1938 improbu’s

209 1937 286 1977 Leo,
312 1938 366 1967 cui
385 1937 479 1968 nihili
503 1938 613 1978 trisyll.
640 1939 781 1980 displicet
938 1950 1001 1980 334
1026 1946 1098 1971 tute
1125 1941 1215 1972 Leo:
1240 1952 1305 1981 que
1321 1942 1388 1972 cod.
1481 1953 1537 1982 pe-

210 1981 324 2020 peristi
349 1980 509 2022 Spengel:
544 1983 678 2022 peperit
702 1983 770 2015 cod.
877 1994 1003 2015 moram
1031 1985 1172 2026 Spengel
1299 1987 1364 2024 336
1389 1991 1537 2025 praesto·

208 2024 275 2055 lata
291 2029 341 2055 est
357 2024 457 2056 ItaL:
481 2030 596 2065 presto
619 2026 695 2069 [ita]
722 2028 788 2059 lata
813 2033 865 2060 est
889 2029 953 2060 cod.
984 2029 1040 2069 (iv.
1068 2031 1102 2068 3)
1237 2039 1300 2068 337
1325 2030 1462 2060 uolturii
1481 2030 1537 2060 tri-

207 2069 274 2098 duo
298 2067 396 2101 Ital.:
430 2069 553 2100 uolturi
578 2071 649 2101 heri
685 2072 751 2102 duo
787 2072 892 2113 (PCD)
928 2072 978 2103 vel
1009 2073 1086 2104 uolo
1111 2073 1247 2104 turiceri
1280 2074 1346 2103 duo
1378 2072 1440 2113 (Β)
1466 2073 1532 2104 cod.

205 2113 269 2151 338
294 2112 336 2142 de
352 2113 451 2152 quoio
469 2112 575 2153 Bergk
663 2116 734 2145 euri
752 2115 817 2147 cod.
839 2116 921 2157 (pro
939 2117 1021 2156 euri,
1041 2117 1060 2147 ι’.
1075 2127 1096 2147 e.
1118 2118 1224 2156 esuri)
1347 2126 1412 2155 340
1436 2127 1534 2148 nemo

206 2154 363 2194 Pylades:
388 2156 479 2187 nimo
495 2157 559 2188 cod.
582 2158 700 2196 (nimio
717 2158 805 2199 PCD)
896 2160 1052 2198 velmage
1142 2161 1170 2190 is
1186 2160 1260 2191 Ital.
1280 2172 1287 2190 ε
1311 2160 1367 2191 ise
1385 2160 1452 2198 (vel
1464 2161 1534 2198 est)

204 2198 269 2230 cod.
299 2200 357 2240 (iv.
385 2200 465 2240 33):
491 2200 555 2232 iste
579 2201 793 2232 Camerarius
925 2213 986 2242 341
1013 2204 1135 2234 abhinc
1152 2204 1346 2234 Fleckeisen:
1371 2203 1448 2234 hinc
1465 2203 1531 2234 cod.

206 2251 270 2281 342
294 2248 416 2274 utrem
445 2254 583 2275 seruare
614 2244 851 2277 Studemund:
885 2251 995 2277 utrum
1023 2246 1151 2277 seruire
1181 2248 1296 2287 (seure
1323 2247 1369 2287 Β)
1385 2246 1471 2278 cod.:
1498 2251 1534 2277 ut

207 2296 277 2316 rem
307 2285 470 2318 inseruire
503 2287 640 2327 Seyffi’rt
748 2299 854 2320 suaue
889 2290 1124 2321 Camerarius:
1163 2290 1255 2321 salue
1281 2290 1346 2321 cod.
1470 2301 1533 2322 uae

205 2328 360 2363 Merula:
400 2341 486 2361 ueue
513 2330 580 2362 cod.
746 2342 810 2372 343
833 2333 890 2372 qui
907 2333 1031 2365 Bothe:
1055 2334 1131 2373 quia
1147 2333 1214 2366 cod.
