1731 2713
765 74 1003 113 STICHVS
1512 77 1539 113 Ι.
1563 77 1592 113 ii

217 188 293 225 AN.
327 186 468 236 edepol
507 198 578 224 uos
617 183 748 235 lepide
797 183 986 234 temptaui
1038 191 1293 234 nostrumque
1341 183 1540 235 ingenium

193 247 195 249 ’
1398 249 1539 299 ingeni.

216 317 284 356 sed
312 317 387 355 hoc
414 323 472 355 est
496 316 604 366 quod
633 317 684 355 ad
713 330 783 355 uos
812 315 930 356 uenio
957 315 1145 365 quodque
1174 327 1257 353 esse
1287 315 1423 352 ambas
1452 326 1542 352 con·
1565 327 1603 359 70

1267 385 1404 418 uentas
1425 379 1518 417 uolo
1535 394 1541 417 ε

216 446 268 485 mi
289 454 467 486 auctores
488 446 539 485 ita
561 454 651 485 sunt
671 447 799 494 amici,
823 455 864 485 ut
887 460 957 485 uos
980 445 1071 484 hinc
1092 445 1288 483 abducam
1309 445 1484 483 domum.

216 514 320 551 ΡΑΜ.
352 520 390 550 at
411 511 515 550 enim
537 525 608 550 nos
629 526 795 562 quarum
818 525 876 551 res
896 511 1021 562 agitur
1041 510 1151 549 aliter
1170 516 1349 548 auctores
1369 522 1515 547 sumus.

131 589 196 623 ¹30
215 590 306 615 nam
326 584 393 615 aut
414 576 519 624 olim,
543 576 615 615 nisi
637 577 707 616 tibi
730 578 949 628 placebant,
974 589 1053 615 non
1075 577 1186 615 datas
1208 574 1380 626 oportuit

213 649 280 680 aut
301 655 406 680 nunc
427 654 506 680 non
527 650 734 692 aequomst
754 642 913 690 abduci,
934 649 1053 693 pater,
1078 640 1198 679 illisce
1218 640 1457 691 apsentibus.

214 709 292 746 AN.
325 719 448 746 uosne
469 719 542 757 ego
562 707 686 758 patiar
706 721 796 747 curn
819 706 1011 746 mendicis
1034 713 1175 756 nuptas
1198 718 1261 744 me
1283 705 1377 745 uiuo
1397 705 1519 744 uiris?
1565 720 1601 753 75

216 774 320 810 PAM.
352 773 479 822 placet
518 772 581 811 ille
622 786 731 812 meus
772 773 865 811 mihi
904 771 1108 811 mendicus
1125 787 1131 810 :
1173 773 1255 810 suo'
1290 784 1354 810 rex
1388 771 1543 822 reginae

1403 838 1540 887 placet.

214 904 318 943 idem
339 903 510 942 animust
533 903 570 942 in
592 912 820 955 paupertate
842 904 908 955 qui
930 904 1023 942 olim
1046 903 1084 941 in
1106 903 1253 943 diuitiis
1274 903 1368 942 fuit:

128 983 190 1021 135
214 971 291 1007 AN.
323 982 448 1009 uosne
469 969 637 1008 latrones
659 977 697 1009 et
719 969 925 1009 mendicos
947 968 1129 1007 homines
1151 968 1281 1018 magni
1303 967 1506 1018 penditis?

215 1035 318 1072 PAM.
351 1047 431 1072 non
453 1041 494 1073 tu
516 1047 578 1074 me
598 1042 760 1085 argento
781 1034 937 1082 dedisti,
961 1033 1111 1084 opinor,
1135 1040 1316 1083 nuptum,
1337 1034 1406 1071 sed
1428 1033 1522 1071 uiro.

213 1100 291 1136 AN.
315 1099 410 1149 quid
424 1098 509 1138 illos
523 1100 756 1150 exspectatis
770 1099 837 1151 qui
851 1099 997 1138 abhinc
1013 1098 1089 1137 iam
1104 1098 1285 1138 abierunt
1298 1097 1507 1138 triennium
1523 1100 1539 1137 ?
1559 1101 1600 1133 80

212 1163 307 1214 quin
328 1177 400 1203 uos
420 1163 557 1215 capitis
578 1164 856 1204 condicionem
877 1179 923 1204 ex
945 1177 1129 1215 pessuma
1148 1163 1371 1214 primariam
1388 1165 1405 1202 ?

213 1231 313 1268 PAN.
346 1229 553 1277 stultitiast,
578 1238 696 1281 pater,
720 1237 909 1269 uenatum
930 1231 1075 1269 ducere
1097 1229 1240 1268 inuitas
1263 1242 1391 1268 canes.

128 1309 194 1344 140
212 1294 334 1333 hostis
355 1301 413 1334 est
434 1308 529 1334 uxor
549 1295 672 1334 inuita
692 1310 794 1347 quae
814 1297 865 1335 ad
886 1295 1014 1334 uirum
1035 1303 1203 1346 nuptum
1224 1296 1349 1335 datur.

212 1362 290 1398 AN.
322 1367 525 1400 eertumne
556 1368 613 1400 est
646 1369 822 1401 neutram
860 1369 1077 1400 nostrarum
1115 1361 1295 1412 persequi
1330 1361 1538 1412 imperium

1077 1477 1082 1481 ι
1233 1425 1236 1430 ’
1391 1427 1510 1478 patris
1524 1429 1540 1465 Ρ

213 1493 311 1530 ΡΑΝ.
344 1492 622 1544 persequimur,
647 1506 737 1531 nam
759 1506 839 1544 quo
859 1492 1003 1532 dedisti
1024 1500 1191 1544 nuptum
1212 1492 1320 1532 abire
1340 1494 1535 1533 nolumus.
1559 1496 1598 1536 85

211 1558 288 1595 AN.
321 1557 423 1597 bene
444 1559 582 1598 ualete.
642 1558 708 1598 ibo
729 1565 847 1609 atque
867 1557 1004 1597 amicis
1025 1565 1158 1598 uostra
1178 1558 1343 1597 consilia
1363 1560 1534 1609 eloquar.

213 1624 310 1660 ΡΑΝ.
343 1622 544 1673 probiores
565 1624 684 1663 credo
704 1623 960 1671 arbitrabunt‚
978 1622 1010 1662 si
1030 1623 1163 1674 probis
1184 1623 1409 1663 narraueris.

127 1697 188 1733 145
211 1689 287 1725 AN.
309 1694 442 1727 curate
463 1687 576 1739 igitur
596 1688 825 1728 familiarem
842 1702 923 1727 rem
944 1695 986 1727 ut
1006 1688 1168 1740 potestis
1189 1696 1362 1740 optume.

213 1754 311 1790 PAN.
343 1765 449 1792 nunc
470 1754 611 1804 places,
630 1767 751 1804 quom
770 1761 874 1792 recte
892 1760 1085 1792 monstras
1103 1768 1111 1800 ς
1140 1745 1246 1792 nunc
1262 1753 1332 1793 tibi
1348 1755 1537 1794 ausculta-

1393 1819 1534 1859 bimus.

210 1896 327 1932 nunc,
344 1897 461 1932 soror,
477 1885 666 1924 abeamus
682 1885 793 1924 intro.
842 1888 945 1924 PAM.
970 1886 1092 1924 immo
1112 1884 1338 1924 interuisam
1355 1886 1532 1924 domum.
1556 1900 1598 1931 90

209 1947 241 1987 si
260 1961 284 1987 a
303 1947 388 1988 uiro
408 1948 480 1989 tibi
500 1951 598 1990 forte
619 1950 751 1989 ueniet
772 1950 942 1998 nuntius,
968 1950 1087 1990 facito
1107 1958 1149 1989 ut
1170 1950 1359 1990 seiam.-

212 2015 311 2051 PAN.
343 2027 472 2064 neque
492 2028 565 2065 ego
586 2022 624 2054 te
643 2015 782 2054 celabo
804 2029 932 2066 neque
955 2023 995 2054 tu
1019 2030 1081 2055 me
1101 2015 1260 2055 celassis
1280 2016 1389 2067 quod
1409 2015 1519 2055 scias.

258 2125 316 2156 133
333 2116 412 2148 mihi
426 2127 519 2148 meus
533 2117 566 2148 A
618 2118 782 2150 mendicis
798 2118 895 2159 P(cs.
908 2130 938 2151 v.
954 2121 1028 2159 132)
1106 2121 1166 2158 136
1183 2130 1234 2151 me
1249 2125 1284 2151 tu
1297 2119 1330 2149 P
1372 2119 1422 2151 vel
1430 2121 1534 2160 opino

214 2169 275 2198 140
296 2160 338 2192 ad
355 2161 482 2202 uirum]
502 2161 575 2192 uiro
591 2161 624 2192 A
644 2161 748 2202 (quod
771 2163 985 2194 retractatoris
1004 2173 1070 2194 esse
1089 2163 1186 2203 credo,
1207 2164 1248 2194 ad
1270 2164 1378 2194 uirum
1400 2163 1532 2204 Plauti)

214 2213 272 2243 144
296 2204 413 2246 eredo]
437 2214 518 2236 uero
544 2204 675 2236 Nonius
699 2215 762 2245 470
787 2206 907 2245 (citatio
930 2205 1112 2248 neglegens)
1277 2217 1336 2247 145
1361 2213 1478 2248 qurate
1501 2207 1535 2238 Β

209 2246 294 2295 Ριξκ.
310 2252 389 2321 Igpt.
418 2247 534 2290 Lange
669 2249 728 2287 146
751 2247 862 2289 placet
889 2248 923 2279 P
1042 2249 1303 2282 auscultauimus
1330 2251 1362 2281 A
1473 2261 1534 2291 149

207 2299 293 2322 seres
