1731 2713
692 141 984 181 POENVLVS
1416 138 1493 174 111.
1518 136 1563 172 iii

147 259 318 304 salutat,
342 256 636 307 respondemus.
697 254 770 292 Co.
802 250 975 290 mortalis
997 251 1144 288 malos!
1515 257 1558 289 40

168 330 210 361 ut
230 320 499 372 ingrediuntur
518 321 635 359 docte
655 318 694 356 in
717 315 1013 367 sycophantiam
1031 318 1037 353 !

81 391 147 436 655
170 390 239 426 Lv.
271 387 367 438 quid
387 386 562 425 deinde?
609 386 712 422 ADV.
747 395 968 422 sermonem
990 380 1041 419 ibi
1064 379 1272 419 nobiscum
1293 379 1461 428 copulat.

168 452 221 491 ait
241 466 282 490 se
302 450 549 501 peregrinum
571 462 666 496 esse,
690 447 806 486 huius
827 446 1003 497 ignarum
1025 444 1161 495 oppidi
1177 459 1187 492 ,-

167 519 297 556 locum
319 515 392 555 sibi
413 516 513 554 uelle
533 514 700 553 liberum
722 511 940 563 praeberier

167 582 235 621 ubi
255 594 425 632 nequam
446 579 571 619 faciat.
633 592 705 617 nos
726 577 928 616 hominem
949 577 1000 615 ad
1022 583 1059 615 te
1079 573 1326 615 adduximus.
1515 586 1555 618 45

168 656 209 686 tu
231 647 285 686 sei
307 655 343 686 te
364 647 404 685 di
424 653 568 693 amant,
591 657 704 695 agere
725 650 832 682 tuam
854 655 935 681 rem
957 640 1159 680 occasiost.

80 716 151 752 660
171 715 240 751 Lv.
272 712 376 751 itane
396 711 460 750 ille
481 718 538 750 est
555 709 747 760 cupiens?
777 711 881 747 Anv.
914 720 1051 746 aurum
1068 707 1198 745 habet.
1251 707 1319 744 Lv.
1353 705 1497 756 praeda

1240 772 1338 809 haec
1361 777 1494 809 meast.

168 844 272 882 Anv.
305 850 450 894 potare,
472 854 603 881 amare
623 840 716 879 uolt.
777 840 848 877 Lv.
881 839 1012 877 locum
1034 837 1209 888 lepidum
1230 836 1345 876 dabo.

167 910 270 946 ADv.
303 916 342 947 at
362 907 467 947 enim
488 906 553 946 hic
573 907 687 954 clam,
709 904 842 944 furtim
868 904 874 957 Ι
900 917 984 943 esse
1006 904 1100 949 uolt,
1122 916 1172 941 ne
1193 900 1279 952 quis
1300 900 1395 939 sciat

168 986 268 1013 neue
288 973 430 1012 arbiter
450 972 508 1011 sit.
568 985 661 1010 nam
682 970 745 1009 hic
766 971 864 1008 latro
885 968 924 1008 in
946 970 1083 1019 Sparta
1102 966 1184 1014 fuit,
1517 977 1561 1008 50

169 1046 211 1078 ut
231 1038 392 1090 quidem
413 1038 497 1089 ipse
517 1036 656 1076 nobeis
677 1035 784 1084 dixit,
808 1035 915 1086 apud
936 1047 1066 1085 regem
1087 1033 1263 1072 Attalum
1282 1045 1291 1079 ;

81 1105 147 1150 665
169 1105 249 1144 ind'
282 1118 387 1143 nunc
407 1103 567 1155 aufugit,
589 1101 778 1154 quoniam
799 1099 951 1152 capitur
971 1098 1173 1150 oppidum.

169 1172 241 1210 Co.
274 1170 380 1209 nimi'
401 1169 531 1220 lepide
553 1170 603 1209 de
623 1170 786 1215 latrone,
809 1168 859 1206 de
881 1168 1018 1218 Sparta
1039 1172 1211 1216 optume.

168 1236 240 1274 Lv.
272 1235 312 1274 di
332 1236 510 1285 deaeque
530 1233 645 1273 uobis
666 1234 789 1272 multa
810 1232 916 1271 bo'na
935 1231 1042 1278 dent,
1065 1243 1186 1281 quom
1208 1227 1304 1267 mihi

168 1308 207 1339 et
227 1301 328 1339 bene
348 1298 569 1351 praecipitis
590 1306 628 1337 et
648 1298 796 1337 bonam
817 1297 1004 1348 praedam
1025 1294 1136 1335 datis.
1518 1305 1556 1338 55

168 1368 272 1404 ADV.
303 1364 426 1403 immo
446 1372 488 1403 ut
508 1364 591 1415 ipse
611 1363 727 1403 nobis
747 1362 855 1410 dixit,
878 1375 958 1412 quo
978 1374 1137 1400 accures
1158 1359 1292 1410 magis,

80 1435 151 1478 670
169 1437 364 1470 trecentos
384 1443 568 1469 nummos
590 1428 793 1480 Philippos
814 1433 943 1478 portat
962 1425 1142 1477 praesidi.

171 1497 240 1534 Lv.
272 1509 337 1534 rex
357 1508 458 1543 sum,
479 1494 510 1534 si
531 1507 604 1545 ego
624 1494 744 1532 illunc
765 1492 886 1532 hodie
906 1492 957 1531 ad
978 1505 1041 1531 me
1062 1490 1265 1530 hominem
1286 1491 1478 1529 adlexero.

170 1562 274 1600 ADV.
311 1559 408 1611 quin
441 1559 671 1611 hicquidem
705 1566 793 1597 tuos
829 1565 897 1597 est.
959 1558 1028 1595 Lv.
1066 1569 1230 1606 opsecro
1257 1556 1387 1594 hercle
1416 1556 1502 1593 hor-

1350 1628 1498 1666 tamnu,

169 1700 212 1730 ut
231 1693 459 1732 deuortatur
478 1691 530 1731 ad
551 1704 614 1730 me
634 1690 674 1729 in
695 1688 911 1740 hospitium
934 1696 1154 1740 optumum.
1521 1685 1564 1716 60

169 1759 272 1796 ADv.
305 1770 435 1808 neque
456 1770 528 1796 nos
549 1754 693 1795 hortari
715 1768 845 1806 neque
867 1754 1065 1794 dehortari
1085 1755 1200 1793 decet
1243 1739 1250 1743 ³

81 1823 147 1868 675
169 1821 371 1861 hominem
392 1820 639 1873 peregrinum
657 1837 664 1860 :
694 1828 802 1859 tuam
824 1833 905 1859 rem
929 1821 971 1858 tu
991 1832 1092 1870 ages,
1115 1818 1146 1857 si
1167 1817 1280 1869 sapis.

169 1900 241 1926 nos
262 1886 332 1926 tibi
352 1887 582 1938 palumbem
602 1887 653 1926 ad
674 1900 804 1926 aream
826 1899 953 1936 usque
974 1884 1234 1924 adduximus:

168 1966 274 1992 nunc
294 1960 332 1992 te
353 1952 462 1992 illum
483 1952 640 1992 meliust
660 1966 810 2004 capere,
834 1951 866 1990 si
888 1958 1046 2002 captum
1068 1964 1153 1990 esse
1173 1950 1243 1988 uis.

169 2018 240 2057 Co.
273 2017 403 2058 iamne
424 2017 516 2057 itis?
557 2017 655 2069 quid
675 2018 785 2069 quod
805 2015 945 2056 uobeis
967 2015 1164 2063 mandam,
1188 2014 1392 2065 hospites?
1520 2016 1561 2057 65

210 2124 273 2163 655
299 2123 459 2164 copulant
477 2124 509 2155 P
639 2124 704 2163 658
729 2122 829 2154 saciet
844 2123 878 2153 P
986 2123 1052 2161 659
1075 2132 1137 2161 age
1154 2119 1326 2151 Acidalms
1435 2120 1502 2150 660

168 2166 222 2197 ille
243 2190 250 2198 .
265 2191 272 2198 .
294 2191 300 2198 .
321 2167 422 2197 habet
445 2167 608 2198 advocatis
632 2167 689 2198 dat
711 2167 849 2207 Seyff'ert
979 2167 1040 2196 661
1069 2165 1136 2196 uoli
1161 2165 1195 2196 P
1218 2165 1246 2196 (Ι
1263 2170 1324 2205 pro
1346 2163 1388 2201 T)
1411 2162 1500 2202 (ilem

166 2209 245 2249 662)
378 2211 442 2241 662
465 2209 546 2254 (se)
569 2221 647 2242 esse
672 2209 805 2241 Muellet
954 2211 1019 2248 663
1044 2209 1169 2248 siparta
1193 2208 1227 2238 P
1478 2237 1480 2239 ,

271 2255 337 2294 665
350 2264 440 2286 nunc
471 2265 536 2286 om.
571 2254 624 2285 A:
665 2254 729 2285 huc
763 2253 978 2284 Camerarius
1011 2279 1016 2282 .
1135 2254 1199 2292 669
1224 2261 1380 2282 accurres
1412 2250 1501 2280 codd.

167 2298 233 2338 670
257 2298 403 2338 praesidi
423 2298 639 2330 Gulielmius:
667 2307 765 2338 praes
789 2297 833 2328 ibi
852 2298 948 2338 (prae
965 2296 1046 2327 sibi}
1066 2296 1168 2333 codd,
1189 2296 1246 2326 vix
1263 2299 1336 2325 recte
1437 2295 1497 2332 671

170 2341 262 2372 illum
287 2341 375 2374 codd.
492 2341 541 2373 vel
561 2342 603 2372 ad
628 2341 725 2371 med:
758 2351 822 2371 om.
848 2340 882 2370 A
912 2343 1008 2381 (lpro
1032 2340 1108 2371 hod.
1137 2340 1224 2370 hom.
1253 2340 1294 2369 ad
1320 2349 1372 2369 me
1397 2337 1499 2368 aulea

171 2385 356 2416 mallexero
373 2386 406 2416 P
513 2386 577 2424 672
603 2389 680 2416 tuus
698 2395 770 2415 sum
786 2383 819 2414 A
838 2385 915 2424 (pro
937 2385 1069 2423 sumeZ')
1090 2395 1096 2414 :
1129 2388 1204 2414 tuus
1233 2384 1290 2414 ΙΝ.
1320 2388 1373 2413 est
1397 2381 1429 2412 P
1453 2382 1502 2421 (1'11

171 2429 337 2469 archetypo
352 2429 378 2459 E
398 2432 474 2459 nota
485 2428 608 2459 lenonis
614 2434 773 2468 personae
785 2430 867 2467 crat)
959 2429 1021 2466 677
1042 2427 1161 2457 melius
1175 2426 1264 2457 codd.
1330 2430 1457 2457 castum
1471 2424 1505 2456 P
