1783 2707
125 146 198 182 [ΙΙ.

224 144 238 181 i
645 145 689 180 Τ.
727 143 904 182 MACCI
938 143 1142 180 PLAVTI

228 261 291 291 tua
307 266 449 292 ‘caussa
471 267 588 292 nemo
609 259 869 291 nostrorumst
889 265 981 291 suos
1002 259 1184 302 rupturus
1205 252 1371 290 ramites.
1574 261 1641 298 540

227 320 299 356 Λα.
334 318 449 356 nimis
484 317 660 356 iracundi
696 317 810 355 estis:
856 316 1041 367 equidem
1081 318 1178 355 haec
1217 317 1330 355 uobis
1370 317 1448 355 dixi
1486 330 1554 367 per

1409 395 1549 420 iocum.

226 450 330 486 Anv.
355 462 422 498 per
443 448 573 485 iocum
597 447 730 485 itidem
755 446 904 485 dictum
927 447 1073 485 habeto
1090 460 1191 496 quae
1213 460 1284 484 nos
1306 446 1375 484 tibi
1397 460 1552 497 respon-

1376 544 1384 552 .
1407 512 1548 550 dimus.

163 593 206 624 40
226 579 299 615 Aa.
333 591 498 627 opsecro
530 578 671 623 hercle,
708 589 867 626 operam
903 578 1078 614 celocem
1114 577 1215 613 lianc.
1248 575 1354 622 mihi,
1390 589 1438 614 ne
1472 590 1551 614 cor-

164 984 203 1016 45

1296 641 1416 680 bitam
1437 642 1527 681 date
1542 657 1552 690 ς

225 708 469 758 adtrepidate
490 709 638 754 saltem,
663 720 753 745 nam
776 720 847 745 uos
868 708 1129 757 adproperare
1149 707 1227 744 hau
1248 708 1414 757 postulo.

227 776 329 812 ADV.
354 773 383 812 si
406 772 501 823 quid
522 780 562 811 tu
585 772 739 822 placide
760 772 966 821 otioseque
986 785 1099 821 agere
1120 772 1189 818 uis,
1207 785 1363 822 operam
1386 773 1525 810 damus
1547 788 1553 813 2
1574 786 1635 823 545

227 840 256 877 si
278 851 473 890 properas,
496 850 672 877 cursores
694 837 850 875 meliust
872 844 909 875 te
929 837 1146 875 aduocatos
1168 838 1321 876 ducere.

226 907 299 943 AG.
333 903 438 942 scitis
459 916 550 950 rem,
575 901 727 941 narraui
749 901 863 940 uobis
885 902 994 951 quod
1012 909 1143 939 uostra
1160 914 1277 951 opera
1294 902 1344 939 mi
1363 904 1452 952 0pu⁷
1470 902 1551 948 siet,

227 971 276 1008 de
297 970 440 1008 lenone
461 969 537 1007 hoc
559 967 626 1018 qui
648 981 711 1006 me
732 974 932 1005 amantem
954 966 1177 1005 ludificatur
1198 974 1276 1004 tam
1299 966 1376 1013 diu,

225 1034 260 1073 ei
281 1041 437 1086 paratae
457 1041 500 1072 ut
520 1032 596 1071 sint
617 1031 782 1071 insidiae
802 1032 853 1070 de
873 1044 969 1070 auro
989 1038 1027 1070 et
1047 1032 1098 1070 de
1119 1044 1232 1070 seruo
1253 1044 1351 1070 meo.

226 1102 328 1138 Amr.
361 1098 494 1138 omnia
514 1098 632 1136 istaec
653 1096 798 1136 scimus
818 1095 897 1135 iam
918 1109 1000 1144 nos,
1025 1096 1056 1134 si
1076 1095 1116 1134 hi
1137 1104 1373 1146 spectatores
1403 1097 1552 1146 sciant3
1575 1108 1641 1145 550

225 1166 375 1203 horunc
395 1164 459 1202 hic
481 1177 585 1202 nunc
606 1175 744 1202 caussa
765 1163 862 1201 haec
883 1161 1009 1212 agitur
1030 1169 1293 1212 spectatorum
1315 1163 1469 1202 sabula;

225 1231 297 1268 hos
318 1237 355 1268 te
376 1229 495 1268 satius
515 1236 573 1268 est
594 1229 748 1274 docere,
770 1234 822 1273 ut,
846 1227 1008 1277 quando
1029 1240 1130 1276 agaS,
1154 1226 1249 1276 quid
1268 1240 1358 1277 agas
1379 1227 1513 1266 sciant.

165 1308 205 1338 50
225 1308 296 1333 nos
318 1303 359 1333 tu
381 1308 430 1333 ne
451 1293 615 1332 curassis
633 1309 639 1332 :
671 1292 816 1330 scimus
832 1305 912 1330 rem
932 1305 1104 1338 omnem,
1124 1291 1269 1342 quippe
1283 1304 1420 1330 omnes
1437 1292 1551 1330 simul

163 1702 201 1734 55

161 2016 202 2048 6>

224 1359 445 1399 dedicimus
467 1367 595 1397 tecum
619 1371 706 1403 una,
731 1364 772 1395 ut
794 1357 1032 1406 respondere
1054 1355 1248 1406 possimus
1269 1355 1349 1394 tibi.

227 1427 298 1463 AG.
331 1424 383 1464 ita
412 1425 589 1476 profecto
619 1431 687 1461 est.
750 1423 819 1460 sed
849 1421 951 1472 agite
982 1421 1106 1471 igitur,
1130 1428 1172 1459 ut
1199 1420 1318 1459 sciam
1344 1435 1415 1460 uos
1440 1422 1548 1470 scire,
1572 1433 1636 1470 555

1470 1501 1551 1527 rem

223 1556 404 1607 expedite
425 1564 461 1594 et
485 1554 579 1593 mihi
601 1567 701 1605 quae
724 1553 837 1592 uobis
859 1554 1012 1591 dudum
1035 1552 1112 1591 dixi
1134 1552 1262 1591 dicite.

224 1625 337 1661 Anvf
351 1622 484 1660 itane?
515 1628 682 1670 temptas
704 1633 754 1658 an
778 1618 947 1657 sciamus
964 1620 980 1656 ?
1011 1632 1090 1656 non
1110 1618 1335 1658 meminisse
1349 1632 1421 1657 nos
1437 1621 1551 1658 ratu⁷s

222 1701 302 1738 quo
323 1688 444 1725 modo
466 1693 659 1724 trecentos
685 1684 889 1734 Philippos
914 1683 1141 1734 Collybisco
1161 1682 1279 1722 uilico

222 1752 387 1799 dederis
411 1765 510 1802 quos
531 1752 696 1789 deferret
719 1751 796 1787 huc
817 1750 868 1787 ad
890 1751 1075 1787 lenonem
1097 1748 1298 1788 inimicum
1320 1740 1440 1797 tuom,

222 1818 292 1868 isq’
305 1831 346 1856 se
360 1825 400 1856 ut
416 1818 667 1855 adsimularet
680 1815 930 1866 peregrinum
951 1829 1036 1853 esse
1049 1814 1208 1853 aliunde
1224 1828 1270 1853 ex
1283 1814 1359 1853 alio
1374 1816 1552 1866 oppido?
1571 1820 1639 1865 560

221 1883 288 1921 ubi
310 1883 340 1921 is
362 1881 553 1928 detulerit,
577 1883 617 1919 tu
639 1894 687 1920 eo
709 1894 863 1919 seruom
888 1880 1108 1930 quaesitum
1130 1881 1320 1919 aduentes
1343 1889 1451 1920 tuom

221 1961 311 1987 curn
334 1947 509 1998 pecunia.
572 1948 645 1985 Ao.
681 1946 914 1986 meministis
941 1945 1175 1993 memoriter,
1198 1945 1370 1984 seruasti’
1392 1959 1463 1984 me.

222 2015 326 2051 Anv.
359 2012 422 2051 ille
443 2011 600 2062 negabit
620 2027 627 2050 :
661 2012 926 2063 Milphionem
950 2011 1082 2062 quaeri
1104 2010 1279 2050 censebit
1301 2001 1436 2057 tuo'm3

222 2079 263 2117 id
283 2078 499 2129 duplicabit
521 2092 640 2117 omne
661 2080 818 2117 furtum.
878 2080 969 2117 leno
990 2077 1195 2116 addicetur
1215 2077 1294 2115 tibi.

261 2192 324 2221 542
349 2182 436 2214 dicta
462 2182 593 2222 Bentley
791 2183 898 2222 543-6
925 2182 1037 2212 (etiam
1065 2183 1206 2221 567-77x
1247 2183 1459 2213 retractatoris
1490 2193 1554 2213 esse

221 2226 315 2256 credit
334 2226 406 2262 Leo,
431 2226 622 2257 ‘breviorem
642 2236 794 2256 scaenam
815 2226 993 2256 Plautinae
1005 2226 1214 2256 substitutam
1229 2226 1235 2237 ³
1329 2236 1389 2265 543
1407 2227 1551 2256 celocem

222 2273 353 2300 testatur
371 2269 505 2301 Nonius
522 2279 584 2309 533
603 2281 609 2300 :
634 2270 783 2300 uelocem
802 2269 866 2299 cod.
960 2269 1016 2309 ne]
1045 2279 1107 2299 nec
1124 2269 1254 2299 Nonius
1385 2280 1445 2308 547
1471 2270 1551 2308 quid

227 2313 346 2353 Ussing
481 2323 541 2352 551
570 2313 624 2344 hic
641 2312 780 2353 Pylades
796 2324 801 2343 ι
829 2313 906 2343 hinc
925 2312 989 2343 cod.
1109 2322 1171 2351 552
1195 2323 1275 2350 agas
1292 2323 1336 2343 sc.
1358 2313 1551 2344 Acidah'ns:

224 2361 325 2395 agant
342 2367 387 2387 se.
408 2357 474 2388 cod.
569 2366 631 2396 554
656 2366 835 2395 possemus
852 2355 917 2385 Leo
1008 2356 1071 2394 556
1096 2361 1129 2386 et
1141 2355 1199 2386 del.
1216 2356 1411 2395 Lambinus,
1428 2355 1554 2386 Rz'tschl

225 2402 289 2439 560
312 2401 405 2439 isque
423 2400 479 2431 del.
502 2399 567 2430 Leo
659 2410 735 2430 esse
753 2399 810 2429 del.
831 2398 934 2429 Bothe
1037 2400 1095 2437 561
1122 2409 1175 2437 qu.
1197 2409 1222 2428 s.
1243 2399 1308 2430 cod.
1327 2411 1332 2430 :
1359 2399 1430 2430 Ινιιί.
1449 2400 1551 2430 Bothe

223 2443 383 2475 aduenies
397 2443 518 2475 Bothe:
537 2444 700 2474 aducntes
712 2442 776 2474 cod.
800 2442 912 2483 (Tpro
927 2442 955 2480 Ι)
972 2453 978 2471 :
998 2447 1103 2472 -tares
1120 2442 1253 2481 Scyfflrt
1305 2444 1369 2480 562
1386 2453 1463 2481 qum
1481 2443 1545 2474 cod.

942 2521 964 2531 l
