1731 2713
71 370 136 414 485

77 769 146 804 490

81 1095 147 1132 495

87 1422 155 1459 500

91 1748 155 1785 505

640 113 986 154 TRINVMMVS
1426 107 1479 144 11.
1504 106 1550 141 iv

155 267 158 270 ,
210 247 288 272 non
312 234 440 271 hercle
462 233 536 269 hoc
558 231 684 279 longe,
709 227 781 266 nisi
805 240 867 265 me
889 223 1029 276 pugnis
1051 221 1197 262 uicerit.

210 311 307 337 cena
327 299 400 336 hac
420 309 579 335 annona
599 302 656 333 est
678 293 761 331 sine
782 291 900 331 saeris
922 289 1127 329 hereditas

213 366 285 402 PH.
318 375 471 412 semper
492 369 532 399 tu
554 361 630 398 hoc
651 357 779 404 facito,
804 355 1038 402 Lesbonice,
1056 352 1215 404 cogiteS‚
1505 352 1546 392 85

213 428 252 467 id
274 435 480 477 optumum
503 438 587 464 esse
608 432 690 462 tute
711 422 766 461 uti
788 421 838 460 sis
861 428 1071 471 optumus;

213 493 243 532 si
265 493 305 531 id
326 505 509 541 nequeas,
533 491 671 529 saltem
693 496 735 526 ut
756 486 928 539 optumis
950 485 1000 524 sis
1022 496 1246 535 proxumus.

214 571 319 596 nunc
346 555 625 595 condicionem
651 555 763 599 hanc,
794 564 912 602 quam
941 563 1014 600 ego
1042 551 1123 588 fero
1150 556 1188 587 et
1213 559 1331 597 quam
1358 556 1428 594 aps
1452 550 1490 581 te

1384 616 1487 660 peto,

217 690 308 728 dare
328 695 446 738 atque
467 686 655 736 accipere,
680 683 912 730 Lesboniee,
936 690 973 721 te
994 682 1097 720 uolo.

217 755 257 793 di
278 753 420 793 diuites
441 758 543 799 sunt,
567 752 664 790 deos
685 751 829 788 decent
849 746 1074 798 opulentiae
1509 749 1551 783 90

218 827 256 858 et
276 818 477 865 factiones,
501 829 637 855 uerum
660 828 731 854 nos
753 811 994 858 homunculi,

219 884 387 924 salillum
407 882 552 922 animai
573 881 639 932 qui
662 893 784 930 quom
806 879 1003 928 extemplo
1024 875 1238 922 emisimus,

219 963 348 1000 aequo
370 948 575 988 mendicus
599 955 718 996 atque
740 945 803 983 ille
825 942 1160 995 opulentissumus

221 1023 402 1055 censetur
422 1027 543 1053 censu
563 1013 615 1051 ad
636 1012 929 1050 Accheruntem
951 1015 1136 1047 mortuos.

223 1084 286 1122 ST.
318 1081 459 1120 mirum
481 1079 576 1130 quin
597 1080 638 1116 tii
660 1077 727 1116 illo
748 1085 878 1115 tecum
899 1074 1056 1114 diuitias
1077 1075 1185 1112 feras.
1514 1082 1556 1116 95

223 1147 290 1187 ubi
312 1155 486 1186 mortuos
507 1145 572 1193 sis,
593 1144 645 1182 ita
665 1144 716 1181 sis
738 1150 779 1180 ut
799 1154 946 1180 nomen
967 1141 1081 1178 eluet.

224 1216 297 1251 PH.
330 1226 435 1251 nunc
456 1218 497 1249 ut
518 1210 617 1249 scias
638 1208 704 1247 hio
722 1207 911 1246 factiones
927 1213 1046 1256 atque
1066 1218 1161 1255 opes

224 1292 305 1317 non
326 1291 410 1317 esse
432 1289 561 1326 neque
582 1288 653 1313 nos
675 1282 782 1312 tuam
804 1260 1008 1323 neglegere
1027 1269 1203 1322 gratiam,

226 1344 310 1383 sine
329 1344 423 1383 dote
443 1355 566 1393 posco
587 1348 693 1379 tuam
715 1351 889 1378 sororem
910 1336 1003 1375 filio.

227 1421 330 1460 quae
353 1422 413 1448 res
435 1408 537 1447 bene
559 1405 901 1445 uortat——habeon
923 1403 1109 1453 pactam?
1139 1400 1235 1451 quid
1256 1398 1393 1438 taces?
1521 1409 1584 1433 100

227 1476 291 1514 ST.
322 1486 392 1524 pro
412 1472 453 1512 di
473 1472 710 1517 inmortales,
733 1468 1012 1508 condicionem
1034 1464 1312 1517 quoiusmodi!

229 1542 305 1578 PH.
335 1539 431 1590 quin
451 1535 749 1577 fabularemuin
766 1536 849 1573 ?-—‘
866 1534 968 1573 bene
989 1538 1128 1579 uortat,
1145 1531 1324 1582 spondeo
1339 1531 1378 1568 ⁷?

229 1608 290 1645 ST.
323 1606 423 1645 eheu
442 1608 448 1643 t
480 1604 547 1643 ubi
569 1616 661 1642 usus
684 1601 737 1639 nil
759 1607 839 1639 erat
859 1601 977 1646 dicto,
1005 1598 1227 1649 ‘spondeo’

229 1672 387 1711 dicebat
406 1687 413 1719 3
443 1683 548 1709 nunc
569 1669 644 1717 hic,
669 1680 790 1718 quom
812 1678 912 1716 opus
937 1672 1005 1712 est,
1030 1677 1110 1702 non
1130 1662 1215 1713 quit
1235 1661 1375 1701 dicere.

232 1739 301 1775 LE.
334 1750 454 1786 quom
476 1734 679 1774 adfinitate
701 1740 832 1771 uostra
855 1744 916 1769 me
940 1727 1181 1768 arbitramini
1239 1740 1247 1745 ·
1527 1735 1587 1768 105

230 1803 404 1854 dignum,
428 1802 556 1840 habeo
577 1799 701 1847 uobis,
727 1798 869 1845 Philto,
894 1808 1076 1846 magnam
1096 1793 1270 1845 gratiam.

230 1869 299 1908 sed
320 1868 351 1907 si
371 1869 469 1906 haec
490 1881 549 1906 res
569 1866 737 1917 grauiter
757 1864 900 1904 cecidit
922 1861 1084 1901 stultitia
1105 1874 1202 1907 mea,

232 1933 372 1981 Philto,
395 1941 453 1971 est
473 1946 563 1982 ager
583 1932 656 1970 sub
678 1931 774 1969 urbe
795 1931 858 1969 hie
881 1929 996 1968 nobis
1014 1943 1020 1966 :
1056 1940 1145 1965 eum
1167 1925 1273 1964 dabo

231 2001 365 2038 dotem
387 1997 507 2037 sorori
523 2011 533 2045 3
562 2010 653 2035 nam
675 1996 706 2035 is
727 1998 777 2035 de
798 1994 969 2034 stultitiis
991 1993 1088 2032 meis

223 2105 286 2144 485
311 2104 412 2135 facito
428 2102 601 2134 lesbonice
615 2101 680 2132 hoc
697 2101 729 2132 A
866 2102 928 2140 487
954 2110 1064 2139 neque
1081 2098 1265 2129 adsalutem
1284 2096 1317 2127 P
1446 2096 1508 2133 488

181 2154 259 2188 apte
276 2147 309 2179 P
438 2147 503 2187 489
526 2146 679 2186 aspicere
695 2145 727 2174 A
863 2155 929 2184 490
952 2145 1052 2175 decet
1067 2142 1101 2172 P
1229 2151 1292 2181 492
1317 2139 1462 2171 satillum
1476 2138 1508 2169 A

182 2191 357 2224 amisimus
372 2190 406 2221 P
521 2199 585 2230 493
609 2188 728 2229 Aeque
747 2188 778 2219 P
907 2198 971 2228 494
996 2185 1226 2218 acherunteP
1343 2194 1405 2224 495
1431 2182 1508 2224 [an]

185 2237 303 2267 mirum
315 2233 402 2266 codd.
419 2235 477 2275 (an
491 2238 553 2274 pro
564 2236 639 2263 nota
653 2237 808 2272 personae
820 2232 844 2270 Ξ)
864 2243 870 2262 :
895 2241 937 2262 an
954 2230 1012 2262 dcl.
1030 2230 1105 2261 Ital.
1197 2239 1237 2260 m.
1255 2228 1339 2259 initu
1353 2227 1452 2268 (inito
1465 2226 1509 2258 Bi

184 2280 275 2311 illum
292 2278 325 2309 P
462 2287 525 2317 502
550 2275 624 2316 uin]
642 2276 672 2306 di
690 2276 722 2307 P
866 2284 928 2314 504
953 2274 1111 2306 dicebant
1127 2272 1159 2304 A
1295 2281 1357 2312 505
1382 2281 1455 2301 mea
1482 2270 1515 2300 P

183 2325 248 2362 506
271 2322 343 2354 obis
359 2321 391 2352 A
483 2321 551 2352 filio
567 2320 600 2351 P
616 2319 668 2360 (cf.
687 2318 734 2350 ad
746 2318 825 2358 516)
926 2327 987 2358 507
1012 2317 1039 2348 si
1056 2318 1139 2348 haec
1158 2316 1228 2357 res]
1245 2321 1279 2347 et
1294 2316 1321 2347 si
1340 2313 1515 2346 herclesP

184 2368 249 2406 508
272 2366 326 2397 hic
342 2376 408 2397 om.
428 2364 462 2395 A
606 2373 669 2404 509
692 2362 833 2394 stultitia
859 2372 934 2393 mea
957 2361 1007 2392 P:
1040 2361 1167 2391 diuitiis
1196 2360 1279 2390 meis
1302 2359 1419 2400 Bergk,
1446 2356 1512 2389 Lco

187 2411 286 2452 (6611.
310 2409 375 2441 Gcl.
392 2408 486 2440 Ana.
506 2418 598 2448 1904,
619 2417 654 2446 p.
671 2408 760 2447 366),
779 2405 836 2437 sed
860 2406 896 2445 cs.
915 2405 1031 2437 Amcr.
1049 2404 1171 2443 Jonrn.
1193 2402 1279 2434 Pln‘l.
1300 2412 1350 2442 21,
1370 2412 1411 2442 35
