1783 2707
185 143 212 179 I.
236 142 265 178 ii
658 142 703 177 T.
738 140 917 178 MACCI
951 138 1153 176 PLAVTI

237 265 362 297 uorsa,
381 264 523 301 Sparsa,
548 258 655 296 terta,
679 257 806 296 strata,
826 251 1009 299 lautaque
1031 255 1223 298 coctaque
1244 246 1377 286 omnia
1399 246 1453 284 titi
1475 245 1563 284 sint.

346 330 436 354 nam
466 316 518 353 mi
546 315 665 354 hodie
693 314 831 353 natalis
859 314 942 353 dies
970 321 1039 361 est,
1072 314 1186 352 decet
1217 326 1307 351 eum
1338 310 1466 350 omnis
1494 323 1565 349 uos
1589 315 1652 359 165

1278 377 1563 416 concelebrare.

346 460 518 497 pernam,
551 447 705 492 callum,
738 444 953 495 glandium,
986 457 1125 483 sumen
1159 442 1276 482 facito
1312 442 1351 480 in
1382 454 1485 492 aqua
1518 440 1567 478 ia-

1122 516 1245 548 ceant.
1306 506 1406 546 satin
1427 506 1568 545 audis?

348 578 567 628 magnufice
584 578 676 615 uolo
693 590 756 614 me
773 575 877 615 uiros
898 588 1073 614 summos
1095 574 1283 624 accipere,
1307 580 1348 610 ut
1370 572 1465 610 mihi
1486 586 1567 610 rem

1295 652 1379 676 esse
1400 644 1565 675 reantur.

180 720 218 752 35
348 707 450 746 intro
483 707 588 746 abite
626 715 744 756 atque
784 708 881 745 haec
915 705 994 744 cito
1029 705 1194 751 celebra,
1231 717 1281 742 ne
1321 716 1430 741 mora
1467 716 1568 753 quae

1026 770 1085 817 sit,
1108 770 1250 818 coquo’
1271 782 1391 818 quom
1413 766 1569 815 ueniat;

294 851 366 888 ego
401 851 449 876 eo
484 837 522 875 in
558 839 780 885 macellum,
812 845 853 875 ut
887 836 1053 886 piscium
1090 834 1285 886 quidquid
1320 833 1411 872 ibist
1444 832 1569 883 pretio

1319 897 1566 949 praestinem.

293 968 315 1015 i,
339 981 468 1017 puere,
492 982 582 1018 prae
599 982 608 1014 3
638 981 686 1005 ne
703 966 910 1017 quisquam
933 967 1143 1016 pertundat
1159 964 1377 1004 cruminam
1390 962 1567 1002 cautiost.
1593 976 1658 1010 170

292 1035 355 1072 uel
377 1033 565 1084 opperire,
589 1040 647 1071 est
668 1033 776 1082 quod
797 1031 907 1070 domi
928 1031 1058 1070 dicere
1079 1044 1205 1082 paene
1226 1029 1280 1068 fui
1301 1028 1456 1068 oblitus.

293 1098 475 1138 auditin?
516 1098 642 1146 uobis,
666 1097 859 1145 mulieres,
883 1098 985 1135 hanc
1007 1096 1136 1135 habeo
1157 1095 1407 1135 edictionem.

183 1244 224 1273 40
244 1242 315 1268 uos
337 1242 437 1279 quae
458 1227 496 1265 in
519 1226 732 1274 munditiis,
756 1225 928 1265 mollitiis
950 1225 1180 1276 deliciisque
1201 1225 1411 1263 aetatulam
1432 1222 1555 1274 agitis,

350 1293 441 1332 uiris
476 1307 566 1332 cum
601 1292 777 1340 summis,
809 1292 981 1331 inclutae
1015 1291 1176 1338 amicae,
1214 1304 1318 1328 nuuc
1354 1302 1426 1339 ego
1460 1288 1571 1327 scibo

1118 1364 1236 1406 atque
1258 1354 1377 1393 hodie
1398 1353 1572 1404 experiar

348 1437 449 1474 quae
479 1422 607 1474 capiti,
637 1436 738 1473 quae
765 1423 892 1462 uentri
922 1436 1082 1473 operam
1112 1423 1190 1468 det,
1217 1422 1356 1471 quaeq'
1381 1433 1474 1458 suae
1503 1418 1568 1466 rei,
1595 1430 1655 1467 175

1106 1501 1207 1538 quae
1229 1499 1369 1525 somno
1391 1485 1572 1532 studeat3

349 1569 468 1606 quam
490 1555 669 1594 libertam
687 1556 768 1593 fore
786 1554 881 1593 mihi
898 1555 1056 1593 credam
1073 1561 1110 1592 et
1125 1566 1243 1603 quam
1258 1552 1438 1591 uenalem
1452 1549 1572 1589 hodie

1386 1615 1570 1666 experiar.

348 1686 464 1725 facite
486 1685 605 1725 hodie
633 1693 674 1724 ut
704 1685 799 1723 mihi
828 1698 990 1724 munera
1018 1686 1140 1723 multa
1168 1685 1245 1722 huc
1269 1683 1320 1721 ab
1339 1680 1571 1720 amatoribu'

1316 1747 1568 1788 conueniant.
1581 1755 1583 1758 ⁴

182 1832 223 1864 45
351 1831 441 1856 nam
464 1817 537 1855 nisi
555 1817 649 1855 mihi
671 1831 796 1867 penus
812 1831 965 1856 annuos
988 1816 1107 1855 hodie
1129 1815 1327 1862 conuenit,
1347 1827 1429 1853 cras
1451 1814 1572 1864 poplo

1234 1879 1465 1931 prostituam
1487 1891 1569 1917 uos.

289 1988 348 2027 164
373 1992 776 2027 uorsasprastergastrata
792 1988 826 2018 P
849 1988 969 2027 (terga,
987 1987 1010 2017 ι’.
1026 1998 1049 2018 e.
1070 1992 1173 2022 terea,
1190 1992 1251 2028 pro
1268 1985 1368 2025 terta)
1468 1984 1572 2015 lauta·

241 2041 306 2071 que
324 2031 505 2072 coctaque]
525 2036 580 2062 aut
599 2036 768 2071 unctaque
785 2032 878 2062 sclzol.
898 2031 984 2063 Aen.
1007 2041 1035 2063 1.
1054 2032 1118 2070 478
1133 2030 1180 2070 (A
1198 2041 1230 2061 n.
1247 2031 1296 2070 ln,
1316 2029 1401 2060 unde
1417 2028 1437 2060 l.
1457 2033 1572 2059 uncta-

241 2085 306 2115 que
324 2074 482 2115 Ladewzg
571 2077 631 2115 165
655 2075 733 2116 uos]
753 2076 761 2105 l
782 2101 787 2106 .
807 2100 813 2107 .
834 2086 849 2106 s
866 2075 898 2105 A
994 2076 1055 2105 166
1079 2074 1203 2113 gallum
1217 2074 1250 2104 P
1339 2075 1397 2113 167
1423 2082 1572 2103 summos

241 2120 333 2149 uiros
349 2119 389 2157 P,
411 2119 441 2148 A
462 2129 492 2149 n.
512 2119 531 2149 l.
548 2130 555 2150 :
581 2120 652 2151 irai.
674 2119 778 2150 Bollze
914 2120 973 2149 168
998 2119 1130 2149 celebra
1149 2118 1214 2155 (vel
1229 2118 1360 2149 celera:
1386 2117 1422 2156 cf
1441 2127 1470 2147 v.
1495 2117 1569 2154 165)

240 2162 355 2202 smufisi
381 2173 471 2194 <cnm
495 2162 622 2203 abitejs:
655 2163 825 2193 celebrate
850 2162 889 2201 P,
910 2162 942 2192 A
957 2173 987 2192 n.
1002 2163 1024 2193 l.
1139 2162 1253 2192 ueniat
1279 2161 1424 2192 Rr'tsclzl:
1457 2159 1572 2190 ueniat

243 2206 356 2247 [mihi]
371 2205 411 2239 P.
431 2206 463 2236 A
479 2207 542 2238 1c.l.
639 2208 699 2245 169
725 2206 784 2246 (ibi
802 2210 868 2243 est)
884 2205 916 2235 A
934 2217 940 2235 :
967 2210 1019 2236 est
1032 2205 1135 2243 P(iii.
1152 2206 1186 2244 33
1279 2204 1529 2245 praesentinem
1542 2202 1576 2233 P

245 2260 306 2289 170
328 2251 528 2290 qufispi‘am
545 2249 589 2288 Α,
615 2250 701 2281 unde
723 2250 888 2289 quispiam
916 2250 1033 2279 tundat
1057 2248 1200 2290 Spengel
1347 2258 1402 2287 171
1430 2247 1495 2278 obl.
1523 2246 1569 2278 fui

241 2293 392 2333 Spengel,
412 2295 559 2333 rhythmi
572 2305 672 2324 causa
799 2304 859 2332 173
883 2294 939 2323 vrit·
953 2293 1108 2323 aetatlam
1130 2292 1260 2333 (anap.)
1348 2294 1353 2295 ⁷
1388 2300 1445 2330 175
1469 2301 1569 2330 quae-

241 2337 321 2378 que]
340 2348 427 2376 quae
447 2348 527 2368 suae
551 2338 655 2369 Bothe
675 2337 721 2378 (A
741 2347 770 2368 ιι.
791 2337 843 2378 L),
862 2347 943 2366 nam
969 2337 1088 2376 quaeq’
1108 2340 1291 2376 suspectum
1407 2335 1465 2373 178
1490 2334 1569 2364 mihi

248 2381 316 2418 ini)
333 2392 397 2411 0111.
417 2381 449 2411 P
557 2392 690 2412 annuus
716 2390 823 2420 penus
845 2379 934 2411 codd.
958 2379 1163 2410 Scrm'z'Aen.
1188 2390 1214 2418 1,
1236 2389 1309 2418 703,
1329 2378 1493 2409 Prisciani
1510 2388 1571 2416 170

239 2428 267 2454 ct
282 2426 346 2455 260
445 2425 545 2456 hodie
564 2425 719 2456 omittunt
735 2424 821 2455 idem
919 2423 1096 2464 conuenit]
1116 2423 1312 2462 congeritur
1329 2421 1449 2461 (-atui·)
1467 2421 1567 2452 Prisc.

240 2468 342 2508 poplo
359 2473 543 2509 suspectum

962 2519 984 2529 l
