1731 2713
655 92 1002 132 TRINVMMVS
1424 98 1492 134 IV.
1514 96 1558 133 iii

168 214 306 257 'eamus
335 201 445 249 intro,
470 215 642 253 sequere.
703 204 766 242 ST.
803 217 883 254 quo
910 212 951 243 tu
980 205 1017 244 te
1043 205 1155 256 agis?
1211 208 1288 246 CH.
1322 220 1495 257 quonam

1208 271 1280 309 nisi
1303 273 1497 311 domum?

169 332 230 370 ST.
273 331 404 370 hicine
439 345 510 370 nos
545 332 720 372 habitare
755 336 922 373 censes?
979 337 1056 376 CH.
1098 336 1260 375 ubinam
1297 351 1369 387 ego
1403 337 1494 375 alibi

1283 415 1464 441 censeam
1479 404 1495 440 ?

62 465 152 501 1080
170 463 232 501 ST.
265 461 474 502 iani—CH.
508 462 603 512 quid
624 462 730 501 iam?
775 465 837 503 ST.
868 478 948 504 non
966 473 1056 504 sunt
1073 474 1228 505 nostrae
1248 468 1365 505 aedes
1386 466 1491 506 istae.

901 531 980 569 CH.
1012 530 1108 580 quid
1129 544 1202 580 ego
1223 545 1268 570 ex
1290 538 1326 569 te
1346 531 1495 570 audio?

167 594 229 632 ST.
262 592 441 631 uendidit
464 594 541 631 tuo’
563 600 677 631 natus
693 593 938 634 aedis-CH.
971 595 1066 646 perii
1085 599 1091 634 l
1136 598 1199 635 ST.
1223 596 1492 646 praesentariis

165 657 311 709 argenti
334 657 449 696 minis
471 658 819 699 numeratis—CH.
849 661 976 710 quot?
1024 662 1086 700 ST.
1111 660 1379 712 quadraginta.
1412 663 1488 701 CH.
1514 668 1552 702 75

1339 725 1490 765 occidi!

165 788 251 839 quis
281 802 345 827 eas
376 788 500 827 emit?
556 790 618 827 ST.
658 789 850 838 Callicles,
874 790 968 841 quoi
996 797 1102 830 tuam
1129 804 1209 830 rern
1239 793 1491 830 commenda-

1355 869 1465 895 ueras
1480 872 1489 905 ,-

163 919 193 958 is
215 919 433 959 habitatum
458 921 534 958 huc
556 920 828 970 commigrauit
851 934 1003 971 nosque
1025 921 1246 960 exturbauit
1268 923 1379 960 foras.

55 988 140 1033 1085
162 986 239 1025 CH.
267 984 334 1023 ubi
356 998 462 1022 nunc
479 984 580 1023 filius
602 998 712 1023 meus
729 985 908 1024 habitat?
956 988 1021 1025 ST.
1049 986 1113 1024 hic
1129 986 1168 1024 in
1185 988 1261 1025 hoc
1282 987 1486 1037 posticulo.

13 1041 17 1044 Α
161 1051 239 1090 CH.
271 1051 372 1088 male
394 1049 576 1100 disperii!
635 1051 697 1088 ST.
731 1050 879 1089 credidi
906 1064 1019 1101 aegre
1040 1051 1111 1089 tibi
1138 1051 1188 1098 id,
1213 1052 1278 1090 ubi
1300 1052 1487 1101 audisses,

1394 1119 1485 1158 fore.

161 1181 238 1221 CH.
271 1194 343 1231 ego
364 1179 627 1220 miserrumeis
648 1179 802 1231 periclis
824 1194 909 1219 sum
932 1194 999 1231 per
1020 1181 1140 1219 maria
1161 1195 1344 1220 maxuma
1507 1187 1548 1218 80

160 1254 310 1295 uectus,
330 1247 485 1297 capitali
507 1246 653 1298 periclo
675 1260 743 1297 per
763 1247 982 1296 praedones
1004 1248 1206 1297 plurumos

159 1325 223 1351 me
243 1311 406 1359 seruaui,
430 1313 559 1351 saluos
581 1311 701 1351 redii:
732 1325 838 1350 nunc
860 1311 923 1350 hic
944 1311 1102 1362 disperii
1124 1312 1241 1351 miser

51 1389 142 1426 1090
159 1385 316 1428 propter
335 1379 496 1416 eosdem
519 1391 687 1428 quorum
709 1391 847 1416 caussa
868 1377 922 1415 fui
943 1378 1019 1416 hoc
1040 1385 1167 1416 aetate
1188 1379 1388 1418 exercitus.

156 1442 295 1481 adimit
314 1442 486 1481 animam
508 1442 561 1481 mi
576 1442 791 1493 aegritudo.
842 1442 1019 1490 Stasime,
1044 1450 1133 1482 tene
1155 1457 1227 1482 me.
1279 1446 1340 1483 ST.
1374 1443 1486 1482 uisne

1338 1522 1483 1559 aquam

155 1573 225 1613 tibi
263 1575 425 1625 petam?
482 1574 559 1614 CH.
606 1587 665 1613 res
705 1586 826 1624 quom
870 1573 1041 1612 animam
1082 1574 1233 1624 agebat,
1275 1576 1357 1612 turn
1398 1587 1482 1612 esse
1503 1578 1543 1620 85

1109 1640 1273 1678 offusam
1297 1639 1479 1690 oportuit.

236 1804 553 1844 CALLICLES
665 1802 1009 1841 CHARMIDES
1122 1802 1400 1839 STAS1Mvs
1501 1798 1548 1836 iv

262 1900 334 1939 CA.
367 1898 475 1948 Quid
496 1899 572 1936 hoc
593 1898 657 1935 hic
678 1895 859 1935 clamoris
880 1895 1000 1934 audio
1021 1903 1113 1934 ante
1133 1894 1242 1934 aedis
1264 1896 1400 1933 meas?

261 1964 338 2003 CH.
372 1976 396 2002 o
417 1962 609 2009 Callicles,
633 1975 658 2001 0
679 1961 872 2007 Callicles,
895 1974 919 1999 0
941 1960 1123 2001 Callicles
1141 1963 1147 1998 1

46 2042 133 2079 1095
260 2028 418 2079 qualine
438 2027 566 2066 amico
587 2040 675 2066 mea
696 2025 976 2066 commendaui
997 2026 1132 2065 bona?

261 2094 333 2133 CA.
365 2093 490 2143 probo
511 2099 548 2130 et
569 2091 673 2130 fideli
696 2099 734 2130 et
754 2092 835 2130 fido
856 2098 895 2130 et
915 2104 1005 2129 curn
1029 2103 1170 2140 magna
1191 2090 1280 2129 fide.

199 2194 282 2233 1078
305 2203 371 2233 quo
389 2192 440 2234 tu]
457 2202 603 2231 quonam
621 2196 656 2222 tu
673 2190 706 2221 A
839 2200 985 2230 quonam
1009 2200 1071 2221 cen
1090 2190 1122 2220 A
1142 2190 1193 2220 lzt'c
1207 2188 1356 2220 desinens
1370 2189 1404 2220 in
1412 2189 1484 2228 fine

145 2238 289 2278 paginae
312 2238 346 2276 (i.
364 2247 386 2267 e.
415 2245 560 2275 quonam
585 2245 716 2270 censes,
743 2233 808 2265 nisi
833 2234 990 2265 domum?
1024 2232 1253 2272 Studemund)
1400 2234 1482 2264 1080

151 2281 300 2311 aedisste
323 2279 403 2316 cod.‚
423 2278 509 2309 unde
523 2279 637 2310 aedes.
688 2278 753 2310 CH.
781 2278 928 2309 Stasime
945 2276 1075 2308 Schoell
1217 2278 1299 2315 1083
1324 2275 1389 2315 Qui
1405 2276 1481 2306 PCD

156 2325 240 2364 1089
263 2323 354 2354 salus
371 2322 434 2354 cod.
571 2332 655 2361 1090
678 2322 740 2353 hoc
758 2325 870 2352 aetate
890 2322 897 2338 ι
913 2320 1091 2351 masculini
1105 2319 1250 2361 generis'
1269 2319 1402 2350 Nonius
1422 2330 1480 2359 192

154 2368 180 2407 (⁴
195 2367 213 2399 i.
229 2379 252 2399 e.
273 2368 336 2398 hoc
351 2366 481 2405 aetatis⁷
501 2365 633 2396 soloece'
646 2364 727 2406 Leo)
743 2376 750 2398 t
777 2365 840 2395 hac
855 2368 966 2395 aetate
983 2363 1046 2394 cod.
1185 2372 1268 2403 1092
1293 2363 1399 2394 offusa
1412 2361 1477 2394 cod.

211 2426 329 2447 PLAVT.
350 2426 374 2446 11
1326 2418 1366 2448 31
