1731 2713
702 116 992 156 POENVLVS
1439 117 1507 153 IV.
1530 116 1560 152 ii

99 228 252 277 920.ib0
282 228 383 266 intro
413 229 509 266 haee
539 235 581 266 ut
611 241 700 266 meo
730 240 796 266 ero
827 240 1052 266 memorem.
1113 239 1202 264 nam
1243 227 1319 263 huc
1354 226 1383 263 si
1419 234 1509 264 ante

1201 291 1310 329 aedis
1331 304 1507 337 euocem,

183 372 283 408 quae
317 358 522 397 audiuistis
557 358 688 405 modo,
721 370 827 395 nunc
861 356 891 395 si
926 357 1065 395 eadem
1096 357 1159 394 hic
1190 356 1328 394 iterum
1360 356 1506 402 iterem,

1307 421 1505 458 inscitiast.

235 502 300 528 ero
328 489 393 527 uni
425 489 554 539 potius
584 488 688 526 intus
716 501 782 526 ero
809 488 903 526 odio
924 500 1042 537 quam
1071 487 1134 525 hie
1156 486 1228 524 sim
1251 486 1364 524 uobis
1386 485 1508 524 omni·
1532 501 1593 522 100

1368 551 1508 589 bus.—

183 616 240 671 [di
262 618 498 665 inmortales,
522 626 668 669 quanta
688 619 831 665 clades,
854 626 1000 668 quanta
1020 619 1209 656 aduentat
1230 616 1429 655 calamitas

183 683 302 723 hodie
322 685 372 722 ad
399 685 504 722 hune
534 685 718 722 lenonem
737 687 742 721 Σ
782 684 852 721 sed
876 696 949 733 ego
973 696 1078 720 nunc
1100 691 1157 721 est
1179 696 1299 732 quom
1322 695 1384 720 me
1406 695 1509 720 com-

1368 760 1506 786 moror.

94 827 159 862 925
182 814 234 852 ita
254 814 455 864 negotium
477 814 746 860 insfflutumst,
770 826 850 851 non
871 814 986 852 datur
1005 812 1197 860 cessati03

181 880 272 917 nrim
294 887 331 918 et
352 881 428 917 hoe
449 880 565 917 docte
587 879 877 916 consulendum
898 879 1007 928 quod
1029 879 1150 916 modo
1164 876 1480 922 ‚concreditumst

180 953 217 982 et
238 944 334 982 illud
354 952 487 981 autem
507 943 840 982 inseruiendumst
861 942 1068 981 consilium
1090 944 1357 981 uernaculum.
1530 951 1589 983 105

181 1023 332 1047 remora
352 1008 383 1046 si
404 1008 466 1054 sit,
487 1008 553 1057 qui
576 1010 719 1046 malam
740 1021 820 1046 rem
843 1007 939 1045 mihi
961 1009 1027 1046 det
1049 1007 1187 1045 merito
1209 1007 1352 1045 fecerit.

182 1088 286 1112 nune
307 1074 408 1112 intro
424 1073 490 1112 ibo
508 1088 514 1111 :
544 1075 639 1112 dum
661 1087 747 1112 erus
763 1073 950 1112 adueniat
965 1086 988 1111 a
1003 1074 1098 1121 foro,
1117 1073 1296 1123 opperiar
1312 1069 1506 1124 domi.-]

682 1342 920 1391 ACTVS
969 1343 1015 1389 V

741 1444 946 1481 HANNo
1528 1442 1611 1480 V.i

93 1545 161 1579 930
289 1529 1219 1583 [Ythalonimualonuthsicorathisymaeomsyth

286 1595 1366 1646 chymlachchunyfflmumysthyalmycthybaruimysehi

285 1660 1080 1712 liphocanethythbynuthiiadedinbynuii

285 1726 1188 1776 bymarobsyllohomalonimuybymysyrthoho
1242 1744 1251 1748 ’

219 1842 283 1872 920
307 1842 461 1862 seuocem
480 1831 513 1862 P
649 1842 710 1871 921
737 1830 894 1862 audiuisti
920 1830 953 1861 P
1039 1830 1158 1860 iterem
1187 1840 1252 1861 om.
1280 1829 1313 1860 P
1441 1840 1504 1869 922

177 1886 235 1907 ero
259 1875 332 1916 uni]
359 1876 415 1906 uni
443 1875 586 1914 Guietus,
607 1879 645 1906 ut
666 1885 744 1906 ver-5.
772 1875 869 1905 troclz.
888 1875 965 1914 fiat,
994 1884 1076 1904 nam
1102 1884 1160 1904 ero
1183 1874 1240 1904 fini
1260 1873 1503 1913 wltferendum

176 1920 265 1950 intro
292 1930 350 1950 ero
376 1919 408 1949 A
531 1919 606 1950 obio
634 1919 667 1949 P
693 1919 736 1960 (Β
758 1924 820 1959 pro
843 1919 888 1955 D)
1059 1927 1168 1957 923—9
1197 1918 1411 1948 retractatoris
1439 1928 1505 1948 esse

175 1962 327 1994 videnlur
477 1973 540 2002 923
564 1963 690 2004 tqr<ba3
720 1963 792 2003 (vix
807 1963 938 1996 clades}
964 1962 996 1992 A
1104 1961 1241 1992 aduenit
1259 1961 1292 1991 P
1439 1971 1502 2000 924

175 2017 287 2037 moror
302 2007 333 2037 Ρ
483 2017 548 2046 925
572 2007 631 2048 ita]
650 2008 683 2038 id
700 2007 732 2037 P
884 2009 947 2046 926
972 2012 1071 2037 nocte
1088 2005 1120 2036 P
1212 2006 1301 2044 quod
1327 2005 1425 2036 modo
1443 2011 1507 2046 per

175 2049 338 2090 compend.
359 2060 417 2081 scr.
437 2050 471 2080 P
484 2052 672 2090 (quomodo
695 2050 729 2089 T,
748 2062 812 2091 quo
831 2053 930 2082 domo
947 2052 986 2083 Β.
1008 2052 1095 2091 quod
1114 2051 1213 2081 homo
1230 2048 1319 2089 PCD)
1438 2059 1500 2088 927

174 2093 301 2133 autem]
319 2104 434 2124 aurum
451 2095 484 2125 A
597 2097 662 2134 928
687 2105 818 2126 remora
841 2095 1052 2126 Caum-arius
1069 2107 1075 2125 :
1100 2104 1210 2124 remor
1229 2093 1278 2124 P:
1303 2102 1453 2123 remoror
1465 2092 1498 2121 A

175 2137 253 2177 quia
268 2137 301 2166 A
433 2148 542 2178 930—9
565 2150 631 2170 om.
651 2139 684 2169 A
710 2140 782 2179 (vix
801 2144 932 2181 propter
953 2139 1195 2179 homoeoarch.)
1329 2137 1501 2166 verborum

177 2181 289 2212 divisio
301 2182 646 2222 quaeintetpunctt'one
656 2183 796 2214 indicata
809 2188 876 2214 crat
892 2185 926 2214 in
941 2185 973 2214 P
987 2184 1123 2215 nonnisi
1136 2183 1170 2212 1‘11
1185 2192 1232 2213 vv.
1251 2182 1361 2219 935-6
1373 2183 1500 2210 servata

176 2228 231 2255 est.
257 2223 308 2255 De
323 2229 386 2255 loto
403 2226 466 2255 loco
482 2227 520 2264 cs.
541 2226 642 2258 class.
663 2227 740 2259 Rev.
762 2238 810 2265 12,
832 2230 904 2267 362.
927 2228 1090 2268 Singulas
1106 2226 1249 2257 codicum
1266 2223 1500 2254 Palatinornm

176 2268 317 2299 lectiones
341 2280 495 2300 enarrare
519 2271 614 2300 nolui
745 2281 811 2310 930
834 2271 1044 2310 ythalonium
1081 2269 1111 2301 T
1126 2270 1176 2309 (cf.
1205 2268 1291 2300 codd.
1326 2267 1446 2306 Rufini
1465 2267 1498 2296 in

177 2316 264 2343 metr.
305 2312 422 2344 Terent.
449 2315 514 2352 560
537 2313 582 2345 K.
607 2314 776 2345 halonium
802 2315 929 2345 ‘Poeni
954 2315 1070 2346 dicunt
1094 2315 1192 2345 deum
1219 2318 1252 2343 et
1280 2311 1500 2351 producenda

175 2355 304 2394 syllaba
320 2357 416 2388 metri
441 2358 549 2397 gratia
572 2358 656 2388 sicut
675 2358 780 2397 exigit
804 2358 977 2399 iambus')
1106 2367 1167 2397 931
1198 2356 1316 2396 eiybar
1339 2354 1497 2393 uimysthi

181 2398 254 2429 Tui
270 2399 332 2431 vid.
468 2411 533 2441 932
552 2401 684 2442 bynuii]
704 2402 752 2432 vel
766 2402 906 2441 bynuhii
1027 2410 1092 2441 933
1113 2400 1327 2431 hamolomim
1349 2398 1423 2428 Tul
1433 2397 1498 2428 vid.
