1783 2707
118 163 232 190 PROL.

197 337 235 369 25

195 1061 232 1092 55

192 1386 235 1417 40

193 1714 234 1745 45

195 2041 236 2073 50

673 152 717 188 Τ.
754 150 933 188 MACCI
967 150 1168 187 PLAVTI

364 269 401 300 et
423 274 581 311 operam
603 268 641 299 et
662 268 863 310 sumptum
884 261 1077 311 perduntg
1107 260 1146 299 id
1168 273 1215 298 eo
1237 260 1277 297 fit
1299 259 1390 309 quia

364 326 460 365 nihil
481 326 516 365 ei
535 334 779 376 acceptumst
799 339 821 364 a
841 325 998 376 peiiuris
1019 325 1183 377 supplici
1198 340 1208 373 3

361 391 512 430 facilius
533 391 563 430 si
585 391 651 442 qui
672 391 759 442 pius
780 399 838 430 est
858 405 880 429 a
900 391 960 430 dis
981 391 1205 442 supplicans

362 471 480 507 quam
502 456 569 507 qui
590 458 793 496 scelestust
815 456 990 495 inueniet
1011 456 1167 495 ueniam
1188 455 1272 494 sibi.

361 522 507 561 idcirco
529 535 674 561 moneo
695 535 766 560 uos
788 535 862 572 ego
883 522 992 569 haec,
1015 521 1082 572 qui
1103 520 1194 560 estis
1215 521 1310 559 boni

361 587 508 638 quique
528 595 696 626 aetatem
717 586 829 638 agitis
851 601 941 625 cum
962 587 1106 637 pietate
1126 593 1164 624 et
1184 599 1274 624 cum
1296 586 1374 624 fide
1392 600 1400 624 z

362 719 525 758 retinete
546 732 671 770 porro,
696 726 785 769 post
805 720 952 757 sactum
974 726 1016 757 ut
1036 717 1245 757 laetemini.

361 798 467 823 nunc
488 786 565 823 huc
586 798 664 835 qua
684 798 822 823 caussa
842 784 934 823 ueni
955 791 1227 833 argumentum
1249 784 1420 833 eloquar.

415 850 683 900 primumdum
705 849 797 888 huic
819 863 903 888 esse
926 863 1071 888 nomen
1093 848 1179 887 urbi
1201 848 1386 898 Diphilus

363 917 536 966 Cyrenas
557 915 692 954 uoluit.
754 915 831 954 illic
853 914 1004 953 habitat
1025 916 1252 952 Daemones

363 980 401 1018 in
422 993 515 1031 agro
535 987 653 1030 atque
675 979 767 1018 uilla
787 993 977 1030 proxuma
997 987 1155 1030 propter
1175 991 1292 1026 mare,

363 1058 491 1093 senex,
515 1046 583 1095 qui
603 1046 680 1083 huc
703 1044 870 1083 Athenis
891 1046 999 1083 exsul
1021 1044 1139 1091 uenit,
1163 1045 1240 1082 hau
1262 1045 1412 1091 malus3

362 1124 491 1161 neque
512 1110 543 1148 is
563 1111 665 1149 adeo
687 1117 845 1161 propter
866 1104 1053 1148 malitiam
1074 1108 1197 1159 patria
1217 1116 1333 1156 caret,

362 1177 431 1214 sed
452 1176 547 1214 dum
569 1175 666 1214 alios
689 1183 817 1214 seruat
839 1188 879 1213 se
900 1173 1108 1225 impediuit
1128 1173 1294 1222 interim,

361 1254 443 1280 rem
465 1241 565 1280 bene
586 1248 760 1292 paratam
783 1240 968 1280 comitate
988 1240 1170 1291 perdidit.

362 1308 453 1346 hui'c
475 1307 594 1345 filiola
613 1306 723 1357 uirgo
744 1306 856 1357 periit
876 1307 1047 1357 paruola.

361 1386 448 1411 eam
470 1373 519 1411 de
540 1373 740 1421 praedone
761 1371 819 1410 uir
840 1379 1032 1410 mercatur
1051 1385 1269 1422 pessumus

363 1438 394 1477 is
415 1452 502 1479 eam
524 1440 601 1477 huc
623 1440 797 1488 Cyrenas
818 1440 909 1478 leno
929 1437 1087 1477 aduexit
1107 1437 1310 1488 uirginem.

361 1505 594 1544 adulescens
615 1504 779 1555 quidam
800 1503 897 1543 ciuis
918 1503 1048 1543 huiius
1069 1503 1224 1542 Atticus

362 1584 448 1609 earn
470 1570 569 1609 uidit
589 1569 643 1609 ire
664 1584 685 1609 e
706 1571 801 1609 ludo
823 1569 998 1608 fidicinio
1018 1570 1195 1617 domum,

362 1649 493 1674 amare
514 1636 667 1686 occepit
688 1650 694 1673 :
724 1636 775 1674 ad
796 1637 981 1674 lenonem
1003 1635 1174 1682 deuenit,

363 1701 478 1740 minis
499 1700 655 1752 triginta
675 1700 749 1740 sibi
771 1702 942 1751 puellam
964 1700 1133 1740 destinat

361 1769 508 1818 datque
528 1767 761 1806 arrabonem
785 1774 823 1805 et
843 1766 925 1805 iure
945 1766 1111 1805 iurando
1131 1766 1272 1818 alligat,

361 1833 392 1871 is
412 1835 514 1880 leno,
537 1840 579 1871 ut
600 1846 641 1872 se
662 1846 833 1883 aequom
856 1840 924 1879 est,
948 1831 1061 1871 flocci
1081 1846 1162 1871 non
1182 1831 1275 1870 fecit
1296 1832 1414 1871 fidem

361 1913 490 1949 neque
511 1900 619 1949 quod
641 1898 787 1937 iuratus
809 1898 1053 1937 adulescenti
1073 1897 1232 1937 dixerat.

363 1966 398 2003 ei
418 1973 498 2004 erat
519 1966 662 2016 hospes
683 1981 752 2018 par
773 1967 842 2015 sui,
867 1966 1019 2005 Siculus
1040 1979 1158 2004 senex

362 2031 559 2078 scelestus,
582 2032 872 2084 Agrigentinus,
896 2032 1002 2072 urbis
1021 2030 1223 2083 proditor3

363 2095 393 2133 is
414 2095 516 2134 illius
537 2098 696 2137 laudare
719 2099 803 2137 infit
824 2101 989 2138 formam
1010 2097 1170 2148 uirginis

297 2211 338 2239 24
363 2202 533 2240 perduunt
551 2203 616 2234 cod.
729 2213 769 2243 25
795 2204 953 2244 periuriis
971 2203 1009 2244 P,
1030 2202 1062 2233 A
1080 2214 1112 2234 u.
1131 2202 1150 2233 l.
1274 2202 1316 2232 26
1338 2201 1414 2241 pius
1431 2199 1582 2231 Merula:

255 2244 329 2283 plus
348 2244 384 2282 P,
406 2245 438 2275 A
453 2257 484 2277 n.
506 2247 526 2279 l.
663 2248 704 2277 28
730 2248 792 2278 hoc
811 2247 986 2278 Fleckeisen
1085 2246 1141 2286 qui
1165 2246 1249 2277 estis
1267 2245 1417 2276 Merula:
1453 2244 1583 2284 questis

254 2291 291 2318 ul
305 2287 368 2320 vid.
386 2289 420 2319 P
435 2290 517 2331 (que
536 2290 642 2321 uestis
661 2291 764 2330 PBG),
786 2290 819 2320 A
837 2302 869 2321 n.
890 2291 909 2322 l.

254 2333 364 2372 40-56
387 2334 626 2365 nonnullorum
653 2344 809 2365 versuum
836 2338 977 2365 extrema
1015 2338 1142 2365 servata
1160 2333 1192 2363 A

253 2387 296 2416 49
312 2376 500 2451 (nagpque)
518 2378 547 2408 ei
563 2382 635 2409 erat
656 2378 795 2418 Ussing:
821 2377 851 2408 ei
875 2378 993 2409 aderat
1015 2377 1141 2409 Schoell

254 2421 348 2460 parui
399 2445 407 2461 ‚
424 2421 456 2451 Α
477 2432 507 2452 n.
532 2422 551 2452 l.

969 2522 991 2533 l

973 2291 1059 2322 inter
1073 2302 1102 2321 v.
1118 2301 1160 2330 29
1175 2293 1205 2320 et
1220 2301 1247 2320 zv.
1265 2299 1308 2328 30
1320 2289 1426 2319 alium
1444 2287 1579 2319 habetA

1350 2343 1392 2372 42
1417 2331 1536 2363 atticos
1552 2331 1586 2362 P

1227 2387 1288 2416 par
1307 2377 1359 2408 sui
1386 2376 1558 2407 Fleckeisen
1575 2386 1581 2406 :

1603 333 1645 370 25

1604 731 1649 765 30

1605 1385 1650 1418 40

1588 1714 1647 1760 ¹45

1606 2039 1648 2074 50
