1783 2707
165 131 233 168 IV.
256 130 301 166 iii
672 129 716 165 T.
751 126 930 165 MACCI
963 126 1166 163 PLAVTI

256 240 331 278 GR.
366 252 445 277 non
477 236 607 276 audio.
667 238 742 274 TR.
775 242 813 273 at
848 235 914 285 pol
948 233 1016 284 qui
1050 232 1186 273 audies
1218 240 1317 284 post.
1378 234 1454 271 GR.
1487 232 1583 283 quin

1212 300 1373 349 loquere
1393 297 1488 348 quid
1509 297 1579 336 uis.

197 380 235 402 '10
362 371 437 407 TR.
461 370 537 407 eho
558 368 679 406 modo
701 374 757 405 est
774 379 915 416 operae
935 364 1103 415 pretium
1120 365 1229 415 quod
1250 363 1320 403 tibi
1341 376 1413 414 ego
1429 376 1582 402 narrare

1476 429 1580 466 uolo.

362 500 438 538 GR.
471 500 682 548 eloqueren
710 495 806 547 quid
837 495 876 534 id
906 496 994 534 est?
1050 497 1126 533 TR.
1159 493 1251 532 uide
1271 507 1367 531 num
1389 492 1583 543 quispiam

1081 558 1335 609 consequitur
1355 570 1476 608 prope
1497 571 1579 596 nos.

416 630 492 667 GR.
526 626 669 677 ecquid
691 633 749 665 est
770 626 879 676 quod
900 638 989 663 mea
1008 625 1176 663 referat?
1232 626 1308 661 TR.
1342 621 1500 661 scilicet.

415 695 484 732 sed
506 692 600 731 boni
621 691 760 731 consili
781 690 925 741 ecquid
946 689 986 728 in
1007 697 1045 728 te
1066 689 1161 727 mihi
1183 691 1269 728 est?
1602 699 1671 737 950

415 760 491 797 GR.
524 757 620 808 quid
641 756 773 806 negoti
794 764 852 795 est
874 756 994 794 modo
1016 755 1113 794 dice.
1173 757 1249 792 TR.
1281 753 1422 801 dicam,
1446 760 1542 801 tace,

196 840 231 872 15
307 824 337 863 si
359 825 478 863 fidem
501 824 622 862 modo
643 823 712 861 das
734 821 830 859 mihi
852 829 889 860 te
909 834 990 859 non
1012 822 1093 859 fore
1114 820 1292 858 infidum.
1602 829 1716 867 952—3

307 891 383 928 GR.
416 890 469 927 do
491 889 609 927 fidem
631 887 713 934 tibi,
736 888 838 925 fidus
860 900 938 933 ero,
961 885 1137 935 quisquis
1158 899 1209 924 es.
1269 887 1346 923 TR.
1377 883 1481 923 audi.
1602 893 1716 931 954—5

466 954 611 990 furtum
633 965 705 1002 ego
726 950 808 990 uidi
830 950 894 1001 qui
917 950 1108 998 faeiebat3

467 1031 655 1057 noueram
677 1016 899 1064 dominum,
920 1016 960 1055 id
981 1015 1075 1066 quoi
1097 1016 1226 1063 fiebat,
1601 1013 1690 1059 956a

466 1091 555 1135 post
575 1085 625 1122 ad
647 1085 771 1122 furem
793 1089 949 1132 egomet
969 1080 1141 1120 deuenio

193 1163 233 1185 20
467 1150 629 1199 feroque
650 1148 684 1187 ei
706 1146 983 1186 condicionem
1005 1148 1081 1186 hoc
1101 1153 1241 1197 pacto:
1601 1147 1691 1188 957³

471 1218 565 1264 ‘ego
586 1214 685 1252 istuc
706 1215 851 1251 furtum
873 1211 954 1250 scio
976 1211 1069 1261 quoi
1090 1213 1237 1249 factum
1258 1217 1316 1249 est
1331 1224 1342 1258 ,-

468 1293 574 1318 nunc
596 1279 691 1317 mihi
713 1278 743 1317 si
764 1278 823 1316 uis
845 1279 937 1316 dare
958 1276 1179 1324 dimidium,
1602 1279 1690 1324 958a

468 1345 658 1384 indicium
680 1343 844 1383 domino
866 1356 947 1381 non
968 1341 1134 1381 faciam.'

467 1411 498 1449 is
520 1410 615 1449 mihi
636 1409 733 1448 nihil
753 1409 871 1448 etiam
892 1407 1105 1459 respondit.
1602 1412 1691 1452 959a

193 1489 232 1522 25
469 1477 565 1527 quid
586 1477 678 1515 inde
699 1489 869 1526 aequom
892 1482 949 1513 est
970 1474 1055 1513 dari
1075 1473 1200 1513 mihi?
1229 1471 1438 1512 dimidium
1602 1473 1672 1516 960

469 1544 562 1581 uolo
583 1549 625 1580 ut
645 1541 765 1580 dicas.
825 1541 901 1579 GR.
935 1539 1058 1578 immo
1079 1539 1210 1578 hercle
1231 1537 1348 1577 etiam
1369 1539 1470 1589 plus,

466 1621 558 1646 nam
579 1607 653 1646 nisi
674 1608 751 1653 dat,
776 1605 941 1645 domino
963 1604 1183 1644 dicundum
1601 1604 1690 1649 961³·

466 1686 621 1712 censeo.
680 1674 756 1710 TR.
790 1678 859 1710 tuo
881 1671 1047 1710 consilio
1068 1670 1219 1709 faciam.

466 1752 572 1777 nunc
592 1739 757 1777 aduorte
777 1737 954 1776 animum
973 1751 980 1784 3
1009 1750 1181 1787 namque
1202 1737 1278 1775 hoc
1299 1749 1379 1774 om-
1587 1737 1689 1782 ,9522

192 1817 231 1848 30
520 1818 569 1843 ne
589 1803 729 1842 attinet
749 1804 800 1842 ad
821 1810 868 1842 te.
926 1804 1002 1842 GR.
1035 1802 1131 1852 quid
1152 1802 1365 1840 factumst?
1597 1800 1687 1847 962b

251 1871 327 1908 TR.
365 1869 544 1908 uidulum
579 1868 697 1907 istum
738 1868 880 1919 quoius
920 1875 978 1907 est
1017 1867 1111 1906 noui
1150 1881 1222 1917 ego
1260 1865 1464 1905 hominem
1502 1864 1580 1903 iarn

1046 1932 1209 1983 pridem.
1270 1933 1346 1970 GR.
1379 1930 1475 1981 quid
1496 1931 1583 1969 est?

251 2001 326 2037 TR.
360 2006 398 2037 et
419 2012 498 2049 quo
528 2006 645 2050 pacto
675 1997 799 2049 periit.
860 1999 936 2037 GR.
969 2004 1007 2035 at
1028 2010 1100 2047 ego
1128 2010 1207 2047 quo
1235 2003 1351 2047 pacto
1381 1995 1582 2034 inuentust

1501 2060 1582 2099 scio

250 2137 288 2168 et
311 2129 377 2180 qui
399 2129 550 2168 inuenit
572 2128 774 2168 hominem
797 2127 891 2167 noui
913 2135 950 2166 et
971 2127 1158 2166 dominus
1179 2126 1246 2176 qui
1267 2139 1373 2164 nunc
1394 2133 1451 2164 est
1472 2124 1563 2164 scio.
1600 2125 1666 2170 965

293 2244 356 2273 947
383 2234 483 2264 modo
507 2236 718 2273 suspectum:
742 2242 841 2262 mane
866 2232 944 2261 dum
970 2231 1056 2261 Leo:
1090 2241 1134 2261 an
1160 2232 1324 2261 numero?
1425 2230 1488 2269 948
1512 2228 1580 2260 elo-

251 2288 378 2316 queren
401 2277 443 2317 (2)
464 2276 528 2306 Leo
545 2276 643 2306 metri
656 2286 753 2306 causa
771 2286 777 2304 z
804 2274 964 2313 eloquere
980 2274 1049 2306 cod.
1184 2284 1262 2304 num
1281 2273 1446 2313 quispiam
1466 2273 1580 2304 Came-

252 2321 361 2351 ram‘us
379 2332 386 2351 ι
412 2321 566 2359 nuspiam
581 2319 646 2350 cod.
735 2328 799 2358 950
823 2318 973 2348 consiliis
991 2316 1077 2348 cod.:
1102 2327 1178 2348 corr.
1202 2317 1415 2347 Camerarius
1501 2318 1582 2355 956²

250 2364 301 2395 vel
316 2374 433 2394 noram
575 2365 635 2402 961
663 2362 755 2402 plus]
776 2361 920 2400 amplius
939 2361 1074 2400 Segvffer!
1207 2362 1271 2400 963
1298 2360 1393 2390 cuius
1414 2364 1466 2389 est
1482 2359 1555 2390 Ital.
1574 2370 1581 2391 ι

251 2408 421 2438 cuiusnest
439 2407 566 2447 (-mest)
585 2405 650 2436 cod.
670 2406 770 2444 :fort.
790 2404 990 2444 quoiusnam
1009 2408 1061 2434 est
1079 2403 1289 2444 (cuiusnaest
1307 2403 1356 2434 vel
1372 2402 1558 2443 cuiusfiest)

967 2522 989 2533 l
