1783 2707
103 142 234 179 111.ss
613 140 659 177 T.
694 138 873 177 MACCI
908 138 1108 175 PLAVTI

201 265 291 289 nam
315 250 476 288 istorum
499 250 628 287 nullus
650 248 840 286 nefastust
860 262 866 284 :
897 245 1112 285 comitiales
1134 253 1224 283 sunt
1246 245 1339 283 meri
1359 259 1366 288 ς

201 316 253 354 ibi
276 315 465 361 habitant,
489 314 543 351 ibi
565 326 633 351 eos
654 311 873 362 conspicias
896 324 1012 361 quam
1035 318 1253 361 praetorem
1276 309 1442 360 saepius.
1549 316 1588 359 58
1595 321 1612 359 5

202 380 320 419 hodie
342 379 433 418 iuris
455 378 646 417 coctiores
668 390 747 415 non
770 384 860 414 sunt
881 375 947 426 qui
968 375 1044 413 litis
1066 382 1198 413 creant

144 463 181 483 10
202 458 320 495 quam
343 444 382 482 hi
404 451 494 481 sunt
516 443 593 493 qui,
618 441 647 479 si
671 442 767 479 nihil
789 448 846 479 est
868 440 1026 490 quicum
1049 439 1212 489 litigent,
1236 439 1312 478 litis
1333 446 1479 478 emunt.

202 512 305 548 Amr.
330 509 370 547 di
391 517 428 547 te
450 509 613 559 perdant
635 510 640 544 !
701 509 773 544 M1.
798 519 869 544 uos
891 504 1052 555 quidem
1070 506 1347 543 hercle—cum
1369 518 1416 543 eo
1437 517 1527 542 cum

1238 569 1375 620 quiqui
1397 577 1528 607 tamen

203 649 240 679 et
261 642 362 679 bene
384 647 420 678 et
443 639 612 688 benigne
633 637 758 676 facitis
780 638 899 687 quom
923 650 988 675 ero
1009 635 1156 674 amanti
1178 649 1337 686 operam
1358 634 1469 674 datis.

204 706 272 744 sed
294 705 354 743 isti
377 705 452 742 iam
475 704 603 741 sciunt
624 702 755 752 negoti
777 702 873 751 quid
895 701 972 739 sit?
1029 703 1103 739 Ao.
1137 714 1254 739 omne
1276 700 1315 737 in
1336 699 1526 739 ordinem.
1549 711 1617 749 590

206 773 276 808 Ml.
310 778 392 808 tum
421 783 491 808 uos
516 769 692 807 animum
713 767 909 806 aduortite
931 766 1053 817 igitur.
1114 767 1219 804 hunc
1246 778 1318 803 uos
1345 767 1528 803 lenonem

1381 833 1529 880 Lycum

147 918 181 949 15
203 901 396 940 nouistis?
453 904 555 938 AJN.
589 900 714 938 facile.
773 901 846 938 Co.
877 906 915 936 at
945 899 1011 948 pol
1041 911 1113 948 ego
1140 910 1230 935 eum
1261 910 1339 946 qua
1365 895 1412 934 sit
1433 894 1531 933 facie

1384 960 1528 999 nescio.

204 1045 294 1071 eum
310 1031 404 1069 mihi
420 1033 511 1069 uolo
528 1029 807 1069 demonstretis
821 1028 1034 1067 hominem.
1076 1030 1182 1066 ADV.
1205 1040 1277 1065 nos
1294 1025 1528 1065 curabimus.

205 1097 287 1135 sati⁷
308 1104 608 1147 praeceptumst.
668 1098 741 1133 Ao.
774 1094 838 1133 hic
870 1102 1064 1133 trecentos
1095 1106 1279 1131 nummos
1306 1099 1531 1130 numeratos

1399 1158 1529 1196 habet.

206 1233 308 1269 ADV.
342 1243 433 1280 ergo
455 1244 527 1268 nos
548 1228 741 1279 inspicere
762 1236 917 1277 oportet
938 1227 1037 1265 istuc
1058 1239 1207 1273 aurum,
1231 1225 1516 1275 Agorastocles,
1553 1235 1617 1272 595

205 1304 247 1335 ut
268 1296 436 1334 sciamus
458 1294 553 1345 quid
574 1295 753 1333 dicamus
775 1307 865 1332 mox
886 1306 956 1343 pro
977 1290 1214 1330 testimonio.

145 1375 186 1398 20
206 1363 278 1401 Co.
311 1361 424 1410 agite,
447 1359 640 1410 inspicite.
699 1361 802 1396 ADv.
836 1371 973 1397 aurum
999 1364 1057 1396 est
1081 1357 1258 1407 profecto
1282 1355 1359 1403 hic,
1385 1362 1532 1404 specta-

1172 1429 1284 1468 tores,
1307 1419 1504 1460 comicum
1525 1434 1532 1458 ;

205 1500 403 1531 macerato
425 1493 501 1530 hoc
523 1490 687 1541 pingues
709 1492 807 1528 fiunt
828 1503 923 1528 auro
945 1489 983 1526 in
1006 1487 1184 1526 barbaria
1206 1487 1328 1525 boues
1343 1502 1353 1534 3

204 1571 341 1597 uerum
369 1558 419 1596 ad
447 1558 549 1595 hanc
576 1569 657 1595 rem
684 1556 882 1606 agundam
908 1554 1133 1604 Philippum
1155 1560 1236 1591 est:
1269 1552 1322 1590 ita
1342 1565 1414 1591 nos
1434 1551 1533 1591 adsi-

1282 1617 1529 1656 mulabimus.

205 1691 278 1730 Co.
315 1690 384 1728 sed
411 1688 464 1728 ita
490 1687 767 1727 adsimulatote
795 1686 905 1737 quasi
933 1700 1005 1736 ego
1036 1684 1108 1724 sim
1129 1683 1364 1735 peregrinus.
1423 1685 1529 1721 ADV.
1551 1686 1623 1723 600

1373 1748 1531 1797 scilicet,
1576 1754 1577 1757 ’

207 1828 245 1858 ct
266 1819 426 1871 quidem
449 1818 559 1870 quasi
581 1826 621 1857 tu
643 1817 852 1857 nobiscum
872 1816 1090 1856 adueniens
1112 1815 1231 1855 hodie
1252 1813 1422 1854 oraueris

149 1903 162 1923 2
169 1901 186 1933 5
207 1885 372 1924 liberum
395 1893 437 1923 ut
457 1891 827 1923 commostraremus
848 1882 919 1921 tibi
939 1884 1070 1921 locum
1093 1889 1130 1921 et
1152 1880 1415 1931 uoluptarium

207 1951 274 1990 ubi
291 1964 409 1998 ames,
426 1958 549 2000 potes,
566 1963 824 2000 pergraecere.
872 1950 944 1988 Co.
969 1962 1017 1987 eu
1032 1949 1173 1998 edepol
1192 1946 1364 1985 mortalis
1386 1948 1509 1986 malos
1527 1948 1533 1985 !

207 2019 281 2056 Ao.
314 2030 386 2067 ego
407 2015 511 2055 enim
539 2015 668 2054 docui.
732 2017 804 2053 M1.
838 2014 924 2065 quis
950 2022 987 2053 te
1014 2015 1158 2065 porro?
1207 2014 1278 2053 Co.
1310 2012 1412 2062 agite
1432 2011 1534 2051 intro

1106 2079 1222 2126 abite,
1246 2079 1531 2129 Agorastocles,

208 2161 257 2186 ne
278 2145 341 2185 hic
362 2159 433 2185 uos
454 2159 610 2185 mecum
632 2145 881 2196 conspicetur
900 2147 991 2184 leno
1013 2159 1088 2184 neu
1110 2144 1284 2183 fallaciae
1553 2145 1620 2189 605

253 2251 317 2291 586
341 2249 509 2281 doctiores
525 2248 598 2281 Ital.
623 2249 668 2283 (A
689 2259 719 2280 n.
739 2248 866 2288 Llsort.
887 2252 960 2279 recle
1078 2249 1139 2287 587
1166 2248 1251 2287 quic.
1279 2247 1298 2278 l.
1319 2247 1339 2278 l.
1360 2246 1408 2288 e.]
1427 2246 1534 2278 litium

210 2294 287 2326 lites
307 2298 443 2326 semunt
458 2293 491 2324 P
509 2296 534 2332 t?
545 2299 606 2334 pro
620 2291 754 2335 (aliud)
768 2292 817 2323 vel
832 2290 1053 2334 (quicquam)
1064 2292 1111 2322 lit.
1127 2294 1197 2323 etc.)
1288 2291 1352 2330 588
1375 2300 1474 2330 quom
1493 2300 1535 2321 eo

212 2349 314 2378 quom
328 2335 664 2379 P(antiquasbrma)
755 2345 819 2375 590
843 2346 975 2366 omnem
990 2335 1023 2365 in
1038 2335 1156 2366 ordine
1174 2334 1224 2366 P:
1250 2345 1349 2365 omne
1367 2335 1400 2364 in
1415 2333 1535 2364 ordine

212 2382 287 2414 Ital.
386 2390 449 2421 593
474 2381 552 2411 uolo
569 2379 647 2410 mihi
664 2380 696 2410 P
793 2388 855 2419 597
880 2379 945 2410 hoc
964 2376 1117 2419 Geppert:
1141 2389 1207 2409 om.
1226 2377 1259 2408 P
1356 2388 1420 2418 599
1444 2377 1484 2419 al?
1499 2376 1532 2407 A

214 2426 383 2465 agundum
405 2430 456 2455 est
477 2424 665 2464 philippum
688 2427 739 2454 est
765 2423 810 2454 ita
836 2432 900 2453 nos
919 2421 1158 2453 adsimulemus
1180 2421 1213 2452 A
1347 2424 1408 2452 601
1436 2420 1535 2452 hodie

215 2481 280 2501 om.
300 2471 329 2500 A
420 2470 484 2499 602
509 2467 686 2499 uoltarium
704 2466 736 2496 A
837 2468 901 2505 603
927 2475 968 2497 eu
986 2477 1050 2496 om.
1071 2465 1104 2496 A
1203 2467 1333 2504 604-34
1357 2464 1443 2495 deest
1457 2464 1490 2495 A
