1783 2707
180 127 247 163 IV.
271 126 300 161 ii
691 122 735 158 T.
771 119 949 159 MACCI
984 118 1186 155 PLAVTI

274 236 375 272 bene
397 235 493 272 unlc.
556 234 618 269 1³1.
652 231 794 269 resiste.
857 231 922 267 As.
956 228 1103 266 omitte.
1167 229 1231 265 DI.
1264 226 1346 265 sine
1374 239 1460 265 eain
1487 225 1599 265 intro.

1200 295 1265 330 As.
1298 293 1349 330 ad
1370 300 1407 330 te
1428 292 1599 341 quidem.

276 367 342 403 ])1.
374 365 495 402 immo
518 364 614 401 istoc
634 364 683 400 ad
710 375 780 400 uos
800 359 928 412 (uolo)
949 360 1011 398 ire.
1073 361 1139 397 As.
1173 371 1251 396 non
1275 365 1413 408 potest,
1438 352 1602 394 nimium

1491 421 1600 472 petis.

277 499 341 534 D1.
375 496 458 533 sine
479 493 765 544 experiri-—As.
799 492 919 528 immo
941 489 1129 540 opperire.
1189 488 1248 526 uis
1269 495 1326 526 est
1347 486 1562 537 experirier.

279 563 343 599 D1.
377 560 439 599 dic
480 573 542 598 rne
580 559 728 597 adesse.
797 559 867 594 As.
897 555 973 602 abi,
1010 561 1249 604 occupatast.
1318 567 1377 592 res
1417 553 1518 599 itast,
1556 564 1606 590 ne

1384 619 1522 656 frustra
1543 616 1604 654 sis.

218 705 255 735 45
281 695 345 730 In.
378 691 486 730 redin
509 704 558 728 an
580 703 660 728 non
681 688 815 727 redis?
885 689 952 724 As.
986 694 1101 725 uocat
1130 699 1192 724 me
1213 698 1314 735 quae
1335 684 1373 721 in
1396 696 1458 722 me
1479 689 1608 732 potest
1627 690 1692 728 755

1236 752 1323 800 plus
1345 762 1461 799 quam
1483 755 1606 798 potes,

280 826 344 861 I›1.
378 836 457 861 uno
480 821 602 860 uerbo
615 822 726 858 ν-Αςκι
760 820 953 868 eloquere.
1016 819 1080 854 Dr
1114 815 1241 854 mittin
1266 829 1327 853 me
1352 814 1483 852 intro?
1539 815 1606 851 As.

1267 881 1436 918 mendax
1457 891 1507 924 es,
1531 878 1606 917 abi.

280 967 401 992 unum
423 952 566 998 aiebas,
591 951 661 989 tria
683 950 758 987 iani
781 948 876 986 dixti
898 948 1018 986 uerba
1039 954 1157 996 atque
1179 943 1260 997 <ea>
1282 943 1557 982 mendacia.—

282 1021 346 1057 D1.
379 1018 473 1057 abiit
495 1017 607 1063 intro,
632 1014 805 1054 exclusit.
867 1026 968 1062 egon
989 1019 1030 1050 ut
1052 1013 1149 1049 haec
1171 1009 1265 1048 mihi
1287 1009 1410 1059 patiar
1430 1008 1544 1047 fieri?

281 1085 356 1122 iam
379 1083 509 1121 hercle
530 1095 603 1131 ego
623 1080 705 1127 tibi,
729 1078 937 1124 inlecebra,
960 1077 1075 1115 ludos
1096 1075 1236 1113 faciam
1258 1076 1428 1113 clamore
1449 1073 1487 1111 in
1509 1072 1586 1120 uia,

222 1162 262 1192 50
282 1163 383 1200 quae
403 1149 616 1186 aduorsum
637 1147 763 1196 legem
784 1142 969 1193 accepisti
990 1155 1012 1180 a
1032 1140 1222 1191 plurumis
1243 1139 1451 1190 pecuniam
1470 1154 1479 1187 3
1633 1139 1701 1182 760

283 1215 359 1253 iarn
381 1215 511 1253 hercle
531 1212 638 1263 apud
666 1222 792 1250 nouos
814 1205 977 1262 [omnis]
1000 1205 1245 1257 magistrdtus
1267 1207 1355 1243 faxo
1377 1204 1445 1243 erit
1467 1217 1614 1243 nomen

1491 1277 1613 1315 tuoni,

284 1345 415 1397 postid
437 1357 510 1395 ego
531 1351 568 1382 te
590 1354 750 1380 manum
774 1339 930 1378 iniciam
952 1336 1200 1388 quadrupuli,
1223 1336 1412 1381 uenefica,

286 1409 507 1462 suppostrix
535 1421 713 1459 puerum.
785 1418 857 1455 ego
882 1403 1024 1454 edepol
1055 1400 1170 1455 (iarn)
1196 1408 1262 1440 tua
1287 1400 1428 1451 probra
1457 1399 1618 1450 aperibo

1473 1463 1615 1503 omnia.

289 1541 386 1580 nihil
409 1553 471 1579 me
490 1535 722 1591 (prohibet)
744 1534 897 1586 perdidi
918 1546 1036 1572 omne
1058 1533 1166 1582 quod
1188 1531 1281 1570 fuit:
1312 1532 1364 1569 fio
1385 1530 1581 1580 inpudens

232 1620 270 1651 55
293 1621 365 1646 nee
386 1605 439 1644 mi
459 1606 597 1644 adeost
617 1601 812 1641 tantillum
834 1598 945 1650 pensi
966 1598 1041 1636 iam
1064 1609 1163 1647 quos
1185 1595 1336 1646 capiam
1358 1597 1522 1634 calceos.
1639 1596 1705 1638 765

337 1721 392 1751 751
420 1711 506 1741 bene
525 1709 636 1740 ualere
662 1707 742 1737 siste
767 1704 902 1736 omittes
928 1703 1003 1733 inea
1029 1701 1157 1743 m[itt0]
1184 1701 1270 1731 intro
1293 1699 1359 1732 cod.
1381 1700 1438 1740 (iv.
1458 1699 1492 1739 3)
1512 1711 1519 1730 :
1542 1709 1621 1731 corr.

293 1753 513 1793 Camerarius,
532 1751 659 1784 Sclzocll
769 1759 831 1789 752
856 1747 935 1778 uolo
951 1746 1027 1777 add.
1045 1745 1219 1776 Buecheler
1305 1745 1386 1775 irem
1404 1743 1469 1775 cod.
1532 1744 1620 1783 petis

292 1798 438 1830 Boeckel:
465 1796 534 1837 pati
560 1795 624 1826 cod.
784 1802 846 1832 753
871 1801 948 1831 exp.
969 1791 1043 1821 sine
1063 1791 1185 1820 <sinem
1210 1789 1256 1820 B>
1276 1788 1342 1820 cod.
1363 1800 1369 1818 :
1403 1787 1476 1818 irai.
1496 1787 1618 1817 Botlre:

292 1844 364 1874 sine
381 1841 439 1872 del.
460 1840 524 1871 Leo
635 1837 825 1878 opperirern
842 1834 907 1866 cod.
1023 1833 1180 1872 experire
1197 1831 1262 1863 cod.
1281 1843 1287 1862 z
1311 1842 1387 1862 corr.
1410 1830 1622 1861 Camerarius

294 1897 356 1926 754
380 1886 486 1916 dicam
514 1884 635 1914 adesse
660 1882 716 1912 ubi
743 1883 939 1919 occupatast
965 1877 1100 1908 resistat
1124 1880 1159 1906 et
1177 1876 1218 1916 (r.
1236 1886 1279 1906 ex
1303 1886 1345 1905 ex
1369 1875 1414 1911 Β)
1435 1874 1557 1905 frustra
1578 1874 1621 1904 sit

293 1930 360 1960 cod.
381 1940 388 1960 ι
411 1939 486 1959 corr.
508 1927 650 1968 Spengel
751 1925 807 1956 vix
823 1928 857 1954 ut
875 1923 896 1954 f.
915 1932 941 1953 S.
1081 1929 1143 1959 755
1167 1930 1234 1950 non
1256 1919 1351 1949 redin
1373 1918 1400 1949 si
1417 1922 1516 1949 uocat
1532 1917 1596 1948 cod.
1615 1928 1622 1947 :

296 1984 372 2005 corr.
392 1971 610 2010 Camerarius,
628 1970 761 2010 Geppert
848 1967 875 1997 si
893 1977 924 1997 u.
942 1975 994 1996 me
1011 1964 1067 2004 qui
1084 1963 1211 1994 Sclzoell
1298 1967 1395 2002 potes
1412 1960 1623 1992 Lambinus:

296 2021 410 2057 potest
427 2016 493 2046 cod.
587 2024 673 2054 quae
690 2013 723 2043 in
742 2022 794 2042 me
812 2010 885 2051 plus
902 2019 999 2049 quam
1018 2013 1053 2039 tu
1071 2012 1183 2047 potest
1203 2007 1326 2038 Goeller
1449 2006 1512 2045 756
1535 2005 1621 2036 mitti

296 2062 385 2092 inme
409 2059 474 2091 cod.
631 2067 691 2098 757
713 2055 821 2086 alebat
841 2053 959 2085 stridia
973 2051 1057 2083 dixti
1078 2062 1108 2083 u.
1128 2051 1227 2089 (dixit
1244 2050 1345 2081 uerbe
1366 2050 1409 2090 Β)
1428 2050 1494 2080 cod.
1512 2060 1519 2080 ε
1542 2058 1619 2079 corr.

297 2104 511 2136 Camerarius
599 2112 639 2133 ea
656 2100 731 2131 add.
753 2098 948 2129 Gulielmius
1082 2096 1143 2134 758
1167 2094 1307 2126 exclusit
1326 2093 1485 2134 Spengel:
1511 2092 1623 2123 incluit

298 2148 423 2187 (induit
441 2147 529 2187 PCD)
548 2146 614 2177 cod.
719 2153 807 2182 egon
826 2142 957 2172 Loman
976 2152 982 2170 :
1007 2150 1070 2178 ego
1087 2138 1153 2170 cod.
1312 2147 1374 2177 759
1398 2138 1577 2168 clamorem
1595 2135 1627 2166 Β

297 2194 360 2233 76ο
383 2202 483 2232 quem
513 2190 543 2221 Β
631 2186 791 2227 accepisti
820 2197 839 2217 a
867 2185 935 2225 (ab)
964 2183 1063 2214 Ital:
1095 2182 1273 2222 accepistis
1300 2182 1342 2214 ad
1371 2181 1434 2213 coa'.
1466 2186 1541 2222 apro
1566 2179 1622 2218 ab)

298 2237 357 2276 761
380 2246 487 2268 nouos
514 2233 587 2269 (del.
605 2232 731 2264 omnis]
757 2230 887 2270 Bergk:
911 2238 973 2258 nos
999 2226 1107 2258 omnis
1131 2225 1194 2257 cod.
1215 2227 1224 2263 r(
1234 2231 1295 2266 pro
1311 2235 1373 2256 nos
1397 2227 1474 2259 osli
1502 2223 1625 2262 (omnis

297 2284 427 2312 tutatur
440 2279 521 2319 Leo)
642 2278 704 2316 762
729 2275 786 2306 tibi
804 2273 929 2305 Schoell
994 2271 1121 2301 initiam
1139 2269 1335 2309 quadrupiis
1351 2268 1517 2299 beneficia
1533 2266 1599 2298 cod.
1618 2277 1625 2297 :

297 2336 376 2356 corr.
388 2323 477 2361 Ital„
492 2321 705 2354 Camerarius
795 2320 858 2358 763
874 2317 938 2347 iam
956 2319 1012 2346 tua
1031 2313 1242 2345 Camerarius
1259 2324 1265 2343 :
1289 2312 1335 2344 itu
1355 2323 1374 2343 a
1391 2311 1456 2344 cod.
1519 2310 1624 2351 proba

297 2368 363 2400 cod.
499 2367 561 2405 764
586 2363 741 2405 prohibet
758 2360 836 2393 add.
854 2360 918 2391 Leo
1049 2359 1110 2397 765
1127 2357 1221 2387 adest
1239 2355 1303 2387 coa’.
1327 2368 1333 2386 :
1358 2366 1436 2387 corr.
1454 2355 1487 2385 A
1493 2353 1627 2385 m'dalius

298 2411 465 2443 tantillum
487 2409 704 2441 casaubonus
719 2419 723 2439 :
748 2407 789 2436 ad
807 2405 897 2435 illum
915 2403 978 2434 cod.

976 2520 998 2530 l
