1783 2707
174 142 202 178 Ῑ.
226 142 272 177 iv
640 139 685 177 T.
721 137 901 177 MACCI
933 136 1136 174 PLAVTI

227 264 355 301 neque
382 262 501 300 quem
532 248 695 298 rogitem
723 259 996 297 responsorem
1024 257 1265 294 quemquam
1294 243 1440 282 interea
1464 255 1555 281 con-

1422 307 1551 354 uenio,

227 394 354 431 neque
383 379 494 430 magi'
516 380 622 417 solae
649 386 771 417 terrae
799 378 904 415 solae
934 383 1025 415 sunt
1052 388 1170 426 quam
1198 375 1296 412 haec
1323 375 1409 412 loca
1435 380 1553 423 atque

1258 440 1332 477 hae
1352 438 1528 488 regiones
1544 452 1553 485 3

224 525 362 561 neque,
387 510 418 548 si
439 510 550 555 uiuit,
571 523 657 548 eam
678 509 769 547 uiua
791 521 979 557 umquam
1001 506 1096 557 quin
1117 504 1318 544 inueniam
1339 503 1535 543 desistam.

166 629 205 651 10
655 610 723 645 ΡΑ.
755 607 967 657 quoianam
987 619 1065 644 uox
1086 604 1180 643 mihi

706 686 828 723 prope
848 671 911 710 hic
932 672 1074 710 sonat?
1573 679 1657 718 229a

492 741 573 777 ΛΜ.
605 737 798 789 pertimui,
822 736 909 787 quis
930 735 993 774 hic
1013 734 1186 786 loquitur
1205 736 1355 785 prope?
1571 748 1640 782 230

653 805 720 840 ΡΑ.
754 803 851 852 Spes
872 802 988 848 bona,
1012 814 1188 851 opsecro,

652 868 847 906 subuenta
868 866 973 913 mihi,
1573 873 1658 912 231a

165 951 200 982 15
491 936 573 972 AM.
605 932 751 972 eximes
773 946 819 970 ex
839 933 914 970 hoc
936 931 1117 970 miseram
1139 938 1246 969 metu
1264 932 1280 968 ?

331 1037 398 1073 ΡΑ.
431 1042 538 1073 certo
559 1047 636 1072 uox
657 1032 856 1071 muliebris
877 1030 979 1070 auris
999 1030 1124 1081 tetigit
1144 1043 1262 1069 meaS.

330 1102 411 1138 AM.
444 1099 583 1137 mulier
603 1106 672 1145 est,
695 1096 896 1136 muliebris
917 1109 995 1134 uox
1015 1095 1068 1134 mi
1088 1096 1140 1134 ad
1159 1095 1261 1134 auris
1282 1093 1400 1132 uenit.

330 1167 397 1203 PA.
417 1177 512 1202 num
522 1163 746 1213 Ampelisca
760 1163 985 1213 opsecrost?
1001 1163 1084 1199 AM.
1102 1159 1551 1207 ten,Palaestra,audio?
1570 1168 1634 1206 235

330 1231 397 1268 PA.
430 1229 525 1280 quin
546 1241 648 1267 uoco
670 1235 711 1266 ut
732 1241 795 1266 me
815 1226 949 1266 audiat
970 1225 1131 1264 nomine
1152 1225 1257 1263 illam
1279 1226 1380 1263 suo?

160 1314 201 1335 20
383 1293 631 1344 Ampelisca!
671 1295 752 1331 AM.
785 1294 876 1331 hem
894 1291 981 1342 quis
998 1292 1085 1330 est?
1124 1292 1192 1328 ΡΑ.
1225 1303 1298 1340 ego
1319 1291 1525 1328 Palaestra.

329 1362 410 1398 AM.
442 1358 506 1398 dic
526 1358 595 1397 ubi
615 1359 685 1396 es?
719 1359 787 1395 ΡΛ.
821 1358 887 1407 pol
908 1369 980 1406 ego
1001 1368 1107 1393 nunc
1127 1354 1167 1393 in
1188 1354 1299 1392 malis
1320 1354 1519 1404 plurumis.

327 1426 408 1463 AM.
441 1424 548 1463 socia
568 1436 655 1462 sum
676 1436 749 1462 nec
771 1422 899 1461 minor
919 1435 1006 1472 pars
1028 1427 1151 1460 meast
1172 1433 1290 1470 quam
1311 1427 1387 1458 tua.

325 1491 396 1529 sed
416 1489 550 1529 uidere
570 1496 711 1539 expeto
732 1496 779 1527 te.
841 1490 912 1526 PA.
944 1486 1039 1525 mihi
1060 1499 1101 1525 es
1121 1487 1285 1525 aemula.
1569 1501 1638 1535 240

324 1558 407 1595 AM.
437 1568 725 1605 consequamur
739 1554 862 1604 gradu
878 1566 1031 1591 uocem.
1077 1551 1145 1590 ubi
1162 1552 1232 1590 es?
1271 1553 1339 1589 PA.
1363 1564 1456 1589 ecce
1472 1564 1545 1589 me.

157 1639 196 1671 25
324 1622 470 1660 accede
489 1622 540 1660 ad
561 1634 624 1659 me
643 1627 762 1670 atque
782 1619 847 1658 adi
868 1626 1015 1658 contra.
1074 1619 1156 1655 AM.
1190 1617 1231 1655 fit
1252 1617 1400 1655 sedulo.

326 1689 394 1726 PA.
441 1687 541 1726 cedo
575 1688 748 1724 manum.
808 1687 889 1723 AM.
936 1683 1084 1734 accipe.
1143 1684 1211 1720 ΡΑ.
1258 1681 1334 1729 dic,
1365 1681 1550 1721 uiuisne?

1370 1760 1544 1797 opsecro.
1586 1761 1587 1764 ¹

324 1820 405 1857 AM.
438 1825 479 1856 tu
500 1816 594 1856 facis
616 1830 679 1855 me
699 1816 862 1867 quidem
885 1815 1018 1854 uiuere
1039 1821 1081 1853 ut
1102 1827 1208 1852 nunc
1229 1811 1359 1859 uelim,

323 1896 445 1935 quom
466 1882 562 1921 mihi
582 1890 621 1921 te
641 1881 731 1921 licet
753 1888 921 1932 tangere.
983 1887 1025 1919 ut
1046 1879 1111 1918 uix
1131 1878 1228 1917 mihi
1568 1884 1634 1920 245

322 1949 441 1989 credo
461 1962 534 1999 ego
554 1949 643 1995 hoc,
666 1955 704 1986 te
724 1954 857 1986 tenere
875 1950 880 1985 l
912 1959 1090 1997 opsecro,
1110 1945 1358 1995 amplectere,

155 2032 196 2063 30
323 2028 412 2066 spes
433 2027 530 2053 mea.
590 2020 632 2052 ut
653 2026 716 2052 me
737 2011 916 2053 omnium
937 2011 1015 2050 iam
1035 2011 1215 2050 laborum
1235 2011 1343 2048 leuas
1361 2012 1367 2047 !

259 2121 323 2151 226
347 2119 482 2150 inuenio
499 2118 531 2149 Ρ
548 2118 593 2158 (v.
614 2119 648 2157 4}
820 2127 881 2156 227
906 2115 956 2146 vel
971 2125 1067 2154 mage
1182 2118 1262 2145 sunt
1277 2124 1308 2152 q.
1329 2112 1359 2144 h.
1378 2116 1456 2143 sunt
1474 2110 1493 2142 l.
1513 2111 1546 2141 A

215 2165 279 2195 228
302 2163 415 2195 uiuam
442 2172 623 2202 numquam
651 2161 682 2192 P
830 2162 974 2199 2292—32
999 2158 1082 2189 m'lzil
1107 2158 1245 2189 omnino
1275 2156 1340 2197 legi
1353 2158 1467 2197 potest,
1494 2165 1545 2186 vv.

215 2218 278 2248 233
286 2215 343 2247 -45
360 2207 452 2237 inilia
468 2208 601 2236 tantum
620 2204 653 2235 A
775 2214 838 2242 229
861 2203 1016 2243 quianam
1033 2202 1067 2233 Ρ
1195 2210 1257 2240 232
1281 2200 1392 2231 exime
1408 2197 1548 2239 Pylades

216 2262 279 2291 234
302 2251 388 2282 inter
408 2252 488 2290 231a
507 2253 537 2280 et
556 2259 619 2289 232
636 2248 666 2280 Ρ
817 2257 880 2287 237
906 2246 1032 2287 ρειΙΞὲεἰ
1049 2245 1083 2276 Ρ
1097 2243 1222 2286 (palam
1240 2249 1292 2275 est
1311 2243 1414 2284 PCD),
1428 2242 1462 2272 A
1474 2253 1505 2272 n.
1523 2241 1543 2271 Ι.

216 2296 251 2335 (i.
265 2305 290 2325 e.
323 2294 512 2334 Palaestra)
602 2291 728 2333 supplet
750 2289 852 2333 (ecce
884 2289 961 2332 me)
988 2289 1064 2329 Leo,
1095 2289 1187 2331 (ΑΜ.
1213 2285 1377 2329 opsecro)
1400 2285 1544 2326 Seyffert,

218 2342 254 2369 ut
270 2338 368 2370 cretic.
388 2341 514 2369 tetram.
527 2337 596 2376 fiat
612 2335 659 2376 (A
679 2346 710 2366 n.
732 2333 769 2371 l.)
860 2344 923 2373 244
947 2338 984 2364 ut
1002 2333 1118 2375 uiuere
1136 2332 1174 2369 P,
1189 2330 1221 2362 A
1239 2341 1272 2362 n.
1293 2330 1313 2361 l.
1329 2341 1336 2362 ε
1362 2329 1434 2362 trai.
1452 2328 1543 2367 Reiz,

219 2383 316 2415 metri
328 2392 428 2413 causa
529 2389 591 2419 245
617 2389 716 2419 quam
733 2378 765 2409 Ρ
881 2378 1010 2417 247-60
1027 2375 1232 2418 paucissima
1247 2377 1376 2406 servata
1392 2376 1546 2405 extremo-

221 2436 298 2458 rum
315 2435 469 2457 versuum
490 2425 634 2465 (248-52
651 2421 747 2463 m'ln‘l)
765 2420 799 2452 A

963 2523 986 2533 l
