1731 2713
146 235 186 271 55

142 550 188 584 60

142 1209 188 1243 70

140 1533 183 1570 75

140 1855 186 1889 80

722 110 1014 148 POENVLVS
1412 122 1527 148 PROL.

315 237 460 262 nomen
482 222 557 261 iam
578 221 741 261 habetis.
800 234 905 259 nunc
925 220 1093 259 rationes
1114 229 1261 259 ceteras

315 288 480 338 accipite
498 303 508 335 3
536 301 626 325 narn
647 294 921 337 argumentum
943 287 1019 324 hoc
1040 286 1103 324 hic
1123 286 1367 325 censebitur:

318 355 424 392 locus
444 360 711 403 argumentost
732 365 845 390 suom
867 351 940 390 sibi
962 351 1246 402 proscaenium,

314 432 385 456 uos
407 418 593 456 iuratores
615 417 717 456 estis.
777 430 937 466 quaeso,
961 430 1119 466 operam
1142 417 1242 454 date.

314 482 655 532 Carthaginienses
677 483 811 520 fratres
833 482 1026 531 patrueles
1048 482 1128 519 duo

314 551 419 588 fuere
439 562 595 587 summo
615 561 756 598 genere
778 555 815 586 et
837 546 1000 585 summis
1020 545 1150 593 ditiis;

313 627 448 652 eorum
468 615 563 652 alter
582 612 691 659 uiuit,
715 614 811 651 alter
831 620 889 651 est
910 619 1120 651 emortuos.

312 686 516 730 propterea
535 679 641 729 apud
662 691 734 716 uos
756 678 847 716 dico
869 676 1147 724 confidentius,

311 743 403 793 quia
424 743 475 782 mi
497 743 679 794 pollictor
699 743 796 781 dixit
817 742 885 792 qui
906 755 996 780 eum
1018 741 1260 792 pollinxerat.

313 810 382 847 sed
404 808 458 846 illi
478 808 561 847 seni
582 808 649 858 qui
671 815 873 854 mortrmst,
896 806 968 859 (ei)
986 806 1088 845 filius

314 873 444 911 unicu'
465 873 531 924 qui
552 875 676 911 fuerat
697 873 748 911 ab
770 872 918 911 diuitiis
939 886 962 910 a
982 880 1091 922 patre

313 952 408 989 puer
428 938 655 988 septuennis
677 937 893 987 surrupitur
914 936 1162 986 Carthagine,

312 1003 498 1042 sexennio
518 1002 614 1053 priu’
635 1002 797 1052 quidem
820 1015 939 1052 quam
961 1001 1123 1040 moritur
1143 1009 1262 1052 pater.

312 1068 499 1119 quoniam
520 1067 679 1119 periisse
700 1067 774 1106 sibi
794 1067 902 1106 uidet
921 1074 1082 1117 gnatum
1104 1066 1275 1114 unicum,

313 1133 504 1172 conicitur
524 1132 607 1183 ipse
628 1132 667 1170 in
688 1132 871 1170 morbum
892 1145 939 1170 ex
958 1131 1201 1182 aegritudine
1218 1147 1225 1170 :

313 1198 404 1237 facit
424 1198 533 1236 illum
553 1199 740 1236 heredem
761 1199 918 1236 fratrem
939 1198 1154 1247 patruelem
1176 1210 1301 1244 suom,

313 1264 395 1314 ipse
414 1263 495 1302 abit
515 1264 566 1302 ad
586 1264 879 1302 Accheruntem
902 1262 985 1301 sine
1005 1262 1160 1301 uiatico.

310 1329 363 1367 ill’
396 1328 462 1379 qui
483 1328 679 1379 surrupuit
700 1341 865 1378 puerum
888 1329 1134 1377 Calydonem
1155 1328 1299 1375 auehit,

312 1394 450 1433 uendit
471 1407 560 1432 eum
582 1393 747 1433 domino
768 1393 832 1431 hic
853 1393 967 1432 diuiti
988 1393 1177 1443 quoidam
1200 1395 1293 1441 seni,

312 1459 486 1510 cupienti
507 1459 729 1505 liberorum,
752 1458 856 1497 osori
878 1459 1099 1497 mulierum.

313 1525 407 1564 emit
427 1524 661 1574 hospitalem
683 1524 714 1562 is
735 1524 858 1561 filium
880 1523 1095 1574 inprudens
1117 1535 1235 1563 senex

311 1603 475 1640 puerum
498 1589 606 1627 illum
628 1602 799 1638 eumque
819 1590 984 1639 adoptat
1004 1589 1077 1627 sibi
1099 1602 1169 1639 pro
1190 1589 1270 1627 filio

311 1668 481 1704 eumque
503 1655 688 1692 heredem
710 1653 800 1692 fecit
821 1667 942 1703 quom
964 1653 1046 1703 ipse
1067 1653 1164 1692 obiit
1185 1653 1302 1692 diem.

311 1719 342 1758 is
363 1719 441 1758 illic
461 1720 693 1758 adulescens
715 1718 866 1757 habitat
886 1718 926 1756 in
947 1718 1068 1757 illisce
1088 1718 1263 1757 aedibus.

311 1793 486 1824 reuortor
506 1797 616 1822 rusus
637 1785 770 1823 denuo
792 1783 1069 1834 Carthaginem
1089 1800 1094 1822 :

311 1849 442 1900 siquid
461 1850 674 1887 amandare
695 1848 812 1887 uoltis
832 1857 900 1887 aut
920 1848 1098 1896 curarier,

309 1922 513 1965 argentum
534 1913 609 1952 nisi
629 1913 697 1964 qui
717 1913 880 1961 dederit,
905 1927 1027 1964 nugas
1048 1914 1166 1964 egerit
1182 1929 1192 1962 5

310 1994 446 2019 uerum
467 1979 534 2029 qui
555 1979 719 2027 dederit,
743 1979 856 2029 magi'
879 1979 1044 2018 maiores
1067 1978 1224 2032 [nugas]
1246 1979 1372 2030 egerit.

310 2047 380 2100 sed
400 2045 454 2083 illi
474 2052 613 2095 patruo
641 2043 644 2096 Ι
670 2044 800 2083 huiius
822 2044 889 2095 qui
910 2044 1008 2083 uiuit
1029 2058 1157 2092 senex,

246 2161 286 2190 57
311 2150 392 2181 sibis
410 2148 490 2182 cod..
504 2148 590 2179 unde
605 2158 685 2179 suos
701 2149 798 2180 sibist
816 2149 950 2183 thsclzl.
960 2150 1041 2190 sort.
1057 2153 1133 2180 recte
1219 2151 1260 2187 63
1285 2149 1449 2188 pollector
1461 2149 1526 2180 cod.

202 2196 244 2233 64
261 2194 310 2225 vel
324 2194 389 2224 illic
456 2191 531 2234 (ei)
543 2193 563 2222 fi
587 2192 758 2223 Addat-'us
845 2194 886 2231 65
900 2193 998 2223 suerit
1014 2193 1080 2223 cod.
1097 2196 1192 2232 (corr.
1205 2193 1292 2231 PCD)
1359 2193 1528 2222 abditiuus

206 2236 400 2269 Gulielmius
489 2245 525 2274 71
552 2236 657 2267 habiit
676 2237 709 2275 (i.
719 2247 741 2267 e.
758 2236 852 2270 abiit)
867 2236 925 2266 cod
1290 2247 1328 2275 74
1354 2236 1527 2266 mulierem

203 2281 263 2311 cod
427 2280 467 2319 78
490 2279 539 2309 vel
555 2280 581 2310 is
600 2279 647 2310 illi
798 2280 841 2309 80
865 2280 1024 2310 mandare
1042 2280 1238 2311 saracenus.
1256 2281 1307 2310 cui
1320 2283 1349 2310 el
1366 2279 1444 2319 quid
1461 2282 1525 2310 arn.

202 2329 231 2355 et
250 2325 358 2363 siquid
375 2323 541 2364 displicent
714 2324 756 2352 92
781 2333 896 2353 uerum
915 2323 973 2353 del.
993 2322 1120 2353 Scltoell
1219 2324 1270 2353 vel
1292 2333 1388 2362 mage
1493 2333 1524 2353 n.

202 2368 260 2400 del.
274 2367 413 2408 Pylades
587 2368 630 2407 83
653 2367 708 2397 vix
723 2366 823 2397 huius
846 2366 1002 2408 (masfla),
1017 2369 1132 2407 polius
1148 2367 1288 2397 huiusce
1305 2376 1311 2397 :
1324 2367 1406 2406 sort.
1427 2366 1528 2397 huius

201 2409 389 2455 (hominis)
404 2411 466 2452 (iii,
480 2421 511 2451 p.
524 2410 582 2451 51)

1551 237 1589 267 55

1552 545 1594 578 60

1550 1854 1593 1885 80
