1731 2713
772 84 1011 123 STICHVS
1492 86 1542 121 ll.
1566 84 1594 120 ii

188 244 190 246 ‚
229 196 284 232 Pi.
318 195 529 234 munditias
550 198 642 235 uolo
660 195 750 234 fieri.
793 198 936 235 ecferte
953 198 1030 235 huc
1047 209 1186 246 scopas
1200 196 1396 246 simulque
1413 197 1550 234 harun-

1402 261 1547 307 dinem,

226 333 267 363 ut
288 339 445 376 operam
468 340 627 366 omnem
648 340 879 366 araneorum
901 328 1064 378 perdam
1081 334 1119 366 et
1135 334 1325 365 texturam
1344 326 1549 377 inprobem

225 389 471 441 deiciamque
488 406 624 430 eorum
641 392 769 431 omnis
783 394 890 431 telas.
921 391 1035 444 (GE.)
1050 391 1180 430 miseri
1196 392 1382 442 algebunt
1399 398 1546 442 postea.
1572 405 1610 436 ²5

137 468 207 505 350
226 456 283 493 ΡΙ.
316 455 441 505 quid?
487 456 573 496 illos
603 457 793 497 itidemne
822 472 907 496 esse
936 471 1074 496 censes
1103 457 1214 508 quasi
1248 464 1286 495 te
1316 470 1404 495 cum
1440 463 1549 495 ueste

1405 521 1549 560 unica?

223 598 319 636 cape
349 585 432 625 illas
462 600 610 638 scopas.
673 591 748 627 GE.
780 588 944 639 capiam.
1007 590 1066 626 ΡΙ.
1098 589 1173 627 hoc
1204 594 1370 638 egomet,
1402 594 1443 625 tu
1473 587 1549 625 hoc

944 666 1145 692 conuorre.
1207 654 1280 691 GE.
1313 666 1386 703 ego
1407 653 1545 691 fecero.

222 718 279 754 P1.
312 717 447 767 ecquis
482 719 559 756 huc
593 720 713 758 ecfert
752 719 1010 758 nassiternam
1046 721 1134 757 cum
1170 719 1301 768 aqua?
1358 720 1432 756 GE.
1465 717 1548 755 sine

1365 781 1547 833 suffragio

220 847 356 897 populi
377 856 509 887 tamen
529 848 769 888 aedilitatem
790 849 1019 900 hicquidem
1040 849 1146 899 gerit.
1198 851 1255 887 ΡΙ.
1287 861 1358 899 age
1378 855 1419 887 tu
1436 847 1546 886 ocius

219 912 336 964 pinge
375 915 555 963 humum,
594 928 810 965 consperge
848 923 939 954 ante
977 914 1095 953 aedis.
1158 916 1231 953 GE.
1274 913 1424 952 faciam.
1485 915 1543 950 P1.
1567 927 1609 958 30

1193 981 1339 1019 factum
1361 978 1544 1029 oportuit.

136 1060 200 1097 355
222 1057 294 1094 ego
315 1043 407 1083 hinc
427 1058 590 1084 araneas
611 1046 662 1084 de
683 1045 832 1085 foribus
852 1045 1021 1085 deiciam
1043 1053 1081 1084 et
1102 1046 1151 1084 de
1172 1045 1328 1096 pariete.

221 1111 294 1148 GE.
328 1110 470 1160 edepol
491 1124 572 1149 rem
595 1111 860 1161 negotiossam
879 1114 884 1148 !
926 1112 1026 1148 PAN.
1050 1109 1146 1160 quid
1167 1109 1215 1148 sit
1236 1109 1290 1148 nil
1311 1109 1429 1148 etiam
1451 1108 1543 1156 scio,

218 1173 292 1212 nisi
312 1175 411 1213 forte
431 1175 606 1226 hospites
627 1176 782 1215 uenturi
801 1174 868 1228 (si)
888 1183 988 1214 sunt.
1049 1178 1108 1214 P1.
1140 1177 1262 1214 lectos
1283 1175 1452 1214 sternite.

218 1242 292 1279 GE.
325 1240 560 1291 principium
582 1243 710 1292 placet
731 1243 782 1281 de
802 1241 923 1281 lectis.
984 1244 1042 1280 ΡΙ.
1074 1241 1140 1280 alii
1160 1241 1264 1292 ligna
1284 1241 1446 1288 caedite,

216 1305 281 1343 alii
301 1305 418 1355 piscis
438 1307 652 1357 depurgate
673 1321 773 1358 quos
793 1307 964 1358 piscator
984 1308 1123 1355 attulit,
1565 1319 1604 1352 35

130 1378 198 1422 360
216 1385 378 1422 pernam
399 1380 437 1411 et
456 1373 659 1423 glandium
680 1373 833 1412 deicite.
895 1376 968 1412 GE.
1001 1374 1065 1412 hic
1086 1375 1215 1413 hercle
1236 1375 1358 1413 homo
1379 1372 1544 1412 nimium

1431 1438 1541 1489 sapit.

217 1503 317 1540 PAN.
349 1515 430 1541 non
450 1511 612 1551 ecastor,
635 1511 678 1542 ut
698 1517 772 1554 ego
793 1503 943 1555 opinor,
967 1504 1059 1543 satis
1080 1518 1168 1544 erae
1188 1518 1338 1544 morem
1359 1503 1470 1555 geris.

216 1568 275 1605 P1.
306 1567 429 1607 immo
449 1582 508 1608 res
529 1569 659 1608 omnis
679 1570 833 1609 relictas
853 1570 983 1609 habeo
1003 1583 1095 1621 prae
1115 1571 1224 1621 quod
1245 1578 1287 1609 tu
1307 1569 1415 1608 uelis.

216 1633 315 1670 PAN.
349 1641 433 1672 tum
463 1642 504 1673 tu
534 1634 659 1685 igitur,
691 1649 770 1686 qua
803 1649 942 1675 caussa
975 1635 1116 1674 missus
1151 1649 1192 1674 es
1221 1636 1272 1674 ad
1301 1642 1470 1686 portum,
1502 1635 1542 1674 id

1232 1745 1239 1748 ,
1389 1700 1538 1752 expedi

216 1764 273 1801 ΡΙ.
306 1763 446 1803 dicam.
481 1773 691 1816 postquam
711 1780 777 1807 me
793 1767 931 1806 misisti
947 1769 998 1806 ad
1019 1774 1176 1818 portum
1198 1780 1288 1806 cum
1309 1765 1386 1805 luci
1403 1768 1539 1813 semul,
1563 1781 1608 1813 40

126 1832 192 1877 365
214 1830 471 1868 commodum
493 1830 691 1870 radiossus
711 1845 796 1871 sese
817 1834 875 1871 sol
896 1833 1107 1883 superabat
1128 1846 1174 1871 ex
1195 1831 1302 1870 mari.

256 1934 321 1973 348
343 1944 482 1974 operam
499 1937 649 1978 omnem]
669 1947 792 1977 operas
807 1937 896 1969 codd.
913 1938 1018 1969 Nonii
1037 1949 1108 1978 192,
1118 1938 1200 1977 sort.
1222 1942 1297 1969 recte
1386 1937 1539 1979 perdam]

214 1981 339 2017 tergam
362 1978 449 2009 codd.
467 1978 573 2010 Nonii
681 1991 744 2020 349
767 1991 882 2012 earum
901 1981 934 2012 P
1019 1983 1149 2013 omneis
1166 1982 1200 2011 A
1294 1981 1417 2012 misera
1438 1981 1540 2020 salge·

212 2019 294 2051 bunt
321 2020 355 2051 P
375 2023 447 2064 (pro
474 2024 616 2054 miserae
646 2024 743 2065 alg.)‚
765 2025 851 2056 unde
878 2025 998 2057 misere
1026 2036 1053 2057 a.
1079 2025 1219 2065 quidam
1249 2025 1304 2064 (-ri
1335 2024 1390 2055 vix
1412 2035 1463 2056 -re
1487 2025 1541 2065 A)

211 2073 277 2103 350
300 2065 374 2096 illas
389 2064 423 2095 P
502 2066 618 2097 itidem
636 2078 711 2098 esse
728 2077 847 2099 censes
863 2069 915 2100 P:
939 2069 1101 2108 eademne
1121 2079 1242 2100 censes
1259 2079 1337 2100 esse
1353 2068 1386 2099 A
1476 2077 1539 2108 351

211 2108 358 2147 capellas
375 2108 408 2138 A
512 2120 575 2149 ego
592 2121 658 2142 om.
683 2111 716 2142 P
857 2122 920 2152 354
944 2112 993 2144 vel
1014 2114 1058 2144 sic
1080 2112 1244 2153 distingue
1266 2113 1379 2153 pinge,
1403 2112 1539 2143 humum

211 2161 325 2192 consp.
418 2153 509 2192 finge
526 2153 662 2195 Bugge:
685 2165 729 2185 an
746 2155 863 2195 pinse?
1002 2167 1065 2197 355
1088 2167 1231 2188 araneas
1248 2167 1293 2188 cm
1310 2167 1363 2187 -os
1380 2156 1484 2187 incert.
1505 2155 1539 2186 A

210 2204 272 2235 357
297 2196 325 2226 si
343 2195 418 2227 add.
432 2196 535 2228 Bothe
607 2197 711 2240 (uos)
729 2198 749 2229 l.
771 2199 872 2230 lVeise
948 2201 1004 2231 vix
1018 2201 1194 2232 instet-nite
1215 2200 1258 2239 (v.
1278 2211 1308 2240 9,
1327 2201 1362 2238 8)
1473 2209 1539 2240 359

210 2249 296 2288 quos
319 2238 424 2280 (PCD)
446 2240 495 2270 vel
507 2241 598 2280 quod
616 2241 678 2282 (B)
701 2242 805 2282 P(A.
827 2254 859 2275 n.
879 2243 918 2284 l.)
1009 2244 1140 2283 piscatu
1160 2244 1223 2284 (-o)
1250 2243 1361 2275 rettuli
1380 2243 1537 2284 Lipsius:

209 2286 358 2321 piscator
371 2283 466 2314 attuli
484 2283 619 2324 Seyffiwt
705 2286 766 2324 361
793 2291 829 2317 ut
845 2297 910 2318 om.
930 2287 963 2318 A
1032 2287 1083 2318 vel
1097 2287 1200 2326 opino
1289 2288 1352 2326 363
1376 2287 1409 2318 id
1425 2297 1490 2318 om.
1506 2286 1540 2318 P

209 2327 272 2365 364
296 2326 397 2365 semel
413 2326 446 2356 A
580 2329 644 2367 365
667 2338 762 2360 sesse
778 2330 811 2360 A
827 2341 834 2362 :
860 2341 936 2362 esse
952 2330 986 2361 P
999 2330 1077 2372 (pro
1094 2341 1201 2371 sesse‚
1221 2331 1359 2371 antiqua
1366 2330 1485 2370 forma
1496 2330 1523 2370 2)
