<?xml version="1.0" encoding="UTF-8"?>
<!DOCTYPE html PUBLIC "-//W3C//DTD XHTML 1.0 Transitional//EN"
    "http://www.w3.org/TR/xhtml1/DTD/xhtml1-transitional.dtd">
<html xmlns="http://www.w3.org/1999/xhtml" xml:lang="en" lang="en">
 <head>
  <title>
</title>
<meta http-equiv="Content-Type" content="text/html;charset=utf-8" />
  <meta name='ocr-system' content='tesseract 3.04.00' />
  <meta name='ocr-capabilities' content='ocr_page ocr_carea ocr_par ocr_line ocrx_word'/>
</head>
<body>
  <div class='ocr_page' id='page_1' title='image "./tmacciplauticomo02plauuoft_0399.png"; bbox 0 0 1731 2713; ppageno 0'>
   <div class='ocr_carea' id='block_1_1' title="bbox 746 91 1615 129">
    <p class='ocr_par' dir='ltr' id='par_1_1' title="bbox 746 91 1615 129">
     <span class='ocr_line' id='line_1_1' title="bbox 746 91 1615 129; baseline -0.002 0"><span class='ocrx_word' id='word_1_1' title='bbox 746 92 971 129; x_wconf 81' lang='lat' dir='ltr'>RVDENS</span> <span class='ocrx_word' id='word_1_2' title='bbox 1446 92 1514 128; x_wconf 83' lang='lat' dir='ltr'><strong>IV.</strong></span> <span class='ocrx_word' id='word_1_3' title='bbox 1538 91 1615 128; x_wconf 92' lang='lat' dir='ltr'><strong>viii</strong></span> 
     </span>
    </p>
   </div>
   <div class='ocr_carea' id='block_1_2' title="bbox 85 201 1583 1739">
    <p class='ocr_par' dir='ltr' id='par_1_2' title="bbox 187 201 1519 315">
     <span class='ocr_line' id='line_1_2' title="bbox 187 201 1519 257; baseline -0.002 -16"><span class='ocrx_word' id='word_1_4' title='bbox 187 204 258 257; x_wconf 74' lang='lat' dir='ltr'><strong>PL.</strong></span> <span class='ocrx_word' id='word_1_5' title='bbox 291 210 328 241; x_wconf 80' lang='lat' dir='ltr'><strong>ct</strong></span> <span class='ocrx_word' id='word_1_6' title='bbox 350 202 546 253; x_wconf 87' lang='lat' dir='ltr'><strong>popularis</strong></span> <span class='ocrx_word' id='word_1_7' title='bbox 571 203 658 241; x_wconf 86' lang='lat' dir='ltr'><strong>est?</strong></span> <span class='ocrx_word' id='word_1_8' title='bbox 696 203 772 240; x_wconf 81' lang='lat' dir='ltr'><strong>TR.</strong></span> <span class='ocrx_word' id='word_1_9' title='bbox 805 201 936 252; x_wconf 90' lang='lat' dir='ltr'><strong>opino.</strong></span> <span class='ocrx_word' id='word_1_10' title='bbox 981 203 1047 239; x_wconf 86' lang='lat' dir='ltr'><strong>PL.</strong></span> <span class='ocrx_word' id='word_1_11' title='bbox 1080 208 1118 239; x_wconf 86' lang='lat' dir='ltr'><strong>ct</strong></span> <span class='ocrx_word' id='word_1_12' title='bbox 1152 208 1321 251; x_wconf 82' lang='lat' dir='ltr'>nuptura</span> <span class='ocrx_word' id='word_1_13' title='bbox 1348 208 1405 239; x_wconf 84' lang='lat' dir='ltr'><strong>est</strong></span> <span class='ocrx_word' id='word_1_14' title='bbox 1437 201 1519 239; x_wconf 86' lang='lat' dir='ltr'><strong>mi?</strong></span> 
     </span>
     <span class='ocr_line' id='line_1_3' title="bbox 1220 266 1515 315; baseline 0 -12"><span class='ocrx_word' id='word_1_15' title='bbox 1220 268 1297 304; x_wconf 62' lang='grc' dir='ltr'><strong>ΤΚ.</strong></span> <span class='ocrx_word' id='word_1_16' title='bbox 1329 266 1515 315; x_wconf 83' lang='lat' dir='ltr'><strong>suspicor.</strong></span> 
     </span>
    </p>

    <p class='ocr_par' dir='ltr' id='par_1_3' title="bbox 85 330 1558 890">
     <span class='ocr_line' id='line_1_4' title="bbox 194 330 1558 382; baseline 0 -14"><span class='ocrx_word' id='word_1_17' title='bbox 194 333 259 369; x_wconf 66' lang='lat'><strong>1³1„</strong></span> <span class='ocrx_word' id='word_1_18' title='bbox 297 345 441 370; x_wconf 80' lang='lat' dir='ltr'><strong>censen</strong></span> <span class='ocrx_word' id='word_1_19' title='bbox 481 331 600 370; x_wconf 87' lang='lat' dir='ltr'><strong>hodie</strong></span> <span class='ocrx_word' id='word_1_20' title='bbox 638 331 904 382; x_wconf 79' lang='lat' dir='ltr'><strong>despondebit</strong></span> <span class='ocrx_word' id='word_1_21' title='bbox 953 344 1038 370; x_wconf 89' lang='lat' dir='ltr'><strong>eam</strong></span> <span class='ocrx_word' id='word_1_22' title='bbox 1079 330 1147 378; x_wconf 72' lang='lat' dir='ltr'><strong>nii,</strong></span> <span class='ocrx_word' id='word_1_23' title='bbox 1185 333 1363 380; x_wconf 78' lang='lat' dir='ltr'><strong>quaeso?</strong></span> <span class='ocrx_word' id='word_1_24' title='bbox 1441 333 1517 368; x_wconf 59' lang='grc' dir='ltr'><strong>ΤΗ.</strong></span> <span class='ocrx_word' id='word_1_25' title='bbox 1542 346 1558 375; x_wconf 79' lang='lat'>5</span> 
     </span>
     <span class='ocr_line' id='line_1_5' title="bbox 1362 409 1516 434; baseline -0.006 0"><span class='ocrx_word' id='word_1_26' title='bbox 1362 409 1516 434; x_wconf 84' lang='lat' dir='ltr'><strong>censeo.</strong></span> 
     </span>
     <span class='ocr_line' id='line_1_6' title="bbox 85 460 1517 512; baseline -0.001 -13"><span class='ocrx_word' id='word_1_27' title='bbox 85 473 174 507; x_wconf 84' lang='lat'>1270</span> <span class='ocrx_word' id='word_1_28' title='bbox 194 464 258 498; x_wconf 83' lang='lat' dir='ltr'><strong>PL.</strong></span> <span class='ocrx_word' id='word_1_29' title='bbox 292 461 416 511; x_wconf 82' lang='lat' dir='ltr'><strong>quid?</strong></span> <span class='ocrx_word' id='word_1_30' title='bbox 445 461 543 512; x_wconf 84' lang='lat' dir='ltr'><strong>patri</strong></span> <span class='ocrx_word' id='word_1_31' title='bbox 565 462 682 500; x_wconf 82' lang='lat' dir='ltr'><strong>etiam</strong></span> <span class='ocrx_word' id='word_1_32' title='bbox 703 462 927 512; x_wconf 85' lang='lat' dir='ltr'><strong>gratulabor</strong></span> <span class='ocrx_word' id='word_1_33' title='bbox 944 474 1064 511; x_wconf 85' lang='lat' dir='ltr'><strong>quom</strong></span> <span class='ocrx_word' id='word_1_34' title='bbox 1087 460 1191 499; x_wconf 84' lang='lat' dir='ltr'><strong>illam</strong></span> <span class='ocrx_word' id='word_1_35' title='bbox 1215 460 1394 499; x_wconf 87' lang='lat' dir='ltr'><strong>inuenit?</strong></span> <span class='ocrx_word' id='word_1_36' title='bbox 1441 463 1517 499; x_wconf 84' lang='lat' dir='ltr'><strong>TR.</strong></span> 
     </span>
     <span class='ocr_line' id='line_1_7' title="bbox 1362 539 1517 564; baseline 0 0"><span class='ocrx_word' id='word_1_37' title='bbox 1362 539 1517 564; x_wconf 89' lang='lat' dir='ltr'><strong>censeo.</strong></span> 
     </span>
     <span class='ocr_line' id='line_1_8' title="bbox 194 591 1521 642; baseline -0.001 -13"><span class='ocrx_word' id='word_1_38' title='bbox 194 593 258 629; x_wconf 81' lang='lat' dir='ltr'><strong>PL.</strong></span> <span class='ocrx_word' id='word_1_39' title='bbox 292 591 387 642; x_wconf 86' lang='lat' dir='ltr'><strong>quid</strong></span> <span class='ocrx_word' id='word_1_40' title='bbox 411 591 522 630; x_wconf 89' lang='lat' dir='ltr'><strong>matri</strong></span> <span class='ocrx_word' id='word_1_41' title='bbox 543 592 670 630; x_wconf 79' lang='lat' dir='ltr'><strong>eiius?</strong></span> <span class='ocrx_word' id='word_1_42' title='bbox 708 594 785 630; x_wconf 83' lang='lat' dir='ltr'><strong>TR.</strong></span> <span class='ocrx_word' id='word_1_43' title='bbox 817 606 972 631; x_wconf 90' lang='lat' dir='ltr'><strong>censeo.</strong></span> <span class='ocrx_word' id='word_1_44' title='bbox 1025 594 1090 630; x_wconf 88' lang='lat' dir='ltr'><strong>PL.</strong></span> <span class='ocrx_word' id='word_1_45' title='bbox 1125 591 1219 641; x_wconf 88' lang='lat' dir='ltr'><strong>quid</strong></span> <span class='ocrx_word' id='word_1_46' title='bbox 1243 605 1333 641; x_wconf 80' lang='lat' dir='ltr'><strong>ergo</strong></span> <span class='ocrx_word' id='word_1_47' title='bbox 1354 592 1521 629; x_wconf 87' lang='lat' dir='ltr'><strong>censes?</strong></span> 
     </span>
     <span class='ocr_line' id='line_1_9' title="bbox 1170 657 1520 706; baseline 0 -12"><span class='ocrx_word' id='word_1_48' title='bbox 1170 658 1245 694; x_wconf 69' lang='lat' dir='ltr'><strong>TR.</strong></span> <span class='ocrx_word' id='word_1_49' title='bbox 1279 657 1387 706; x_wconf 85' lang='lat' dir='ltr'><strong>quod</strong></span> <span class='ocrx_word' id='word_1_50' title='bbox 1408 669 1520 706; x_wconf 86' lang='lat' dir='ltr'><strong>rogas</strong></span> 
     </span>
     <span class='ocr_line' id='line_1_10' title="bbox 191 721 1517 773; baseline -0.001 -13"><span class='ocrx_word' id='word_1_51' title='bbox 191 735 345 760; x_wconf 83' lang='lat' dir='ltr'><strong>censeo.</strong></span> <span class='ocrx_word' id='word_1_52' title='bbox 397 724 464 760; x_wconf 86' lang='lat' dir='ltr'><strong>PL.</strong></span> <span class='ocrx_word' id='word_1_53' title='bbox 497 722 561 761; x_wconf 91' lang='lat' dir='ltr'><strong>dic</strong></span> <span class='ocrx_word' id='word_1_54' title='bbox 582 736 674 773; x_wconf 83' lang='lat' dir='ltr'><strong>ergo</strong></span> <span class='ocrx_word' id='word_1_55' title='bbox 695 721 832 772; x_wconf 84' lang='lat' dir='ltr'><strong>quanti</strong></span> <span class='ocrx_word' id='word_1_56' title='bbox 852 723 1019 760; x_wconf 83' lang='lat' dir='ltr'><strong>censes?</strong></span> <span class='ocrx_word' id='word_1_57' title='bbox 1071 723 1149 759; x_wconf 85' lang='lat' dir='ltr'><strong>TR.</strong></span> <span class='ocrx_word' id='word_1_58' title='bbox 1181 723 1334 771; x_wconf 82' lang='lat' dir='ltr'><strong>egone?</strong></span> <span class='ocrx_word' id='word_1_59' title='bbox 1363 734 1517 759; x_wconf 88' lang='lat' dir='ltr'><strong>censeo.</strong></span> 
     </span>
     <span class='ocr_line' id='line_1_11' title="bbox 193 785 1519 838; baseline -0.001 -13"><span class='ocrx_word' id='word_1_60' title='bbox 193 789 259 825; x_wconf 87' lang='lat' dir='ltr'><strong>PL.</strong></span> <span class='ocrx_word' id='word_1_61' title='bbox 291 789 433 826; x_wconf 81' lang='lat' dir='ltr'><strong>adsum</strong></span> <span class='ocrx_word' id='word_1_62' title='bbox 470 787 668 838; x_wconf 84' lang='lat' dir='ltr'><strong>equidem,</strong></span> <span class='ocrx_word' id='word_1_63' title='bbox 705 802 754 826; x_wconf 90' lang='lat' dir='ltr'><strong>ne</strong></span> <span class='ocrx_word' id='word_1_64' title='bbox 788 787 1017 826; x_wconf 86' lang='lat' dir='ltr'><strong>censionem</strong></span> <span class='ocrx_word' id='word_1_65' title='bbox 1052 800 1206 836; x_wconf 85' lang='lat' dir='ltr'><strong>semper</strong></span> <span class='ocrx_word' id='word_1_66' title='bbox 1240 785 1369 824; x_wconf 84' lang='lat' dir='ltr'><strong>facias.</strong></span> <span class='ocrx_word' id='word_1_67' title='bbox 1442 788 1519 824; x_wconf 87' lang='lat' dir='ltr'><strong>TR.</strong></span> 
     </span>
     <span class='ocr_line' id='line_1_12' title="bbox 1364 865 1518 890; baseline 0.006 -1"><span class='ocrx_word' id='word_1_68' title='bbox 1364 865 1518 890; x_wconf 88' lang='lat' dir='ltr'><strong>censeo.</strong></span> 
     </span>
    </p>

    <p class='ocr_par' dir='ltr' id='par_1_4' title="bbox 85 916 1581 1544">
     <span class='ocr_line' id='line_1_13' title="bbox 194 916 1581 968; baseline -0.001 -13"><span class='ocrx_word' id='word_1_69' title='bbox 194 920 259 956; x_wconf 82' lang='lat' dir='ltr'><strong>PL.</strong></span> <span class='ocrx_word' id='word_1_70' title='bbox 293 918 389 968; x_wconf 87' lang='lat' dir='ltr'><strong>quid</strong></span> <span class='ocrx_word' id='word_1_71' title='bbox 428 917 460 956; x_wconf 87' lang='lat' dir='ltr'><strong>si</strong></span> <span class='ocrx_word' id='word_1_72' title='bbox 498 920 681 956; x_wconf 86' lang='lat' dir='ltr'><strong>curram?</strong></span> <span class='ocrx_word' id='word_1_73' title='bbox 747 919 822 955; x_wconf 88' lang='lat' dir='ltr'><strong>TR.</strong></span> <span class='ocrx_word' id='word_1_74' title='bbox 869 930 1023 955; x_wconf 90' lang='lat' dir='ltr'><strong>censeo.</strong></span> <span class='ocrx_word' id='word_1_75' title='bbox 1096 918 1162 954; x_wconf 84' lang='lat' dir='ltr'><strong>PL.</strong></span> <span class='ocrx_word' id='word_1_76' title='bbox 1208 930 1258 954; x_wconf 88' lang='lat' dir='ltr'><strong>an</strong></span> <span class='ocrx_word' id='word_1_77' title='bbox 1297 916 1352 954; x_wconf 89' lang='lat' dir='ltr'><strong>sic</strong></span> <span class='ocrx_word' id='word_1_78' title='bbox 1390 916 1520 967; x_wconf 87' lang='lat' dir='ltr'><strong>potius</strong></span> <span class='ocrx_word' id='word_1_79' title='bbox 1543 932 1581 954; x_wconf 92' lang='lat'><strong>10</strong></span> 
     </span>
     <span class='ocr_line' id='line_1_14' title="bbox 1012 983 1517 1033; baseline 0.002 -12"><span class='ocrx_word' id='word_1_80' title='bbox 1012 983 1199 1033; x_wconf 82' lang='lat' dir='ltr'><strong>placide?</strong></span> <span class='ocrx_word' id='word_1_81' title='bbox 1255 985 1330 1020; x_wconf 80' lang='lat' dir='ltr'><strong>TR.</strong></span> <span class='ocrx_word' id='word_1_82' title='bbox 1363 996 1517 1022; x_wconf 87' lang='lat' dir='ltr'><strong>censeo.</strong></span> 
     </span>
     <span class='ocr_line' id='line_1_15' title="bbox 85 1048 1518 1100; baseline -0.003 -11"><span class='ocrx_word' id='word_1_83' title='bbox 85 1064 172 1100; x_wconf 83' lang='lat'>1275</span> <span class='ocrx_word' id='word_1_84' title='bbox 194 1054 260 1089; x_wconf 85' lang='lat' dir='ltr'><strong>PL.</strong></span> <span class='ocrx_word' id='word_1_85' title='bbox 294 1050 465 1089; x_wconf 82' lang='lat' dir='ltr'><strong>etiamne</strong></span> <span class='ocrx_word' id='word_1_86' title='bbox 499 1064 586 1089; x_wconf 90' lang='lat' dir='ltr'><strong>eam</strong></span> <span class='ocrx_word' id='word_1_87' title='bbox 622 1049 840 1089; x_wconf 80' lang='lat' dir='ltr'><strong>adueniens</strong></span> <span class='ocrx_word' id='word_1_88' title='bbox 875 1050 1071 1087; x_wconf 85' lang='lat' dir='ltr'><strong>salutem?</strong></span> <span class='ocrx_word' id='word_1_89' title='bbox 1127 1049 1203 1086; x_wconf 83' lang='lat' dir='ltr'><strong>TR.</strong></span> <span class='ocrx_word' id='word_1_90' title='bbox 1237 1048 1390 1086; x_wconf 78' lang='lat' dir='ltr'><strong>censeo.</strong></span> <span class='ocrx_word' id='word_1_91' title='bbox 1452 1050 1518 1086; x_wconf 82' lang='lat' dir='ltr'><strong>PL.</strong></span> 
     </span>
     <span class='ocr_line' id='line_1_16' title="bbox 1203 1112 1522 1163; baseline 0.003 -12"><span class='ocrx_word' id='word_1_92' title='bbox 1203 1112 1320 1151; x_wconf 87' lang='lat' dir='ltr'><strong>etiam</strong></span> <span class='ocrx_word' id='word_1_93' title='bbox 1342 1115 1522 1163; x_wconf 85' lang='lat' dir='ltr'><strong>patrem?</strong></span> 
     </span>
     <span class='ocr_line' id='line_1_17' title="bbox 191 1179 1520 1232; baseline -0.003 -12"><span class='ocrx_word' id='word_1_94' title='bbox 191 1184 267 1220; x_wconf 86' lang='lat' dir='ltr'><strong>TR.</strong></span> <span class='ocrx_word' id='word_1_95' title='bbox 299 1194 454 1220; x_wconf 90' lang='lat' dir='ltr'><strong>censeo.</strong></span> <span class='ocrx_word' id='word_1_96' title='bbox 514 1183 582 1220; x_wconf 88' lang='lat' dir='ltr'><strong>PL.</strong></span> <span class='ocrx_word' id='word_1_97' title='bbox 614 1187 703 1232; x_wconf 93' lang='lat' dir='ltr'><strong>post</strong></span> <span class='ocrx_word' id='word_1_98' title='bbox 742 1179 839 1219; x_wconf 88' lang='lat' dir='ltr'><strong>eiius</strong></span> <span class='ocrx_word' id='word_1_99' title='bbox 878 1180 1072 1218; x_wconf 88' lang='lat' dir='ltr'><strong>matrem?</strong></span> <span class='ocrx_word' id='word_1_100' title='bbox 1128 1180 1203 1216; x_wconf 86' lang='lat' dir='ltr'><strong>TR.</strong></span> <span class='ocrx_word' id='word_1_101' title='bbox 1237 1191 1391 1217; x_wconf 89' lang='lat' dir='ltr'><strong>censeo.</strong></span> <span class='ocrx_word' id='word_1_102' title='bbox 1452 1180 1520 1217; x_wconf 85' lang='lat' dir='ltr'><strong>PL.</strong></span> 
     </span>
     <span class='ocr_line' id='line_1_18' title="bbox 1239 1243 1524 1294; baseline 0.004 -13"><span class='ocrx_word' id='word_1_103' title='bbox 1239 1243 1335 1294; x_wconf 89' lang='lat' dir='ltr'><strong>quid</strong></span> <span class='ocrx_word' id='word_1_104' title='bbox 1356 1245 1524 1293; x_wconf 86' lang='lat' dir='ltr'><strong>postea?</strong></span> 
     </span>
     <span class='ocr_line' id='line_1_19' title="bbox 193 1309 1524 1362; baseline -0.005 -10"><span class='ocrx_word' id='word_1_105' title='bbox 193 1312 364 1352; x_wconf 78' lang='lat' dir='ltr'><strong>etiamne</strong></span> <span class='ocrx_word' id='word_1_106' title='bbox 407 1311 624 1351; x_wconf 86' lang='lat' dir='ltr'><strong>adueniens</strong></span> <span class='ocrx_word' id='word_1_107' title='bbox 669 1312 910 1362; x_wconf 86' lang='lat' dir='ltr'><strong>complectar</strong></span> <span class='ocrx_word' id='word_1_108' title='bbox 954 1309 1037 1349; x_wconf 89' lang='lat' dir='ltr'><strong>eius</strong></span> <span class='ocrx_word' id='word_1_109' title='bbox 1076 1310 1256 1360; x_wconf 83' lang='lat' dir='ltr'><strong>patrem?</strong></span> <span class='ocrx_word' id='word_1_110' title='bbox 1325 1310 1402 1346; x_wconf 88' lang='lat' dir='ltr'><strong>TR.</strong></span> <span class='ocrx_word' id='word_1_111' title='bbox 1442 1321 1524 1347; x_wconf 90' lang='lat' dir='ltr'><strong>non</strong></span> 
     </span>
     <span class='ocr_line' id='line_1_20' title="bbox 1365 1387 1520 1412; baseline 0 0"><span class='ocrx_word' id='word_1_112' title='bbox 1365 1387 1520 1412; x_wconf 90' lang='lat' dir='ltr'><strong>censeo.</strong></span> 
     </span>
     <span class='ocr_line' id='line_1_21' title="bbox 192 1439 1522 1494; baseline -0.005 -12"><span class='ocrx_word' id='word_1_113' title='bbox 192 1446 259 1482; x_wconf 85' lang='lat' dir='ltr'><strong>PL.</strong></span> <span class='ocrx_word' id='word_1_114' title='bbox 292 1443 389 1494; x_wconf 89' lang='lat' dir='ltr'><strong>quid</strong></span> <span class='ocrx_word' id='word_1_115' title='bbox 428 1443 624 1481; x_wconf 89' lang='lat' dir='ltr'><strong>matrem?</strong></span> <span class='ocrx_word' id='word_1_116' title='bbox 679 1444 756 1480; x_wconf 85' lang='lat' dir='ltr'><strong>TR.</strong></span> <span class='ocrx_word' id='word_1_117' title='bbox 788 1455 869 1480; x_wconf 89' lang='lat' dir='ltr'><strong>non</strong></span> <span class='ocrx_word' id='word_1_118' title='bbox 908 1454 1064 1479; x_wconf 88' lang='lat' dir='ltr'><strong>censeo.</strong></span> <span class='ocrx_word' id='word_1_119' title='bbox 1124 1442 1191 1478; x_wconf 90' lang='lat' dir='ltr'><strong>PL.</strong></span> <span class='ocrx_word' id='word_1_120' title='bbox 1229 1439 1324 1489; x_wconf 87' lang='lat' dir='ltr'><strong>quid</strong></span> <span class='ocrx_word' id='word_1_121' title='bbox 1363 1452 1522 1489; x_wconf 82' lang='lat' dir='ltr'><strong>eampse</strong></span> 
     </span>
     <span class='ocr_line' id='line_1_22' title="bbox 963 1505 1520 1544; baseline -0.002 -1"><span class='ocrx_word' id='word_1_122' title='bbox 963 1505 1099 1544; x_wconf 86' lang='lat' dir='ltr'><strong>illam?</strong></span> <span class='ocrx_word' id='word_1_123' title='bbox 1155 1507 1231 1543; x_wconf 86' lang='lat' dir='ltr'><strong>TR.</strong></span> <span class='ocrx_word' id='word_1_124' title='bbox 1263 1518 1344 1543; x_wconf 91' lang='lat' dir='ltr'><strong>non</strong></span> <span class='ocrx_word' id='word_1_125' title='bbox 1365 1517 1520 1543; x_wconf 86' lang='lat' dir='ltr'><strong>censeo.</strong></span> 
     </span>
    </p>

    <p class='ocr_par' dir='ltr' id='par_1_5' title="bbox 87 1570 1583 1739">
     <span class='ocr_line' id='line_1_23' title="bbox 194 1570 1583 1624; baseline -0.004 -13"><span class='ocrx_word' id='word_1_126' title='bbox 194 1576 260 1612; x_wconf 83' lang='lat' dir='ltr'><strong>PL.</strong></span> <span class='ocrx_word' id='word_1_127' title='bbox 293 1573 386 1624; x_wconf 89' lang='lat' dir='ltr'><strong>perii</strong></span> <span class='ocrx_word' id='word_1_128' title='bbox 410 1576 416 1612; x_wconf 77' lang='lat'><strong>1</strong></span> <span class='ocrx_word' id='word_1_129' title='bbox 445 1573 635 1613; x_wconf 89' lang='lat' dir='ltr'><strong>dilectum</strong></span> <span class='ocrx_word' id='word_1_130' title='bbox 656 1572 814 1612; x_wconf 87' lang='lat' dir='ltr'><strong>dimisit.</strong></span> <span class='ocrx_word' id='word_1_131' title='bbox 874 1585 981 1610; x_wconf 91' lang='lat' dir='ltr'><strong>nunc</strong></span> <span class='ocrx_word' id='word_1_132' title='bbox 1002 1585 1084 1610; x_wconf 91' lang='lat' dir='ltr'><strong>non</strong></span> <span class='ocrx_word' id='word_1_133' title='bbox 1105 1578 1240 1609; x_wconf 89' lang='lat' dir='ltr'><strong>censet</strong></span> <span class='ocrx_word' id='word_1_134' title='bbox 1260 1583 1381 1620; x_wconf 87' lang='lat' dir='ltr'><strong>quom</strong></span> <span class='ocrx_word' id='word_1_135' title='bbox 1403 1570 1506 1608; x_wconf 92' lang='lat' dir='ltr'><strong>uolo.</strong></span> <span class='ocrx_word' id='word_1_136' title='bbox 1545 1583 1583 1615; x_wconf 87' lang='lat'><strong>15</strong></span> 
     </span>
     <span class='ocr_line' id='line_1_24' title="bbox 87 1637 1524 1689; baseline -0.001 -14"><span class='ocrx_word' id='word_1_137' title='bbox 87 1643 176 1676; x_wconf 84' lang='lat'>1280</span> <span class='ocrx_word' id='word_1_138' title='bbox 193 1642 269 1679; x_wconf 84' lang='lat' dir='ltr'><strong>TR.</strong></span> <span class='ocrx_word' id='word_1_139' title='bbox 301 1653 420 1678; x_wconf 88' lang='lat' dir='ltr'><strong>sanus</strong></span> <span class='ocrx_word' id='word_1_140' title='bbox 439 1654 521 1679; x_wconf 91' lang='lat' dir='ltr'><strong>non</strong></span> <span class='ocrx_word' id='word_1_141' title='bbox 542 1653 594 1678; x_wconf 88' lang='lat' dir='ltr'><strong>es.</strong></span> <span class='ocrx_word' id='word_1_142' title='bbox 645 1640 949 1689; x_wconf 73' lang='lat' dir='ltr'><strong>sequere—PL.</strong></span> <span class='ocrx_word' id='word_1_143' title='bbox 982 1639 1060 1677; x_wconf 90' lang='lat' dir='ltr'><strong>duc</strong></span> <span class='ocrx_word' id='word_1_144' title='bbox 1082 1650 1156 1685; x_wconf 90' lang='lat' dir='ltr'><strong>me,</strong></span> <span class='ocrx_word' id='word_1_145' title='bbox 1175 1637 1229 1675; x_wconf 89' lang='lat' dir='ltr'><strong>mi</strong></span> <span class='ocrx_word' id='word_1_146' title='bbox 1249 1643 1424 1687; x_wconf 83' lang='lat' dir='ltr'><strong>patrone,</strong></span> <span class='ocrx_word' id='word_1_147' title='bbox 1443 1648 1524 1685; x_wconf 89' lang='lat' dir='ltr'><strong>quo</strong></span> 
     </span>
     <span class='ocr_line' id='line_1_25' title="bbox 1346 1700 1521 1739; baseline -0.006 0"><span class='ocrx_word' id='word_1_148' title='bbox 1346 1700 1521 1739; x_wconf 87' lang='lat' dir='ltr'><strong>lubet.—</strong></span> 
     </span>
    </p>
   </div>
   <div class='ocr_carea' id='block_1_3' title="bbox 689 1842 1018 1891">
    <p class='ocr_par' dir='ltr' id='par_1_6' title="bbox 689 1842 1018 1891">
     <span class='ocr_line' id='line_1_26' title="bbox 689 1842 1018 1891; baseline -0.006 0"><span class='ocrx_word' id='word_1_149' title='bbox 689 1844 925 1891; x_wconf 84' lang='lat' dir='ltr'>ACTVS</span> <span class='ocrx_word' id='word_1_150' title='bbox 973 1842 1018 1889; x_wconf 88' lang='lat' dir='ltr'>V</span> 
     </span>
    </p>
   </div>
   <div class='ocr_carea' id='block_1_4' title="bbox 744 1931 1626 1982">
    <p class='ocr_par' dir='ltr' id='par_1_7' title="bbox 744 1931 1626 1982">
     <span class='ocr_line' id='line_1_27' title="bbox 744 1931 1626 1982; baseline -0.003 0"><span class='ocrx_word' id='word_1_151' title='bbox 744 1945 972 1982; x_wconf 82' lang='lat' dir='ltr'><strong>LABRAX</strong></span> <span class='ocrx_word' id='word_1_152' title='bbox 1541 1931 1626 1971; x_wconf 76' lang='lat' dir='ltr'><strong>V·i</strong></span> 
     </span>
    </p>
   </div>
   <div class='ocr_carea' id='block_1_5' title="bbox 245 2028 1418 2279">
    <p class='ocr_par' dir='ltr' id='par_1_8' title="bbox 248 2028 1388 2082">
     <span class='ocr_line' id='line_1_28' title="bbox 248 2028 1388 2082; baseline -0.004 -11"><span class='ocrx_word' id='word_1_153' title='bbox 248 2032 348 2082; x_wconf 86' lang='lat' dir='ltr'><strong>Quis</strong></span> <span class='ocrx_word' id='word_1_154' title='bbox 369 2046 432 2071; x_wconf 87' lang='lat' dir='ltr'><strong>me</strong></span> <span class='ocrx_word' id='word_1_155' title='bbox 453 2039 511 2070; x_wconf 87' lang='lat' dir='ltr'><strong>est</strong></span> <span class='ocrx_word' id='word_1_156' title='bbox 531 2031 705 2070; x_wconf 89' lang='lat' dir='ltr'><strong>mortalis</strong></span> <span class='ocrx_word' id='word_1_157' title='bbox 727 2031 903 2071; x_wconf 87' lang='lat' dir='ltr'><strong>miserior</strong></span> <span class='ocrx_word' id='word_1_158' title='bbox 923 2031 991 2082; x_wconf 89' lang='lat' dir='ltr'><strong>qui</strong></span> <span class='ocrx_word' id='word_1_159' title='bbox 1012 2031 1120 2070; x_wconf 88' lang='lat' dir='ltr'><strong>uiuat</strong></span> <span class='ocrx_word' id='word_1_160' title='bbox 1140 2032 1236 2070; x_wconf 90' lang='lat' dir='ltr'><strong>alter</strong></span> <span class='ocrx_word' id='word_1_161' title='bbox 1256 2028 1388 2076; x_wconf 90' lang='lat' dir='ltr'><strong>hodie,</strong></span> 
     </span>
    </p>

    <p class='ocr_par' dir='ltr' id='par_1_9' title="bbox 245 2095 1418 2279">
     <span class='ocr_line' id='line_1_29' title="bbox 246 2095 1418 2149; baseline -0.003 -13"><span class='ocrx_word' id='word_1_162' title='bbox 246 2112 365 2149; x_wconf 90' lang='lat' dir='ltr'><strong>quem</strong></span> <span class='ocrx_word' id='word_1_163' title='bbox 385 2099 436 2136; x_wconf 87' lang='lat' dir='ltr'><strong>ad</strong></span> <span class='ocrx_word' id='word_1_164' title='bbox 456 2105 748 2148; x_wconf 84' lang='lat' dir='ltr'><strong>recuperatores</strong></span> <span class='ocrx_word' id='word_1_165' title='bbox 769 2099 891 2137; x_wconf 92' lang='lat' dir='ltr'><strong>modo</strong></span> <span class='ocrx_word' id='word_1_166' title='bbox 912 2097 1117 2138; x_wconf 84' lang='lat' dir='ltr'><strong>damnauit</strong></span> <span class='ocrx_word' id='word_1_167' title='bbox 1138 2095 1418 2145; x_wconf 90' lang='lat' dir='ltr'><strong>Plesidippus?</strong></span> 
     </span>
     <span class='ocr_line' id='line_1_30' title="bbox 245 2161 1401 2213; baseline -0.005 -10"><span class='ocrx_word' id='word_1_168' title='bbox 245 2163 470 2203; x_wconf 86' lang='lat' dir='ltr'><strong>abiudicata</strong></span> <span class='ocrx_word' id='word_1_169' title='bbox 488 2177 512 2202; x_wconf 86' lang='lat' dir='ltr'><strong>a</strong></span> <span class='ocrx_word' id='word_1_170' title='bbox 531 2177 595 2202; x_wconf 91' lang='lat' dir='ltr'><strong>me</strong></span> <span class='ocrx_word' id='word_1_171' title='bbox 616 2165 738 2203; x_wconf 91' lang='lat' dir='ltr'><strong>modo</strong></span> <span class='ocrx_word' id='word_1_172' title='bbox 759 2171 817 2203; x_wconf 91' lang='lat' dir='ltr'><strong>est</strong></span> <span class='ocrx_word' id='word_1_173' title='bbox 839 2166 1045 2203; x_wconf 84' lang='lat' dir='ltr'><strong>Palaestra.</strong></span> <span class='ocrx_word' id='word_1_174' title='bbox 1105 2161 1281 2213; x_wconf 87' lang='lat' dir='ltr'><strong>perditus</strong></span> <span class='ocrx_word' id='word_1_175' title='bbox 1303 2173 1401 2199; x_wconf 90' lang='lat' dir='ltr'><strong>sum.</strong></span> 
     </span>
     <span class='ocr_line' id='line_1_31' title="bbox 245 2229 1265 2279; baseline -0.002 -12"><span class='ocrx_word' id='word_1_176' title='bbox 245 2243 336 2267; x_wconf 88' lang='lat' dir='ltr'><strong>nam</strong></span> <span class='ocrx_word' id='word_1_177' title='bbox 356 2230 520 2267; x_wconf 86' lang='lat' dir='ltr'><strong>lenones</strong></span> <span class='ocrx_word' id='word_1_178' title='bbox 541 2243 587 2267; x_wconf 88' lang='lat' dir='ltr'><strong>ex</strong></span> <span class='ocrx_word' id='word_1_179' title='bbox 609 2229 766 2268; x_wconf 88' lang='lat' dir='ltr'><strong>Gaudio</strong></span> <span class='ocrx_word' id='word_1_180' title='bbox 788 2231 906 2268; x_wconf 89' lang='lat' dir='ltr'><strong>credo</strong></span> <span class='ocrx_word' id='word_1_181' title='bbox 927 2242 1011 2268; x_wconf 90' lang='lat' dir='ltr'><strong>esse</strong></span> <span class='ocrx_word' id='word_1_182' title='bbox 1030 2234 1265 2279; x_wconf 85' lang='lat' dir='ltr'><strong>procreatOS,</strong></span> 
     </span>
    </p>
   </div>
   <div class='ocr_carea' id='block_1_6' title="bbox 195 2328 1521 2463">
    <p class='ocr_par' dir='ltr' id='par_1_10' title="bbox 195 2328 1521 2463">
     <span class='ocr_line' id='line_1_32' title="bbox 239 2328 1521 2374; baseline -0.005 -10"><span class='ocrx_word' id='word_1_183' title='bbox 239 2335 320 2365; x_wconf 87' lang='lat'>1268</span> <span class='ocrx_word' id='word_1_184' title='bbox 344 2335 467 2374; x_wconf 89' lang='lat' dir='ltr'><strong>opinor</strong></span> <span class='ocrx_word' id='word_1_185' title='bbox 483 2334 550 2366; x_wconf 92' lang='lat' dir='ltr'><strong>cod.</strong></span> <span class='ocrx_word' id='word_1_186' title='bbox 656 2334 701 2365; x_wconf 90' lang='lat' dir='ltr'><strong>mi</strong></span> <span class='ocrx_word' id='word_1_187' title='bbox 719 2338 865 2374; x_wconf 82' lang='lat' dir='ltr'><strong>nuptura</strong></span> <span class='ocrx_word' id='word_1_188' title='bbox 882 2337 937 2364; x_wconf 86' lang='lat' dir='ltr'><strong>est</strong></span> <span class='ocrx_word' id='word_1_189' title='bbox 949 2332 1024 2363; x_wconf 76' lang='lat' dir='ltr'><strong>PCD</strong></span> <span class='ocrx_word' id='word_1_190' title='bbox 1182 2331 1263 2369; x_wconf 87' lang='lat'><strong>1276</strong></span> <span class='ocrx_word' id='word_1_191' title='bbox 1279 2328 1359 2370; x_wconf 87' lang='lat' dir='ltr'><strong>quid</strong></span> <span class='ocrx_word' id='word_1_192' title='bbox 1377 2329 1521 2369; x_wconf 69' lang='lat' dir='ltr'><strong>postea?</strong></span> 
     </span>
     <span class='ocr_line' id='line_1_33' title="bbox 198 2372 1520 2418; baseline -0.005 -9"><span class='ocrx_word' id='word_1_193' title='bbox 198 2377 406 2409; x_wconf 80' lang='lat' dir='ltr'><strong>Trachalioni</strong></span> <span class='ocrx_word' id='word_1_194' title='bbox 418 2379 589 2409; x_wconf 81' lang='lat' dir='ltr'><strong>continuat</strong></span> <span class='ocrx_word' id='word_1_195' title='bbox 602 2377 739 2418; x_wconf 65' lang='lat' dir='ltr'><strong>quffert</strong></span> <span class='ocrx_word' id='word_1_196' title='bbox 850 2378 929 2408; x_wconf 84' lang='lat'>1281</span> <span class='ocrx_word' id='word_1_197' title='bbox 957 2376 1145 2407; x_wconf 87' lang='lat' dir='ltr'><strong>mortalium</strong></span> <span class='ocrx_word' id='word_1_198' title='bbox 1167 2373 1232 2405; x_wconf 88' lang='lat' dir='ltr'><strong>cod.</strong></span> <span class='ocrx_word' id='word_1_199' title='bbox 1250 2385 1256 2405; x_wconf 91' lang='lat'>:</span> <span class='ocrx_word' id='word_1_200' title='bbox 1281 2383 1360 2405; x_wconf 84' lang='lat' dir='ltr'><strong>corr.</strong></span> <span class='ocrx_word' id='word_1_201' title='bbox 1378 2372 1520 2412; x_wconf 81' lang='lat' dir='ltr'><strong>Bentley,</strong></span> 
     </span>
     <span class='ocr_line' id='line_1_34' title="bbox 195 2421 818 2463; baseline -0.002 -11"><span class='ocrx_word' id='word_1_202' title='bbox 195 2432 275 2453; x_wconf 86' lang='lat' dir='ltr'><strong>nam</strong></span> <span class='ocrx_word' id='word_1_203' title='bbox 293 2422 485 2453; x_wconf 69' lang='lat' dir='ltr'><strong>mortalium</strong></span> <span class='ocrx_word' id='word_1_204' title='bbox 503 2422 661 2453; x_wconf 84' lang='lat' dir='ltr'><strong>miserior</strong></span> <span class='ocrx_word' id='word_1_205' title='bbox 677 2421 818 2463; x_wconf 81' lang='lat' dir='ltr'><strong>displicet</strong></span> 
     </span>
    </p>
   </div>
  </div>
 </body>
</html>
