1731 2713
134 230 199 265 445

129 620 200 656 450

129 944 193 981 455

126 1328 194 1370 460

124 1653 189 1698 465

120 1985 190 2019 470

727 106 1046 143 ΡΞΕΥΠΟΙᾹἬ
1518 110 1545 146 Ι.
1569 120 1599 145 V

329 221 445 255 Sino.
478 216 564 267 quis
594 217 656 255 hic
688 216 888 266 loquitur?
928 230 1037 255 meus
1066 217 1128 255 liic
1149 226 1206 255 est
1231 217 1392 267 quidem
1414 218 1547 257 seruos

1316 283 1545 322 Pseudolus.

328 346 390 385 hie
412 347 506 385 mihi
528 348 740 398 corrumpit
763 348 895 395 silium,
920 350 1108 386 scelerum
1131 355 1274 398 caput,

327 412 389 450 hic
410 413 498 458 dux,
523 412 585 450 hie
608 413 697 451 illist
719 414 979 463 paedagoguS,
1005 414 1110 451 hune
1132 426 1205 462 ego

325 476 442 527 ‹Supio
463 477 681 516 excruciari.
743 479 867 518 Cim..
902 477 977 516 iam
1000 477 1118 516 istaec
1140 478 1410 529 insipientiast,

327 542 421 581 iram
442 542 480 580 in
503 551 759 593 propromptu
781 556 924 593 gerere.
985 552 1133 593 quanto
1155 543 1273 582 satius
1295 551 1353 583 est
1567 556 1604 589 35

325 608 432 647 adire
454 608 607 647 blandis
628 609 758 648 uerbis
779 615 897 659 atque
919 609 1118 660 exquirere

325 672 452 712 sintne
474 673 536 712 illa
559 687 683 713 necne
703 674 779 712 sint
801 687 902 724 quae
925 674 992 712 tibi
1016 674 1263 712 renuntiant!

325 737 452 776 bonus
473 738 626 777 animus
649 738 686 776 in
709 741 810 777 mala
832 752 871 777 re
893 738 1138 777 dimidiumst
1161 739 1262 777 mali.

323 804 439 841 Smo.
473 803 541 841 tibi
563 804 806 842 auscultabo.
868 805 929 841 Ps.
963 804 1036 841 itur
1056 804 1106 842 ad
1128 811 1176 850 te,
1201 805 1408 843 Pseudolo.

323 868 540 908 orationem
563 869 631 907 tibi
654 882 745 919 para
767 870 979 907 aduorsum
1003 882 1148 907 senem.
1563 882 1604 913 40

323 947 432 971 erum
454 935 579 972 saluto
602 934 782 983 primum,
807 941 848 971 ut
870 942 1103 983 aequomst,
1132 942 1269 983 postea

322 997 353 1036 si
374 998 470 1048 quid
491 999 649 1049 superfit
672 999 823 1037 uicinos
846 998 1038 1048 impertio.

322 1064 438 1102 SIMO.
472 1065 588 1102 salue.
649 1063 744 1114 quid
784 1063 938 1113 agitur?
995 1065 1057 1101 ΡΞ.
1091 1071 1211 1102 statur
1250 1063 1313 1102 hic
1351 1066 1402 1103 ad
1437 1066 1543 1104 hune

1365 1133 1539 1170 modum.

323 1199 439 1234 Sino.
472 1203 615 1234 statum
637 1196 728 1236 uide
749 1196 933 1243 hominis,
955 1196 1148 1247 Callipho,
1174 1209 1291 1246 quam
1315 1196 1540 1235 basilicum!

323 1262 446 1300 CALL.
480 1262 581 1301 bene
601 1262 927 1312 confidenterque
948 1261 1115 1300 astitisse
1136 1261 1331 1312 intellego.
1559 1275 1600 1307 45

322 1327 384 1364 Ps.
417 1328 531 1366 decet
552 1326 802 1366 innocentem
826 1327 893 1377 qui
914 1327 962 1365 sit
982 1334 1101 1378 atque
1122 1327 1325 1366 innoxium

320 1404 475 1431 seruom
497 1394 709 1443 superbum
732 1406 816 1431 esse
837 1394 943 1443 apud
967 1406 1075 1431 erum
1098 1392 1373 1443 potissumum.

320 1457 446 1496 CALL.
477 1465 567 1495 sunt
588 1471 688 1507 quae
711 1466 747 1496 te
769 1459 953 1496 uolumus
977 1458 1208 1507 percontari,
1232 1471 1332 1508 quae
1353 1457 1463 1509 quasi

320 1536 387 1572 per
408 1523 592 1561 nebulam
614 1531 769 1562 nosmet
790 1523 935 1561 scimus
958 1531 1076 1573 atque
1097 1523 1332 1563 audiuimus.
1453 1572 1456 1576 .

319 1588 436 1626 Smo.
469 1587 651 1627 conficiet
671 1588 748 1627 iam
770 1596 807 1627 te
828 1588 891 1626 hie
914 1588 1045 1635 uerbis
1066 1597 1107 1626 ut
1128 1596 1169 1627 tu
1191 1602 1352 1627 censeas
1561 1602 1602 1633 50

318 1666 399 1691 non
421 1654 673 1702 Pseudolum,
696 1655 765 1693 sed
783 1656 983 1693 Socratem
1006 1662 1137 1693 tecum
1159 1654 1277 1704 loqui.

320 1719 381 1756 Ps.
414 1718 514 1766 itast,
536 1718 612 1757 iam
634 1719 785 1769 pridem
808 1727 848 1757 tu
871 1733 934 1758 me
956 1719 1116 1770 spernis,
1141 1719 1278 1758 sentio.

317 1796 479 1833 paruom
501 1797 585 1823 esse
605 1786 711 1834 apud
733 1792 770 1823 te
793 1785 888 1823 mihi
911 1785 1030 1823 fidem
1054 1784 1137 1835 ipse
1158 1783 1355 1835 intellego.

316 1848 417 1899 cupi'
439 1862 501 1887 me
522 1862 606 1888 esse
628 1863 799 1900 nequam
817 1867 822 1889 :
855 1858 987 1889 tamen
1010 1863 1077 1889 ero
1098 1849 1197 1899 frugi
1217 1849 1356 1889 bonae.

316 1915 432 1952 Smo.
466 1915 526 1953 fac
547 1914 598 1953 sis
619 1914 791 1963 uociu'as‚
818 1916 1024 1962 Pseudole,
1048 1914 1157 1954 aedis
1178 1913 1342 1961 aurium,
1559 1926 1597 1958 55

316 1992 404 2018 mea
425 1986 467 2017 ut
488 1979 649 2030 migrare
671 1980 774 2019 dicta
795 1980 947 2030 possint
969 1994 1048 2031 quo
1070 1981 1173 2019 uolo.

250 2093 312 2123 445
337 2083 426 2125 quis]
455 2083 560 2123 siquis
591 2084 624 2114 Ρ
651 2085 707 2119 (iv.
743 2095 773 2124 5
806 2096 838 2125 p.
875 2085 933 2115 625
1048 2088 1101 2115 est
1134 2083 1327 2123 hicquidem
1359 2083 1537 2116 Fleckeisen

207 2128 272 2165 446
295 2126 459 2158 scelerum
477 2138 555 2176 cap
546 2129 591 2167 ‘Ju
597 2133 609 2158 t
633 2129 686 2159 hie
711 2129 860 2169 corrupit
883 2127 997 2170 m<ih³i
1017 2128 1120 2159 filium
1139 2128 1172 2157 A
1309 2137 1371 2166 447
1398 2127 1487 2159 illest
1508 2127 1540 2158 Ρ

206 2187 271 2216 449
295 2170 595 2218 (p)ro(pr)0m(pt
601 2188 621 2208 ιι
646 2178 702 2208 A:
728 2181 885 2217 promptu
912 2178 1048 2217 (proptu
1073 2177 1178 2216 Β)Ρ
1299 2186 1359 2216 451
1387 2177 1454 2207 sint
1480 2175 1535 2207 illa

205 2229 335 2259 negnes
353 2220 487 2261 iniquae
504 2221 556 2252 P:
580 2221 691 2253 sintne
709 2222 765 2253 illa
781 2231 864 2252 uera
880 2231 988 2251 necne
1007 2221 1043 2261 (i.
1055 2231 1078 2252 e.
1098 2230 1185 2251 neen
1189 2219 1230 2260 Ἴ)
1245 2230 1332 2261 quae
1345 2220 1378 2250 A
1469 2230 1534 2260 453

205 2264 246 2294 ad
263 2264 312 2306 te]
331 2265 406 2297 adie
423 2264 457 2295 P
585 2267 648 2304 458
672 2265 781 2305 quiam
800 2264 833 2295 P
963 2265 1028 2303 460
1053 2264 1213 2295 innoxius
1236 2264 1268 2295 Ρ
1288 2267 1317 2294 et
1337 2267 1372 2294 ut
1394 2263 1457 2294 vtd.
1475 2263 1509 2292 A
1527 2275 1533 2294 ε

205 2317 280 2340 corr.
299 2307 400 2340 Bothe
415 2320 454 2340 ex
471 2308 561 2349 capt.
580 2319 607 2340 v.
628 2309 692 2348 665
805 2310 865 2346 467
893 2317 1029 2347 paruam
1047 2307 1097 2339 P:
1124 2317 1239 2347 parum
1258 2307 1290 2337 A
1310 2307 1361 2347 (cs.
1377 2306 1424 2337 ad
1439 2307 1530 2347 Capi.

204 2351 283 2391 893)
419 2364 483 2392 470
507 2363 592 2392 quae
610 2352 642 2383 A
