1783 2707
82 151 196 178 PROL.
636 142 681 178 T.
717 140 896 179 MACCI
928 140 1131 177 PLAVTI

326 250 393 300 qui
414 250 518 288 illam
541 256 751 288 mercatust
773 251 822 288 de
843 251 986 287 lenone
1006 248 1208 298 uirginem.

325 316 462 361 ualete‚
487 322 528 353 ut
549 316 681 353 hostes
702 314 823 353 nostri
844 313 1024 353 diffidant
1044 312 1186 351 sibi.—

741 582 975 630 ACTVS
1027 583 1046 629 I

136 689 203 728 I.i
726 691 1052 727 SCEPARNIO

332 777 406 814 Pro
428 776 467 815 di
489 775 725 821 inmortales,
750 782 1025 824 tempestatem
1047 771 1301 824 quoiusmodi

333 835 542 891 Neptunus
564 840 678 880 nobis
700 847 816 879 nocte
838 841 911 878 hac
933 838 1037 877 misit
1057 851 1247 889 proxuma
1265 840 1271 875 ἓ

332 906 477 945 detexit
499 914 639 944 uentus
662 904 948 955 uillam—quid
971 903 1099 942 uerbis
1121 903 1265 953 opust?
1574 902 1617 946 85

334 985 413 1010 non
436 978 577 1009 uentus
599 970 680 1018 fuit,
704 983 841 1009 uerum
864 971 1086 1008 Alcumena
1108 966 1296 1017 Euripidi,

184 1052 202 1084 5
335 1036 387 1074 ita
408 1037 536 1074 omnis
557 1036 607 1074 de
628 1042 732 1074 tecto
754 1033 980 1073 deturbauit
1001 1034 1150 1083 tegulas
1165 1048 1175 1080 3

334 1101 573 1140 inlustriores
594 1100 684 1140 fecit
705 1101 949 1150 fenstrasque
969 1098 1122 1138 indidit.

179 1214 209 1250 ii
275 1213 651 1250 PLESIDIPPVS
763 1211 1089 1248 SCEPARNIO
1203 1207 1514 1245 DAEMONES

340 1296 408 1333 PL.
441 1296 491 1332 Et
512 1307 583 1332 uos
603 1307 625 1331 a
647 1292 788 1332 uostris
809 1291 956 1331 abduxi
977 1290 1143 1341 negotiis

338 1373 467 1410 neque
487 1359 527 1398 id
548 1357 737 1409 processit
759 1370 837 1407 qua
857 1370 929 1395 uos
951 1355 1042 1394 duxi
1063 1354 1184 1406 gratia
1579 1366 1625 1403 90

339 1438 467 1475 neque
487 1423 597 1474 quiui
617 1424 668 1462 ad
690 1430 847 1473 portum
869 1423 1054 1460 lenonem
1076 1420 1329 1470 prehendere.

341 1491 409 1529 sed
432 1503 519 1528 mea
539 1488 690 1528 desidia
713 1501 823 1539 spem
846 1489 1025 1527 deserere
1047 1485 1179 1525 nolui:

193 1569 211 1600 5
340 1570 388 1595 eo
408 1556 490 1602 uos,
514 1555 641 1602 amici,
664 1554 816 1594 detinui
838 1553 995 1593 diutius.

339 1635 444 1661 nunc
465 1623 542 1660 huc
562 1622 613 1660 ad
636 1620 800 1660 Veneris
822 1621 957 1659 fanum
979 1619 1097 1658 uenio
1118 1618 1254 1664 uisere,

340 1688 407 1727 ubi
429 1701 509 1726 rem
531 1687 707 1726 diuinam
730 1701 771 1726 se
792 1688 986 1725 facturum
1008 1685 1166 1724 dixerat.
1582 1693 1625 1730 95

341 1756 403 1793 Sc.
436 1753 466 1792 si
488 1753 647 1804 sapiam,
672 1754 748 1791 hoc
771 1753 879 1803 quod
901 1765 964 1790 me
986 1758 1130 1790 mactat
1151 1748 1387 1789 concinnem
1408 1749 1544 1786 lutum.
1590 1749 1592 1752 ’

345 1821 413 1857 PL.
454 1832 576 1869 prope
617 1832 679 1857 me
719 1817 782 1856 hic
826 1816 1050 1867 nescioquis
1088 1815 1270 1866 loquitur.
1346 1816 1422 1852 DA.
1454 1814 1563 1858 heus,

1329 1876 1565 1929 Sceparnio!

179 1968 217 1990 10
344 1952 405 1989 SC.
439 1950 506 2000 qui
527 1950 706 1990 nominat
727 1951 823 1988 me?
882 1951 959 1987 DA.
991 1947 1057 1998 qui
1079 1960 1149 1998 pro
1170 1954 1207 1985 te
1223 1953 1426 1996 argentum
1443 1941 1562 1982 dedit.

345 2017 407 2055 Sc.
440 2016 550 2066 quasi
573 2030 636 2055 me
658 2024 767 2054 tuom
790 2029 875 2054 esse
897 2027 1053 2053 seruom
1074 2013 1196 2060 dicas,
1218 2014 1454 2050 Daemones.

346 2084 421 2119 DA.
455 2083 537 2120 luto
558 2089 669 2120 usust
690 2082 825 2127 multo,
849 2082 1011 2118 multam
1034 2086 1174 2117 terram
1195 2077 1375 2116 confode.
1589 2083 1655 2109 100

345 2147 477 2185 uillam
500 2147 756 2197 integundam
779 2146 963 2196 intellego
985 2152 1107 2183 totam
1130 2142 1236 2188 mihi,

346 2227 437 2252 nam
458 2227 564 2252 nunc
586 2214 758 2262 perlucet
780 2226 824 2251 ea
846 2225 964 2261 quam
985 2210 1155 2249 cribrum
1177 2207 1358 2247 crebrius.

282 2319 324 2350 82
349 2317 464 2349 uestiti
482 2315 548 2347 cod.
570 2316 663 2355 (corr.
680 2316 724 2346 Bu
823 2316 866 2345 88
890 2314 1116 2346 inlustriorem
1132 2312 1327 2350 Lambinus,
1346 2309 1435 2340 Fssld
1446 2308 1565 2349 gClass.

240 2361 319 2393 Rev.
351 2363 380 2401 8,
408 2361 467 2401 99)
573 2360 622 2391 vel
645 2360 836 2398 festrasque
983 2359 1025 2397 96
1049 2356 1176 2395 alludit,
1211 2355 1311 2393 credo,
1343 2354 1389 2384 acl
1417 2361 1570 2384 maceare

243 2406 371 2436 ‘lutum
389 2404 603 2436 concinnare)
651 2404 706 2434 vix
721 2404 811 2443 quod
823 2413 874 2433 me
886 2406 1007 2433 mactat
1025 2411 1088 2440 ego
1107 2410 1255 2431 maccem
1275 2400 1380 2429 lutum
1527 2404 1569 2434 97

240 2449 292 2479 hic
310 2449 459 2480 Merula:
485 2449 562 2478 hinc
581 2447 645 2479 cod.

977 2519 999 2530 l
