1731 2713
679 126 969 164 POENVLVS
1419 123 1485 158 IV.
1508 120 1537 157 ii

152 242 236 281 hh.
269 239 440 290 lepidam
463 241 657 278 Venerem
677 242 682 276 !
727 240 790 277 Sv.
823 251 913 276 narn
937 237 1158 276 meretrices
1180 243 1334 275 nostrae
1357 235 1488 285 primis

1352 300 1488 338 hostiis

74 376 143 418 850
162 373 355 409 Venerem
365 371 785 420 placauereextemplo.
826 370 897 406 M1.
915 382 938 406 ο
952 368 1123 418 lepidam
1133 369 1328 405 Venerem
1338 367 1487 404 denuo!

162 438 224 474 ΒΥ.
256 449 362 474 nune
389 437 553 474 domum
581 434 657 473 ibo.
720 436 809 472 M1.»
829 435 940 480 heus,
962 435 1214 482 Synceraste!
1255 434 1317 469 ΞΥ.
1351 433 1489 480 Synce-

1091 505 1235 535 rastum
1258 496 1323 546 qui
1346 497 1490 533 uocat?

161 567 233 603 M1.
275 572 362 603 tuos
396 564 556 603 amicus.
616 566 678 602 ΞΥ.
721 564 828 602 haud
866 561 992 601 amice
1032 561 1116 599 saci'
1151 561 1217 611 qui
1250 575 1339 598 eum
1372 574 1490 598 onere
1512 576 1552 606 30

1190 628 1304 665 offers
1326 639 1487 664 moram.

161 700 234 736 M1.
266 705 305 735 at
326 697 378 735 ob
400 697 501 735 hanc
527 709 676 734 moram
704 694 774 733 tibi
802 695 965 733 reddam
994 706 1154 743 operam
1183 692 1249 730 ubi
1279 692 1399 737 uoles,
1423 690 1490 728 ubi

1322 755 1487 794 iusseris.

161 828 264 866 habe
284 841 364 866 rem
390 834 557 877 pactam.
617 828 679 865 ΒΥ.
713 825 743 864 si
765 826 986 871 futurumst,
1010 824 1062 862 do
1090 822 1160 861 tibi
1188 835 1346 872 operam
1375 822 1488 859 hanc.

1136 889 1207 925 M1.
1240 900 1320 936 quo
1341 887 1492 924 modo?

76 961 140 1006 855
163 959 225 996 Sv.
258 965 299 996 ut
320 957 425 995 enim
447 955 514 995 ubi
536 955 630 994 mihi
654 955 924 1006 uapulandum
945 953 1003 999 sit,
1028 961 1069 990 tu
1091 952 1240 991 corium
1262 952 1431 990 sufferas.

161 1037 294 1073 apage,
317 1022 451 1061 nescio
478 1021 573 1072 quid
601 1020 672 1059 uiri
699 1020 760 1058 sis.
822 1021 894 1057 M1.
932 1019 1048 1056 malu'
1070 1031 1167 1055 sum.
1228 1018 1290 1055 ΞΥ.
1329 1016 1398 1054 tibi
1427 1016 1487 1054 sis.

1221 1083 1293 1118 M1.
1327 1088 1364 1119 te
1384 1081 1487 1119 uolo.

162 1155 225 1192 ΞΥ.
266 1160 305 1191 at
338 1166 438 1191 onus
473 1159 592 1202 urget.
654 1152 726 1189 M1.
763 1156 802 1188 at
833 1156 874 1187 tu
904 1161 1061 1199 appone
1091 1154 1128 1185 et
1158 1146 1307 1196 respice
1337 1147 1387 1184 ad
1415 1159 1487 1183 me.
1513 1159 1551 1190 35

1254 1212 1316 1249 ΞΥ.
1349 1212 1490 1258 fecero,

161 1297 402 1335 quamquam
423 1284 529 1321 haud
550 1281 722 1321 otiumst.
783 1282 856 1319 M1.
889 1280 1019 1318 saluos
1040 1277 1101 1325 sis,
1126 1279 1365 1327 Synceraste.
1427 1278 1490 1315 Sv.

1261 1355 1285 1380 o
1308 1341 1490 1392 Milphio,

164 1415 204 1454 di
228 1428 365 1453 ornnes
393 1415 570 1464 deaeque
596 1413 861 1451 ament—Ml.
895 1422 1108 1461 quemnam
1136 1407 1369 1447 hominem?
1427 1408 1491 1446 ΞΥ.

950 1489 1024 1514 nec
1045 1482 1082 1513 te
1103 1487 1176 1512 nec
1198 1487 1272 1520 me,
1297 1472 1492 1523 Milphio:

78 1553 146 1588 860
164 1559 294 1595 neque
323 1557 433 1583 erum
463 1556 596 1582 meum
626 1543 739 1581 adeo.
798 1542 871 1579 M1.
913 1541 1033 1590 quem
1062 1545 1196 1576 ament
1231 1536 1373 1587 igitur?
1427 1538 1490 1575 Sv.

100 1613 109 1622 ⁸
903 1605 1074 1655 aliquem
1096 1603 1136 1642 id
1157 1602 1298 1653 dignus
1320 1601 1386 1652 qui
1408 1601 1490 1640 siet.

165 1689 256 1714 narn
288 1682 511 1714 nostrorum
545 1686 663 1712 nemo
698 1671 866 1723 dignust.
928 1671 1000 1708 M1.
1037 1667 1168 1719 lepide
1197 1669 1367 1717 loquere.
1427 1668 1492 1705 ΞΥ.

1248 1742 1255 1746 ’
1281 1746 1344 1770 me
1364 1733 1489 1771 decet.

166 1808 239 1845 M1.
279 1805 376 1857 quid
408 1805 519 1856 agis?
566 1806 628 1843 Sv.
674 1802 775 1842 facio
809 1802 918 1852 quod
957 1798 1167 1839 manufesti
1202 1797 1357 1836 moechi
1384 1797 1387 1835 1
1414 1799 1492 1835 hau
1512 1813 1554 1844 40

1210 1865 1331 1901 ferme
1352 1864 1490 1901 solent.

165 1939 239 1976 Ml.
272 1936 368 1988 quid
388 1935 428 1975 id
449 1937 536 1975 est?
578 1936 641 1974 Sv.
675 1935 799 1973 refero
819 1945 914 1971 uasa
934 1932 1051 1970 salua.
1100 1931 1172 1967 M1.
1205 1927 1245 1967 di
1266 1935 1304 1966 te
1325 1934 1363 1966 et
1383 1935 1492 1966 tuom

1157 2007 1265 2032 erum
1287 1992 1493 2043 perduint!

211 2108 276 2147 849
302 2104 341 2137 1¹⁸
360 2106 401 2147 (ἓ)
420 2104 484 2137 cod.
510 2105 654 2145 (primus
669 2103 755 2143 PCD,
771 2112 838 2133 om.
852 2101 898 2134 Β)
1011 2100 1077 2138 850
1100 2096 1259 2129 acceditA
1338 2095 1495 2136 exemplo

168 2151 203 2182 P
352 2151 412 2189 851
439 2149 505 2180 heu
521 2147 555 2178 P
570 2149 663 2187 (corr.
689 2147 738 2187 D)
891 2145 955 2184 852
979 2143 1071 2184 curn]
1098 2152 1198 2182 quam
1217 2141 1250 2171 P
1265 2141 1290 2180 (ἓ
1302 2145 1368 2181 pro
1384 2150 1495 2179 quom,

170 2193 447 2234 antt'quasorma)
539 2192 661 2222 offeras
674 2190 721 2230 A,
738 2189 771 2220 Β
794 2192 870 2220 ante
891 2199 969 2219 corr.
1105 2186 1170 2224 853
1196 2184 1339 2225 moram]
1358 2194 1428 2214 rem
1445 2182 1478 2213 P
1493 2194 1499 2213 :

171 2247 337 2269 remoram
356 2237 491 2278 Geppert
577 2235 686 2274 854—6
701 2234 752 2264 vel
765 2233 824 2264 Sv.
844 2232 930 2262 habe
948 2255 955 2262 .
972 2254 980 2262 .
997 2255 1004 2262 .
1039 2229 1098 2259 M1.
1126 2229 1152 2259 si
1174 2253 1181 2259 .
1199 2252 1206 2259 .
1224 2252 1232 2259 .
1274 2228 1332 2258 ΞΥ.
1359 2237 1427 2266 quo
1441 2251 1448 2257 .
1465 2249 1472 2257 .
1489 2250 1496 2257 .

172 2281 231 2312 M1.
259 2285 293 2312 ut
310 2304 317 2312 .
337 2305 344 2312 .
366 2304 373 2311 .
409 2280 466 2311 ΞΥ.
493 2289 601 2319 apage
669 2278 731 2317 855
756 2277 814 2318 sit]
834 2275 932 2306 estP
947 2276 1025 2314 (pro
1041 2274 1128 2303 siet?
1153 2273 1190 2312 cf.
1204 2283 1232 2303 v.
1254 2271 1352 2310 1213)
1434 2271 1500 2308 856

171 2324 310 2355 tibisisis
326 2323 359 2354 A
521 2323 587 2353 860
611 2321 644 2352 id
660 2321 711 2351 vel
725 2330 766 2351 eo
783 2320 816 2350 A
835 2331 842 2350 z
866 2329 932 2350 om.
952 2317 986 2348 P
1133 2316 1193 2345 861
1221 2314 1499 2354 lepidueloquere

174 2369 337 2409 (lepidum
351 2366 393 2397 el.
409 2366 503 2405 PCD)
518 2365 551 2395 P
637 2365 700 2395 862
725 2363 917 2394 manufesto
932 2371 1012 2392 corr.
1031 2360 1057 2390 -i
1074 2359 1105 2389 P
1120 2363 1157 2389 ut
1171 2358 1234 2389 vid.
1258 2357 1442 2396 (manifesti
1460 2357 1495 2396 T,

172 2411 359 2442 manufesto
377 2411 385 2440 i
402 2409 496 2450 pssc)
587 2407 719 2438 moechi
736 2405 834 2449 (hic)
851 2405 975 2436 Bothe:
1001 2402 1166 2433 moechuli
1184 2401 1311 2432 Schoell

217 2481 335 2502 PLAVT.
356 2480 380 2500 11
1373 2461 1411 2495 15
