1731 2713
100 740 166 778 495

767 101 943 138 PERSA
1447 105 1515 142 IV.
1539 104 1584 142 iii

247 210 322 247 TO.
345 209 412 248 ubi
433 224 538 249 nunc
559 218 624 249 tua
644 210 848 249 libertast?
897 212 973 249 Do.
996 212 1101 261 apud
1124 219 1171 250 te.
1222 214 1294 251 To.
1318 213 1392 261 ain,
1411 215 1517 264 apud

479 278 622 314 mest?-
665 278 739 314 Do.
772 276 846 323 aio,
870 276 1042 325 inquam,
1065 278 1171 326 apud
1193 285 1230 315 te
1251 287 1318 324 est,
1343 279 1514 328 inquam.

245 340 319 377 To.
352 339 404 377 ita
432 353 493 378 me
520 340 560 378 di
586 340 719 379 ament
749 347 791 378 ut
818 341 870 380 ob
898 340 1022 378 istanc
1049 355 1130 379 rem
1161 341 1231 379 tibi
1263 344 1382 380 multa
1412 343 1517 382 bona

1232 406 1376 445 instant
1396 421 1418 445 a
1439 421 1512 447 me.

245 482 336 507 nam
357 477 415 508 est
436 483 494 508 res
515 471 710 520 quaedam
731 483 850 521 quarn
868 471 1113 509 occultabam
1136 471 1205 509 tibi
1227 471 1379 510 dicere:
1410 487 1515 511 nunc

1229 550 1314 575 earn
1337 539 1513 585 narrabo,

242 601 335 638 und'
375 608 415 638 tu
440 601 655 650 pergrande
683 601 835 639 lucrum
864 600 1011 639 facias:
1042 600 1180 639 faciam
1207 610 1249 639 ut
1277 602 1352 640 mei
1381 603 1515 641 memi-

1139 667 1250 713 neris,
1274 668 1368 705 dum
1391 668 1512 706 uitam

241 729 362 768 uiuas.
423 731 499 768 Do.
532 730 634 769 bene
661 730 775 769 dictis
799 730 875 769 tuis
902 731 1004 770 bene
1026 732 1128 770 facta
1147 745 1258 770 aures
1280 745 1390 771 meae
1409 733 1513 771 arixi-
1534 746 1573 778 25

1166 796 1259 835 lium
1283 806 1510 847 exposcunt.

240 861 313 898 To.
346 867 456 898 tuom
478 861 771 911 promeritumst
788 861 926 900 merito
947 869 989 899 ut
1010 861 1160 900 faciam.
1211 870 1249 900 et
1269 871 1311 900 ut
1332 876 1394 901 me
1415 863 1514 902 scias

1130 941 1214 965 esse
1235 927 1287 965 ita
1308 929 1511 977 facturum,

292 991 455 1030 tabellas
475 999 566 1030 tene
586 993 666 1039 has,
690 993 851 1042 pellege.
914 993 989 1030 Do.
1014 993 1088 1030 hae
1109 992 1204 1042 quid
1225 993 1275 1031 ad
1297 993 1389 1032 me?
1436 995 1510 1032 To.

868 1057 992 1095 immo
1012 1058 1063 1095 ad
1085 1064 1122 1095 te
1142 1057 1308 1095 attinent
1329 1066 1367 1096 et
1387 1065 1454 1096 tua
1473 1073 1513 1097 re

290 1123 375 1170 fert,
396 1135 486 1160 nam
515 1136 561 1160 ex
590 1122 720 1160 Persia
746 1123 797 1161 ad
825 1123 918 1161 med
945 1124 1099 1161 adlatae
1130 1125 1250 1162 modo
1278 1131 1368 1162 sunt
1393 1123 1513 1163 istaec

495 1201 518 1225 a
540 1201 628 1226 meo
650 1201 726 1226 ero.
789 1189 865 1226 Do.
899 1189 1093 1238 quando?
1149 1191 1223 1227 TO.
1247 1190 1323 1227 hau
1345 1191 1508 1230 dudum.

238 1253 313 1291 Do.
346 1252 441 1303 quid
463 1252 559 1291 istae
585 1255 774 1291 narrant?
830 1255 905 1292 To.
937 1261 1166 1304 percontare
1187 1267 1233 1292 ex
1254 1253 1347 1304 ipsis
1367 1270 1373 1292 :
1404 1254 1511 1304 ipsae

1192 1318 1263 1357 tibi
1285 1319 1507 1358 narrabunt.

96 1395 162 1432 500
183 1384 259 1421 Do.
291 1384 391 1422 cedo
412 1396 505 1421 sane
526 1382 632 1421 mihi.
690 1385 765 1421 To.
788 1391 827 1422 at
847 1385 949 1422 clare
969 1383 1142 1422 recitato.
1194 1385 1269 1421 Do.
1294 1392 1390 1431 tace,
1413 1386 1508 1423 dum
1530 1401 1570 1431 30

91 1788 156 1825 505

566 1450 730 1499 pellego.
789 1451 863 1487 To.
896 1449 1037 1488 recita:
1068 1450 1145 1487 hau
1167 1449 1331 1488 uerbum
1354 1449 1505 1489 faciam.

288 1515 364 1552 Do.
399 1517 408 1533 ‘
421 1515 586 1552 salutem
607 1514 702 1552 dicit
723 1514 865 1553 Toxilo
886 1514 1158 1553 Timarchides

285 1586 324 1617 et
344 1579 513 1617 familiae
534 1579 653 1618 omni.
714 1579 745 1617 si
766 1579 915 1627 ualens,
944 1581 1109 1629 gaudeo.

286 1657 359 1694 ego
379 1646 492 1683 ualeo
513 1652 616 1683 recte
637 1652 675 1683 et
696 1658 777 1683 rem
798 1658 890 1694 gero
911 1652 949 1683 et
969 1644 1070 1683 facio
1085 1646 1237 1683 lucrum

289 1723 419 1760 neque
439 1709 537 1748 istoc
558 1709 683 1748 redire
704 1709 763 1747 his
785 1718 876 1748 octo
896 1723 1057 1760 possum
1079 1710 1291 1759 mensibus,

284 1774 416 1825 itaque
436 1774 499 1813 hic
520 1782 578 1813 est
598 1776 707 1825 quod
728 1789 792 1813 me
812 1774 962 1813 detinet
982 1775 1194 1825 negotium.
1526 1792 1567 1826 ες,

284 1839 561 1890 Chrysopolim
584 1842 724 1879 Persae
746 1853 885 1890 cepere
906 1839 1043 1878 urbem
1065 1839 1104 1878 in
1125 1839 1282 1888 Arabia,

282 1906 440 1956 plenam
462 1906 653 1944 bonarum
676 1919 802 1944 rerum
824 1913 944 1956 atque
963 1905 1169 1955 antiquom
1190 1906 1382 1957 oppidum
1400 1920 1411 1947 ε

283 1985 330 2010 ea
349 1978 616 2022 comportatur
637 1972 793 2022 praeda,
818 1979 859 2009 ut
881 1972 947 2009 fiat
967 1971 1099 2009 auctio

217 2086 276 2116 491
304 2076 441 2107 libertas
466 2075 499 2106 P
637 2085 702 2115 493
726 2086 766 2106 ea
798 2075 883 2107 codd.
918 2075 1022 2105 Nonii
1049 2084 1113 2105 210
1440 2089 1504 2119 494

174 2121 397 2160 pergrandem
413 2120 546 2150 Nonius
561 2123 696 2150 testatus
702 2130 777 2159 gen.
796 2130 907 2154 masc..
923 2119 980 2149 sed
988 2119 1115 2149 lucrum
1130 2118 1149 2150 f.
1169 2117 1310 2159 displicet
1437 2130 1501 2160 495

173 2163 266 2194 uiuas
277 2164 385 2204 priori
407 2175 434 2195 v.
453 2163 605 2194 adhaeret
619 2163 652 2193 A
667 2164 710 2202 (et
726 2163 758 2193 P
771 2164 797 2202 ζ)
860 2169 862 2171 ’
889 2163 974 2193 dicis
989 2161 1023 2192 Ρ
1109 2162 1211 2204 facta]
1224 2163 1307 2194 actis
1320 2162 1352 2192 A
1443 2174 1499 2194 ex-

172 2208 344 2246 postulant
367 2207 400 2237 Ρ
485 2208 549 2246 496
572 2207 618 2237 ita
643 2217 708 2238 om.
728 2206 760 2237 Ρ
889 2216 952 2245 497
978 2206 1062 2236 istae
1082 2205 1196 2237 Baclt:
1221 2206 1305 2238 hae!
1324 2206 1498 2246 (intcm'ect.)

171 2250 307 2292 Seyffm‘t
394 2250 544 2281 alienent
559 2250 591 2280 A
692 2251 756 2289 498
770 2260 846 2280 nam
859 2260 901 2280 ex
917 2249 1031 2280 Persia
1048 2254 1126 2279 sunt
1141 2250 1242 2280 istaec
1259 2249 1378 2290 allatae
1389 2250 1468 2281 mihi
1481 2260 1500 2290 a

173 2305 246 2334 meo
262 2294 353 2332 (er)o
366 2295 398 2323 A
414 2294 546 2333 (anap.)
562 2305 569 2324 ε
587 2304 662 2324 nam
675 2305 692 2324 e
705 2294 818 2332 persia
830 2294 871 2324 ad
886 2303 939 2323 me
952 2293 1073 2323 allatae
1085 2293 1186 2323 modo
1197 2298 1278 2324 sunt
1291 2293 1375 2324 istae
1388 2303 1407 2323 a
1424 2303 1500 2324 meo

172 2338 311 2368 domino
330 2337 380 2368 P:
405 2337 507 2368 bacch.
527 2338 714 2378 heptametr.
733 2337 847 2377 scripSt'
942 2347 1007 2374 499
1030 2336 1078 2366 vel
1096 2336 1200 2367 istaec
1308 2346 1373 2375 500
1397 2337 1501 2367 recita

169 2392 239 2412 om.
257 2381 291 2412 P
375 2391 440 2420 504
464 2380 529 2411 isto
546 2381 690 2411 reddere
706 2380 738 2410 P
826 2389 889 2419 505
914 2380 1050 2410 detenet
1066 2378 1099 2408 A
1190 2380 1256 2418 506
1279 2379 1498 2420 Cleusipolim

290 2425 355 2464 508
379 2429 592 2464 comparatur
606 2423 640 2454 P
