1783 2707
181 134 249 171 IV.
272 133 301 170 ii
679 133 725 170 T.
760 131 941 171 MACCI
973 131 1178 168 PLAVTI

225 392 240 422 5

207 777 242 800 10

203 1303 238 1334 15

203 1894 242 1915 20

266 245 336 284 sed
375 244 544 283 uideone
583 257 655 294 ego
694 242 1014 294 Pamphilippum
1057 255 1147 281 cum
1185 243 1299 280 fratre
1338 240 1594 292 Epignomo?

1330 314 1450 357 atque
1470 306 1502 344 is
1523 314 1591 345 est.

264 374 468 425 adgrediar
489 374 704 413 hominem.
765 381 916 423 sperate
939 371 1225 423 Pamphilippe,
1249 385 1272 410 o
1294 384 1382 421 spes
1403 384 1501 417 mea,

265 454 288 478 o
311 453 397 478 mea
417 439 508 486 uita,
532 453 556 478 o
577 453 664 477 mea
685 440 878 489 uoluptas,
902 439 1020 475 salue.
1080 438 1231 475 saluom
1251 437 1405 486 gaudeo

264 518 422 555 peregre
443 512 480 543 te
501 504 540 542 in
561 503 726 554 patriam
747 502 918 541 rediisse.
965 504 1070 539 PAM.
1095 503 1204 539 saluo
1226 503 1343 548 salue,
1367 500 1576 540 Gelasime.

264 572 340 609 ΟΕ.
362 569 544 608 ualuistin
566 570 697 607 bene?
755 570 859 606 ΡΑΜ.
883 574 1182 606 sustentatumst
1198 567 1346 605 sedulo.
1407 568 1480 604 ΟΕ.
1504 561 1603 605 εᾶεῖ

1337 633 1404 682 pol
1424 633 1588 682 gaudeo.

264 702 406 750 edepol
423 714 472 738 ne
486 713 559 749 ego
569 713 674 737 nunc
689 698 785 736 mihi
804 698 1053 738 medimnum
1070 697 1177 735 mille
1193 711 1278 735 esse
1294 696 1443 747 argenti
1458 696 1588 735 uelim.

265 768 333 804 ΕΡ.
371 765 467 816 quid
498 778 545 804 eo
575 764 645 803 tibi
675 765 820 815 opust?
891 765 964 802 GE.
1007 764 1113 801 hunc
1143 764 1272 800 hercle
1301 763 1352 800 ad
1382 775 1520 800 cenam
1550 769 1592 800 ut

1100 842 1252 874 uocem²
1275 835 1314 866 te
1334 840 1415 865 non
1436 841 1588 866 uocem.

246 899 334 935 =EP.
364 898 578 935 aduorsum
609 903 647 934 te
677 895 861 934 fabulare.
931 895 1005 943 ΟΕ.
1036 893 1134 932 illud
1168 892 1342 943 quidem,
1375 893 1514 931 ambos
1548 900 1591 931 ut

1424 971 1591 1006 uocem3

260 1035 298 1066 et
320 1027 450 1066 simitu
473 1025 657 1076 equidem
680 1027 757 1064 hau
779 1025 948 1076 maligne
968 1038 1040 1063 uos
1065 1023 1295 1062 inuitassem
1316 1024 1482 1062 domum

260 1094 311 1132 ad
337 1107 409 1140 me,
434 1093 503 1131 sed
528 1091 624 1129 mihi
652 1091 725 1142 ipsi
746 1090 855 1130 domi
877 1104 988 1128 meae
1009 1089 1106 1128 nihil
1127 1096 1194 1127 est.
1254 1097 1373 1138 atque
1397 1090 1474 1127 hoc
1493 1087 1590 1126 sciti'

1505 1166 1590 1192 uos.

263 1224 331 1261 ΕΡ.
365 1223 507 1273 edepol
529 1230 566 1260 te
587 1235 728 1260 uocem
749 1221 939 1267 lubenter,
963 1220 994 1259 si
1016 1220 1200 1269 superfiat
1219 1220 1342 1258 locus.

262 1290 336 1327 ΟΕ.
369 1287 465 1339 quin
486 1295 569 1326 tum
591 1295 697 1325 stans
718 1294 941 1336 opstrusero
962 1285 1111 1336 aliquid
1138 1292 1306 1323 strenue.
1365 1286 1434 1322 ΕΡ.
1466 1283 1590 1322 immo

1206 1363 1330 1388 unum
1350 1350 1428 1388 hoc
1447 1356 1586 1400 potest.

261 1421 336 1459 ΟΕ.
369 1418 497 1470 quid?
555 1420 623 1456 ΕΡ.
657 1416 725 1456 ubi
755 1415 949 1455 conuiuae
978 1414 1156 1463 abierint,
1179 1422 1263 1453 tum
1293 1414 1439 1453 uenias.
1514 1415 1587 1453 GE.

1244 1494 1317 1518 uae
1338 1479 1455 1518 aetati
1475 1487 1565 1518 tuae
1582 1482 1589 1518 Ξ

261 1553 330 1590 ΕΡ.
363 1564 458 1589 uasa
478 1551 639 1597 lautum,
663 1562 743 1587 non
764 1549 815 1587 ad
836 1561 975 1586 cenam
996 1546 1097 1586 dico.
1158 1548 1231 1585 GE.
1264 1545 1304 1584 di
1324 1553 1362 1584 te
1383 1545 1565 1596 perduint
1583 1548 1589 1584 1

260 1616 356 1667 quid
391 1616 458 1664 ais,
493 1614 799 1666 Pamphilippe?
856 1615 960 1651 PAM.
992 1613 1043 1652 ad
1073 1625 1213 1651 cenam
1243 1612 1373 1650 hercle
1401 1611 1478 1649 alio
1505 1624 1590 1660 pro-

1366 1676 1453 1715 misi
1473 1678 1585 1715 foras.

262 1749 336 1787 GE.
360 1746 467 1798 quid,
491 1748 622 1785 foras?
679 1747 787 1784 PAM.
807 1746 909 1783 foras
930 1742 1061 1782 hercle
1081 1757 1186 1782 uero.
1246 1744 1320 1782 ΟΕ.
1353 1741 1420 1792 qui
1441 1743 1588 1780 malum

1266 1808 1335 1846 tibi
1357 1809 1459 1846 lasso
1480 1808 1589 1846 lubet

261 1877 352 1918 foris
385 1878 553 1917 cenare?
611 1879 715 1914 PAM.
747 1882 878 1914 utrum
910 1882 952 1913 tu
987 1876 1154 1914 censes?
1223 1875 1296 1913 ΟΕ.
1330 1873 1450 1912 iuben
1480 1873 1589 1912 domi

1313 1953 1451 1978 cenam
1472 1938 1590 1989 coqui

308 2026 372 2064 583
396 2023 460 2067 <ο>
479 2028 617 2063 sperate
635 2023 778 2062 Lomun,
793 2022 912 2063 Ferger
929 2021 985 2052 ‘de
996 2020 1109 2052 υοεηιΐ.ς
1123 2031 1154 2061 p.
1169 2022 1210 2052 28
1259 2021 1375 2052 accedit
1389 2021 1421 2050 A
1483 2031 1503 2051 o
1520 2032 1585 2053 om.

264 2067 317 2098 A¹
450 2069 512 2106 585
538 2067 632 2098 saluo
651 2066 744 2097 salue
766 2065 798 2096 A
820 2070 856 2097 ut
872 2065 934 2097 vid.
957 2078 963 2096 :
987 2065 1125 2097 saluum.
1163 2066 1252 2096 PAM.
1278 2066 1371 2096 salue
1390 2064 1423 2094 P
1524 2066 1589 2103 586

261 2111 452 2143 sustentaui
480 2110 512 2141 P
652 2112 713 2150 587
740 2114 876 2149 egomet
911 2109 992 2140 mihi
1024 2110 1168 2140 mediam
1195 2109 1399 2149 (medediam
1423 2108 1469 2148 Β)
1499 2119 1587 2139 nunc

262 2156 351 2186 mille
376 2154 409 2185 Ρ
517 2154 627 2185 meille
644 2154 677 2184 A
698 2158 735 2184 ut
750 2153 811 2184 vid.
834 2153 1130 2193 (antiquaformal
1323 2154 1387 2191 588
1411 2153 1452 2183 ad
1469 2163 1587 2183 cenam

262 2199 376 2230 hercle
393 2199 427 2229 P
567 2209 641 2238 590,
662 2208 721 2237 591
747 2208 812 2229 om.
832 2197 864 2228 P
880 2199 1023 2237 (propter
1036 2197 1255 2228 homoeoarch.
1271 2197 1296 2236 ἒ)
1443 2206 1507 2236 590
1532 2207 1582 2236 eq.

262 2243 409 2282 simi(tu)
436 2244 500 2283 hau
525 2242 615 2273 cod:
640 2242 769 2272 traieci:
798 2251 850 2280 eq.
871 2241 968 2271 simul
993 2241 1058 2271 hau
1083 2241 1148 2271 Leo
1312 2250 1372 2279 591
1402 2240 1513 2281 (mi)hi
1535 2245 1587 2279 nst

262 2287 368 2328 do(mi
387 2288 497 2325 melae
514 2285 580 2316 cod.
598 2297 604 2316 :
628 2285 732 2325 suppl.
753 2284 976 2323 Stna'emmzd‚
995 2283 1132 2324 Seyffi'rt
1248 2293 1310 2323 593
1336 2289 1404 2313 tum
1422 2283 1586 2324 Scaliger:

263 2335 298 2361 tu
315 2329 401 2361 codd.
424 2330 497 2369 (del.
517 2328 587 2369 A2)
608 2329 644 2367 (i.
654 2339 675 2359 e.
696 2329 777 2368 quin
795 2330 850 2359 tu?
875 2330 984 2362 stans}
1133 2337 1196 2366 594
1220 2328 1350 2358 abirent
1368 2326 1401 2356 Ρ
1501 2325 1586 2366 turn]

262 2379 299 2404 ut
322 2379 391 2404 tum
412 2374 444 2403 A
471 2373 572 2415 (unde
595 2377 664 2403 tum
689 2376 726 2403 ut
744 2371 881 2409 Ritsclzl,
903 2377 939 2403 ut
962 2370 1108 2411 Seyffert}
1264 2381 1326 2410 595
1351 2370 1446 2412 uasa]
1474 2381 1539 2401 una
1557 2370 1591 2401 P

262 2418 410 2457 perdunt
423 2417 455 2448 P
553 2417 618 2455 596
634 2415 706 2455 agis
723 2415 813 2447 codd.
834 2415 900 2452 (zze.
913 2416 964 2446 ais
975 2415 1001 2454 2)
1086 2414 1242 2454 promissi
1261 2419 1297 2445 ut
1313 2413 1374 2446 vid.
1390 2414 1424 2445 P
1435 2414 1588 2455 (antiqua

253 2461 384 2501 forma)
519 2470 581 2500 597
607 2460 663 2499 qui
682 2458 804 2490 malum
822 2459 896 2499 tibi]
914 2459 993 2498 quid
1013 2458 1135 2489 malum
1152 2458 1184 2488 A

957 2518 979 2528 l

1612 504 1677 548 585

1612 1036 1679 1073 590

1612 1558 1675 1596 595
