1783 2707
146 110 193 146 V.

158 498 194 530 35

161 1021 201 1052 40

160 1542 201 1574 45

215 109 277 147 vii
624 110 670 147 T.
705 107 885 147 MACCI
918 106 1121 145 PLAVTI

214 222 245 259 si
266 223 358 261 uolo
379 224 484 262 hunc
506 221 651 269 ulcisci,
674 221 749 260 litis
772 234 912 270 sequar
933 219 973 257 in
994 217 1123 257 alieno
1143 215 1304 267 oppido,

214 295 404 337 quantum
426 287 560 326 audiui
581 286 781 337 ingenium
803 292 840 323 et
862 296 990 322 mores
1012 282 1108 321 eiius
1130 294 1209 331 quo
1229 288 1345 330 pacto
1366 279 1476 318 sient.

214 354 319 390 ADE.
351 352 404 390 mi
426 360 544 402 pater,
568 366 617 390 ne
639 351 735 402 quid
756 350 827 389 tibi
855 363 946 388 cum
969 348 1067 386 istoc
1096 346 1148 385 rei
1174 345 1245 384 siet
1270 348 1539 384 †acmassum†
1562 353 1650 389 1405

1366 422 1539 459 opsecro.

218 484 349 520 ANTE.
372 484 549 521 ausculta
562 481 695 521 sorori.
736 480 812 528 abi,
829 479 988 529 diiunge
1006 475 1228 516 inimicitias
1251 488 1341 513 cum
1362 474 1540 523 inprobo.

220 550 302 587 HA.
333 550 408 587 hoc
442 562 512 598 age
548 548 608 594 sis,
633 549 734 586 leno.
808 557 1049 596 quamquam
1089 555 1162 592 ego
1201 549 1238 580 te
1277 538 1464 578 meruisse
1502 545 1545 576 ut

1295 617 1430 655 pereas
1451 602 1543 650 scio,

219 692 299 717 non
321 678 493 729 experiar
515 686 656 716 tecum.
707 678 781 715 AG.
806 688 935 726 neque
956 687 1028 724 ego
1047 688 1056 721 3
1086 672 1117 711 si
1133 684 1270 710 aurum
1288 669 1384 708 mihi
1405 668 1545 706 reddes

1400 747 1544 781 meum,

220 811 320 856 leno,
345 811 507 860 quando
528 823 574 848 ex
595 822 717 848 neruo
739 803 1225 855 emissu's—-compingare
1247 801 1287 840 in
1309 812 1514 840 carcerem.

222 877 291 913 LV.
324 875 454 913 iamne
489 883 621 913 autem
651 882 693 912 ut
723 874 858 912 soles?
905 874 1037 910 ANTA.
1072 883 1155 919 ego,
1194 871 1341 914 Poene,
1376 865 1446 904 tibi
1482 878 1544 902 me
1568 875 1657 909 1410

1211 940 1417 984 purgatum
1439 931 1541 968 uolo.

221 1005 251 1044 si
273 1005 368 1056 quid
389 1004 468 1043 dixi
489 1004 607 1042 iratus
628 1004 841 1042 aduorsum
861 1001 980 1040 animi
1003 1000 1059 1039 tui
1084 998 1329 1044 sententiam,

221 1070 261 1110 id
282 1071 337 1109 uti
358 1071 537 1121 ignoscas
559 1082 706 1120 quaeso
725 1083 734 1115 ;
763 1075 801 1106 et
822 1081 943 1118 quom
964 1066 1057 1105 istas
1078 1063 1264 1103 inuenisti
1285 1062 1394 1109 filias,

221 1137 273 1176 ita
301 1151 363 1176 me
391 1138 432 1175 di
461 1144 606 1183 ament,
639 1134 734 1173 mihi
763 1132 1004 1184 uoluptatist.
1066 1133 1145 1169 HA.
1179 1130 1340 1180 ignosco
1365 1135 1403 1167 et
1430 1127 1549 1166 credo

1465 1192 1546 1231 tibi.

221 1269 352 1305 ANTA.
386 1268 487 1313 leno,
524 1274 566 1304 tu
600 1273 731 1305 autem
766 1264 935 1303 amicam
971 1261 1067 1301 mihi
1101 1262 1171 1300 des
1203 1259 1321 1298 facito
1355 1265 1422 1297 aut
1453 1256 1549 1296 mihi

1225 1325 1366 1364 reddas
1388 1323 1545 1362 minam.

223 1399 292 1436 Lv.
325 1396 392 1435 uin
413 1395 616 1435 tibicinam
639 1409 767 1434 meam
793 1394 968 1433 habere?
1024 1394 1156 1431 ANTA.
1189 1390 1243 1428 nil
1274 1403 1403 1428 moror
1427 1387 1550 1427 tibici—
1573 1394 1658 1431 1415

1434 1467 1525 1492 nam
1542 1467 1551 1501 3

223 1527 373 1567 nescias
394 1534 524 1565 utrum
546 1526 581 1565 ei
601 1525 767 1565 maiores
789 1525 990 1563 buccaene
1010 1536 1061 1561 an
1082 1534 1278 1560 mammae
1299 1520 1409 1559 sient.

225 1595 294 1632 Lv.
326 1593 431 1632 dabo
453 1605 553 1643 quae
574 1593 736 1642 placeat.
795 1593 928 1629 ANTA.
960 1601 1062 1627 cura.
1122 1589 1192 1625 Lv.
1224 1589 1363 1625 atirum
1394 1597 1476 1623 cras
1501 1585 1551 1623 ad

1185 1660 1223 1691 te
1244 1653 1407 1691 referam
1428 1657 1550 1688 tuom.

225 1727 300 1764 AG.
333 1723 451 1763 facito
481 1723 520 1762 in
551 1722 741 1762 memoria
769 1722 928 1760 habeas.
988 1723 1058 1759 ΙΝ.
1093 1719 1215 1766 miles,
1239 1730 1401 1768 sequere
1423 1729 1553 1754 me.—
1580 1744 1581 1747 η

971 1788 1102 1824 ΑΝΤΑ.
1136 1798 1208 1834 ego
1229 1796 1323 1821 uero
1344 1794 1554 1832 sequor.—

226 1857 300 1894 AG.
334 1854 429 1905 quid
462 1853 529 1902 ais,
566 1854 731 1904 patrue?
787 1853 949 1902 quando
984 1851 1076 1889 hinc
1116 1849 1169 1888 ire
1208 1847 1356 1899 cogitas
1396 1846 1555 1886 Cartha-

1393 1911 1555 1962 ginem?

272 2033 353 2063 1403
378 2025 500 2062 sequar
517 2022 655 2063 displicet
746 2032 827 2060 1404
850 2021 939 2060 quod
958 2019 1021 2051 cod.
1118 2028 1200 2058 1405
1218 2017 1251 2048 ni
1267 2028 1297 2056 p.
1312 2016 1378 2048 cod.
1397 2017 1487 2054 (corr.
1503 2015 1550 2048 D&

225 2077 326 2106 quom
344 2067 408 2097 cod.
431 2066 724 2107 (antz'qztasorma)
814 2064 1019 2104 acmassum]
1041 2062 1091 2093 sac
1109 2062 1247 2092 missum
1261 2060 1382 2091 Pradel
1397 2060 1550 2099 depraep.

226 2120 298 2149 515,
318 2110 485 2150 Nz'emeyer
502 2110 574 2141 Mil.
597 2110 684 2141 Glor.
704 2120 734 2150 p.
759 2110 827 2139 166.
877 2107 945 2138 Sed
959 2110 1060 2147 potest
1079 2117 1144 2136 esse
1165 2105 1330 2135 Punicum
1352 2103 1553 2134 achmassim

226 2155 274 2184 vel
289 2155 450 2184 hama-isim
470 2154 628 2184 ‘iniuriae
641 2155 648 2169 ’
745 2163 827 2192 1409
844 2152 1059 2190 compingam
1076 2154 1108 2179 te
1124 2148 1262 2180 Skutsch
1343 2158 1426 2185 1410
1442 2147 1554 2177 iamne

227 2197 385 2238 Spengel:
430 2199 494 2228 iam
524 2197 588 2228 cod.
692 2201 870 2236 purgatum
904 2195 977 2225 Ital.
998 2205 1005 2224 ε
1044 2197 1230 2233 pugnatum
1261 2190 1326 2222 cod.
1474 2198 1554 2227 1413

228 2241 409 2281 uoluptatis
427 2246 479 2272 est
492 2240 557 2272 cod.
577 2252 583 2271 :
609 2239 688 2282 (ut)
706 2240 787 2270 mihi
805 2239 910 2278 uolup
927 2242 979 2268 est
996 2236 1129 2277 Seyffert
1219 2245 1301 2274 1414
1323 2238 1380 2264 aut
1396 2233 1532 2273 Seyffeti
1547 2243 1554 2262 ε

227 2324 284 2349 aut
303 2318 408 2360 [auri]
427 2318 494 2349 cod.
517 2318 595 2359 (pro
611 2289 707 2349 ggii?
733 2328 762 2349 v.
781 2316 815 2355 3)
929 2315 1010 2354 1416
1027 2314 1057 2344 ei
1074 2313 1220 2344 maiores
1234 2311 1307 2343 Ital.
1328 2323 1335 2342 :
1360 2311 1425 2341 eim
1443 2319 1554 2340 mores

228 2362 293 2393 cod.
316 2362 364 2402 (M
379 2368 442 2403 pro
456 2362 520 2401 AI)
611 2372 652 2391 an
672 2371 714 2392 m.
730 2360 804 2392 Ital.
824 2371 830 2390 :
854 2368 1037 2390 amammae
1054 2357 1118 2389 cod.
1232 2356 1313 2395 1418
1338 2354 1425 2385 sacto
1443 2353 1508 2384 cod.
