1731 2713
653 111 1063 149 TRVCVLEN'FVS
1472 110 1522 146 11.
1546 110 1591 146 vi

167 258 169 261 ,
197 234 302 259 nunc
322 222 372 259 ad
393 220 560 260 amicam
580 221 750 259 decumo
772 233 905 258 mense
924 227 1010 269 post
1032 220 1209 257 Athenas
1232 219 1381 257 Atticas

197 286 293 332 uiso,
309 299 426 335 quam
444 286 643 335 grauidam
662 286 724 323 hic
741 285 876 335 reliqui
893 298 982 322 meo
995 297 1234 334 compressu,
1251 284 1346 334 quid
1364 298 1408 323 ea
1423 295 1520 334 agat.

201 353 272 389 ΡΗ.
305 350 396 388 uide
435 351 521 400 quis
561 351 731 400 loquitur
764 359 843 389 tam
864 351 1109 401 .1›r(›1›in‹{ue.
1180 353 1247 388 As.
1282 350 1402 397 miles,
1438 364 1523 389 mea

1252 415 1521 460 Phronesium,

109 493 176 529 500
196 480 265 519 tibi
286 481 396 519 adest
418 482 708 531 Stratophanes
769 494 873 519 nunc
904 480 971 519 tibi
1004 489 1120 531 opust
1149 494 1304 531 aegram
1334 489 1374 519 ut
1396 488 1433 519 te
1459 482 1525 519 ad-

1097 546 1267 585 simules.
1328 549 1401 584 PH.
1425 554 1520 585 tace.

195 613 289 662 quoi
321 613 452 651 adhuc
487 625 560 663 ego
594 620 673 651 tam
709 614 810 651 mala
851 626 956 652 eram
992 612 1195 659 monetrix,
1234 626 1296 650 me
1331 611 1524 650 maleficio
1548 628 1588 649 20

1318 677 1493 715 uinceres
1509 678 1526 715 ?

194 743 343 780 STRAT.
374 742 522 793 peperit
551 743 699 790 mulier,
723 751 764 781 ut
794 757 866 794 ego
897 743 1046 794 opinor.
1107 745 1174 781 As.
1208 742 1274 781 uin
1304 744 1444 781 adeam
1474 743 1525 781 ad

1019 808 1254 848 hominem?
1312 810 1385 846 ΡΗ.
1419 809 1521 846 uolo.

194 874 340 911 Smm
382 877 528 923 eugael
572 873 806 925 Astaphium
843 888 975 914 eccam
1009 874 1037 912 it
1070 873 1121 912 mi
1157 875 1381 912 aduorsum.
1454 875 1523 911 As.

917 941 1024 978 salue
1044 946 1206 985 ecastor,
1231 939 1522 989 Stratophanes.

195 1001 365 1056 [uenire]
393 1005 543 1043 saluom
570 1003 846 1056 <te>—STRAT.
879 1004 971 1042 scio.
1004 1005 1074 1042 sed
1104 1003 1318 1054 peperstne,
1347 1016 1526 1054 opsecro,

1234 1068 1495 1108 Phronesium
1510 1070 1526 1106 ?

108 1145 172 1181 505
195 1137 261 1172 As.
295 1134 444 1184 peperit
474 1148 637 1184 puerum
669 1135 834 1173 nimium
865 1135 1051 1185 lepidum.
1127 1136 1276 1173 STRAT.
1307 1135 1434 1181 ehem,
1466 1147 1526 1173 ec-

815 1199 911 1249 quid
933 1198 1010 1238 mei
1031 1199 1225 1238 similest?
1282 1201 1349 1238 AS.
1382 1201 1526 1249 rogas?

192 1265 288 1314 quin
310 1263 376 1302 ubi
398 1271 529 1302 natust
551 1266 798 1303 machaeram
819 1272 857 1303 et
877 1266 1061 1315 clupeum
1083 1265 1273 1315 poscebat
1294 1264 1400 1303 sibi?
1547 1282 1586 1314 25

192 1331 338 1368 STRAT.
372 1342 481 1368 meus
503 1337 573 1377 est,
594 1329 676 1368 scio
697 1329 773 1368 iam
795 1330 845 1368 de
864 1329 1114 1380 argumentis.
1173 1332 1242 1368 AS.
1282 1329 1447 1368 nimium
1468 1330 1524 1368 tui

961 1394 1134 1433 similest.
1195 1396 1342 1433 STRAT.
1375 1398 1524 1445 papae!

193 1460 270 1499 iam
288 1461 498 1510 magnust?
526 1460 656 1499 iamne
669 1460 712 1498 iit
724 1461 775 1499 ad
789 1460 1017 1511 legionem?
1046 1473 1195 1511 ecquae
1209 1460 1334 1511 spolia
1350 1459 1525 1499 rettulit?

193 1529 261 1565 As.
294 1530 404 1568 †ere†
437 1526 744 1575 nudiusquintus
771 1533 885 1565 natus
919 1525 982 1566 ille
1017 1526 1180 1577 quidem
1218 1534 1287 1565 est.
1374 1528 1522 1565 STRAT.

1242 1592 1338 1643 quid
1358 1594 1524 1643 postea?

108 1669 176 1706 510
193 1658 292 1697 inter
313 1665 370 1697 tot
390 1658 474 1697 dies
495 1658 656 1709 quidem
677 1659 808 1698 hercle
828 1658 905 1697 iam
925 1657 1075 1709 aliquid
1095 1665 1226 1697 actum
1248 1657 1431 1708 oportuit.

237 1772 299 1802 497
324 1762 366 1793 ad
381 1762 470 1794 codd.
489 1762 596 1793 Nonii
609 1772 670 1802 457
690 1774 696 1793 :
720 1773 784 1793 om.
809 1762 874 1794 cod.
1033 1763 1097 1801 498
1121 1762 1176 1793 hic
1194 1761 1280 1793 codd.
1307 1761 1430 1793 Nonii:
1454 1772 1520 1794 om.

193 1806 260 1838 cod.
394 1817 457 1846 499
480 1807 558 1837 uide
575 1806 647 1838 Ital.
669 1818 675 1837 :
700 1806 791 1837 nibet
808 1807 874 1838 cod.
892 1807 936 1847 (B
943 1812 1005 1847 pro
1017 1806 1062 1846 D)
1154 1811 1220 1837 tam
1238 1805 1432 1836 Act'dalt'us:
1458 1806 1522 1836 iam

193 1849 260 1882 cod.
351 1851 538 1890 propinqua
556 1850 632 1881 PCD
743 1860 808 1889 500
825 1851 908 1881 ades
920 1850 985 1881 cod.
1101 1860 1161 1889 501
1188 1849 1240 1881 cui
1257 1860 1285 1881 a.
1305 1859 1369 1889 ego
1385 1854 1419 1880 tu
1438 1849 1524 1881 mala

194 1904 302 1925 meam
327 1898 463 1925 emonet
482 1894 570 1925 ruria
586 1904 640 1924 me
659 1893 805 1925 malficio
831 1895 989 1929 (mafficio
1009 1892 1099 1933 PCD)
1119 1894 1235 1924 uincet·
1254 1898 1306 1924 est
1327 1892 1393 1924 cod.
1411 1905 1418 1924 :
1441 1904 1520 1924 corr.

193 1937 371 1972 Buecheler.
392 1937 457 1968 Leo
546 1937 665 1968 malam
685 1937 895 1969 monerulam
913 1937 1040 1969 Scltoell
1169 1946 1233 1976 502
1258 1937 1394 1977 Peperit
1409 1936 1523 1967 Came-

194 1981 305 2012 rarius
320 1993 326 2012 :
352 1981 495 2020 Reperit
511 1982 576 2013 cod.
683 1981 733 2013 vel
745 1982 848 2021 opino
957 1982 1102 2012 uinadea
1118 1986 1173 2012 aut
1194 1983 1268 2021 (pro
1285 1987 1318 2011 at
1326 1988 1332 2013 ¹»
1352 1981 1521 2011 hominem

194 2030 230 2056 ut
248 2025 327 2055 uolo
351 2024 434 2056 cod.:
458 2035 535 2056 corr.
560 2025 645 2056 Pius
755 2035 819 2064 503
844 2026 1006 2065 eugastha
1031 2025 1113 2065 phin
1139 2025 1240 2064 (euge
1267 2024 1403 2064 staphin
1428 2023 1520 2065 PCD)

194 2078 339 2099 maccam
358 2067 423 2100 cod.
439 2079 444 2098 :
470 2079 548 2100 corr.
567 2068 640 2100 Ital.
733 2075 885 2100 ecastr-or
900 2068 966 2100 cod.
989 2070 1083 2108 (corr.
1101 2068 1149 2099 Dx
1302 2078 1365 2108 504
1390 2067 1521 2099 saluom

194 2117 228 2142 te
252 2111 495 2152 Kampmmzn:
535 2113 653 2143 uenire
678 2113 806 2143 saluum
832 2112 899 2144 cod.
930 2115 975 2151 (v.
1007 2114 1035 2143 1‘1
1055 2123 1061 2143 :
1104 2113 1191 2143 bene
1223 2117 1256 2142 te
1288 2122 1362 2143 s.—-
1385 2110 1524 2151 Seyff‘ert

194 2165 257 2194 505
282 2155 381 2186 ehem
406 2155 527 2195 ecquid
554 2155 710 2186 Mueller:
743 2156 825 2187 ehec
852 2156 924 2195 quit
952 2157 1030 2195 (hec
1056 2156 1128 2195 quit
1155 2154 1244 2193 PCD)
1270 2154 1337 2186 cod.
1437 2153 1520 2185 mihi

195 2199 222 2229 si
236 2198 326 2229 mille
341 2203 392 2229 est
408 2210 414 2230 :
430 2209 508 2231 corr.
529 2197 654 2230 thscltl
782 2208 844 2238 507
870 2210 902 2230 n.
918 2200 964 2229 tui
980 2198 1086 2230 Brix:
1112 2209 1144 2229 n.
1160 2199 1276 2238 quidui
1294 2197 1359 2230 cod.
1379 2198 1440 2239 (iv.
1458 2197 1494 2237 3)
1511 2209 1517 2228 :

195 2242 293 2272 nimis
308 2252 405 2281 quam
423 2243 470 2273 tui
487 2242 628 2284 Spengel
639 2243 689 2283 (cf
708 2242 756 2273 ad
768 2244 846 2282 488)
938 2244 1002 2281 508
1026 2243 1045 2273 i.
1066 2243 1102 2273 iit
1119 2243 1159 2273 ad
1171 2242 1346 2273 Buecheler
1363 2253 1370 2273 t
1395 2243 1415 2274 i.
1436 2241 1519 2272 letat

193 2284 260 2317 cod.
276 2285 473 2322 (lectatPCD
496 2297 503 2316 ε
520 2285 584 2316 iam
597 2285 679 2317 letat
688 2285 814 2317 Schoell
865 2296 991 2326 ecquae
1002 2286 1038 2316 K
1039 2285 1183 2326 iesslt'ng:
1199 2296 1286 2325 quae
1298 2285 1363 2318 cod.
1409 2284 1518 2325 spolia

194 2329 323 2360 rettulit
345 2328 508 2370 Spengel:
538 2329 700 2369 spoliaret
725 2329 804 2361 uelit
829 2329 891 2363 cod.
1039 2339 1104 2368 509
1128 2328 1206 2360 heia
1223 2328 1367 2361 Sclroell:
1395 2338 1517 2368 gerrae

194 2372 260 2411 (vel
271 2371 355 2413 ἔρρε)
373 2372 512 2403 Palmer
583 2373 717 2412 quidem
735 2373 790 2404 illc
808 2379 858 2405 cst
875 2373 960 2407 cod.:
984 2374 1055 2405 trcn‘.
1070 2371 1197 2404 Ritsclzl
1319 2383 1385 2412 5¹0
1406 2377 1516 2404 actum

193 2415 234 2448 al.
255 2415 320 2449 cod.
340 2427 346 2447 ε
371 2417 441 2448 trat'.
459 2415 562 2449 Bothe

1370 2460 1429 2492 33*
