1731 2713
79 595 168 630 1340

77 919 163 958 Ι345

73 1245 163 1283 1350

71 1702 156 1740 Ῑ355

704 84 995 124 POENVLVS
1467 83 1512 119 V.
1535 81 1580 118 vi

334 289 510 328 chvs
620 290 1066 326 AGORASTOCLES
1180 288 1383 324 HANNo
1537 285 1581 322 vi

623 354 1084 391 ANTAMOENIDES

241 452 310 489 Lv.
346 450 549 501 Decipitur
569 464 698 497 nemo,
723 463 810 489 mea
831 449 992 500 quidem
1014 449 1218 496 sententia,

240 516 307 566 qui
327 515 406 554 suis
425 515 561 553 amicis
583 523 710 553 narrat
731 523 835 554 recte
856 528 915 553 res
937 527 1050 563 suas‚·

240 594 332 619 nam
353 579 537 618 omnibus
557 579 693 618 amicis
715 579 811 618 meis
833 579 938 618 idem
959 593 1081 617 unum
1104 578 1301 626 conuenit,

240 653 282 683 ut
303 658 365 684 me
386 646 640 696 suspendam,
660 658 710 683 ne
730 644 891 683 addicar
912 644 1168 694 Agorastocli.

238 712 312 749 AG.
344 712 448 758 leno,
469 724 604 749 eamus
625 710 664 748 in
686 710 756 748 ius.
816 711 886 748 Lv.
919 723 1084 760 opsecro
1106 717 1153 757 te,
1170 711 1455 760 Agorastocles,
1534 724 1551 754 5

238 777 478 826 suspendere
499 783 540 814 ut
562 789 624 814 me
644 775 770 814 liceat.
830 777 911 813 HA.
944 775 983 813 in
1005 774 1063 813 ius
1085 782 1122 813 te
1143 788 1256 813 uoco.

239 843 309 880 Lv.
333 840 429 891 quid
446 840 515 880 tibi
537 854 693 879 mecum
709 841 872 879 autem?
912 842 993 878 HA.
1012 839 1104 890 quia
1129 838 1133 891 l
1160 840 1278 879 hasce
1294 839 1356 878 aio
1373 840 1512 879 liberas

238 906 507 957 ingenuasque
527 919 612 944 esse
633 905 730 944 filias
751 905 887 944 ambas
909 918 1014 943 meas
1032 920 1041 953 3

236 985 306 1011 eae
326 975 416 1010 sunt
436 979 638 1022 surruptae
658 984 749 1010 cum
771 970 921 1009 nutrice
941 972 1135 1021 paruolae.

236 1039 306 1075 Lv.
338 1036 415 1075 iam
436 1036 589 1087 pridem
611 1035 797 1086 equidem
819 1035 918 1074 istuc
939 1035 1047 1082 sciui,
1071 1043 1109 1074 et
1130 1035 1289 1073 miratus
1311 1035 1365 1074 sui
1532 1049 1572 1071 10

235 1102 435 1141 neminem
456 1101 590 1141 uenire
611 1101 678 1152 qui
698 1101 790 1140 istas
810 1102 1006 1140 adsereret
1028 1114 1157 1139 manu.

235 1182 346 1207 meae
366 1167 529 1219 quidem
550 1169 726 1218 profecto
747 1180 828 1206 non
850 1174 952 1205 sunt.
1015 1168 1147 1205 ANTA.
1170 1168 1271 1214 leno,
1291 1166 1330 1204 in
1351 1166 1410 1205 ius
1431 1180 1506 1206 eas.

237 1235 308 1272 LY.
343 1235 392 1272 de
413 1232 580 1284 prandio
602 1240 643 1271 tu
665 1232 773 1271 dicis.
834 1232 1011 1279 debetur,
1038 1232 1154 1271 dabo.

234 1300 308 1338 AG.
340 1299 507 1349 duplum
528 1311 598 1348 pro
618 1299 721 1337 furto
742 1296 795 1335 mi
816 1310 914 1347 opus
936 1304 1003 1336 est.
1064 1298 1133 1335 Lv.
1167 1310 1278 1335 sume
1299 1297 1391 1336 hinc
1412 1297 1508 1347 quid

1386 1363 1505 1401 lubet

234 1431 315 1468 HA.
339 1437 377 1468 et
399 1428 494 1468 mihi
515 1427 717 1480 suppliciis
739 1427 881 1466 multis.
925 1429 995 1465 Lv.
1020 1440 1131 1466 sume
1147 1428 1239 1466 hinc
1257 1427 1352 1477 quid
1370 1429 1480 1466 lubet
1500 1445 1507 1468 z
1531 1442 1568 1474 15

232 1496 365 1533 ANTA.
387 1502 426 1534 et
447 1494 543 1533 mihi
564 1494 726 1545 quidem
748 1493 855 1531 mina
871 1492 1028 1543 argenti.
1079 1494 1149 1530 Lv.
1172 1505 1284 1531 sume
1301 1492 1393 1532 hinc
1410 1493 1507 1543 quid

1385 1558 1505 1597 lubet

231 1627 334 1665 collo
355 1639 437 1665 rem
458 1626 610 1664 soluam
631 1624 709 1663 iam
730 1623 916 1663 omnibus
938 1623 1048 1673 quasi
1071 1622 1248 1662 baiiolus.

230 1692 305 1729 AG.
323 1690 518 1741 numquid
534 1703 689 1729 recusas
703 1697 839 1728 contra
852 1690 945 1728 me?
966 1690 1035 1726 Lv.
1056 1689 1133 1726 hau
1147 1688 1313 1726 uerbum
1328 1687 1500 1738 quidem.

229 1758 304 1794 AG.
337 1756 389 1795 ite
409 1754 523 1807 igitur
543 1755 655 1803 intro,
680 1755 871 1793 mulieres.
931 1756 1011 1801 sed,
1035 1761 1171 1804 patrue
1191 1741 1256 1800 mi,

228 1829 348 1869 tuam,
371 1829 413 1860 ut
434 1821 574 1869 dixisti,
598 1820 693 1859 mihi
714 1821 920 1870 desponde
941 1819 1072 1858 filiam.
1528 1831 1565 1851 20

232 1888 312 1925 HA.
337 1888 444 1926 haud
463 1886 573 1926 aliter
585 1886 723 1925 ausim.
763 1888 896 1923 ANTA.
920 1885 1022 1924 bene
1039 1885 1137 1923 uale.
1179 1886 1256 1923 AG.
1279 1891 1317 1922 et
1338 1891 1379 1922 tu
1401 1884 1504 1923 bene

1404 1951 1502 1988 uale.

227 2019 359 2056 ANTA.
392 2019 492 2064 leno,
511 2017 743 2056 arrabonem
764 2017 840 2055 hoc
861 2029 932 2066 pro
953 2015 1059 2054 mina
1079 2028 1235 2054 mecum
1256 2015 1406 2053 fero.—

221 2130 298 2159 1341
326 2122 482 2153 addicare
499 2122 532 2152 P
646 2131 728 2160 1343
755 2121 866 2162 [leno]
886 2121 918 2151 in
940 2121 991 2151 ius
1008 2119 1041 2150 P
1058 2120 1111 2151 iv.
1127 2130 1147 2159 3
1162 2121 1189 2162 3)
1320 2128 1402 2158 1344
1427 2118 1504 2158 quia

173 2162 310 2207 (enim)
322 2165 440 2198 Bothe:
457 2166 537 2206 fort.
551 2164 695 2208 <‘quid’
714 2164 831 2208 ss>quia
909 2165 966 2195 has
979 2165 998 2204 d
1020 2164 1087 2195 ico&
1100 2164 1133 2193 A
1226 2165 1308 2203 1348
1326 2173 1460 2193 manum
1475 2162 1507 2192 P

178 2217 256 2247 1351
283 2209 333 2239 vel
346 2209 428 2239 mihi
446 2214 547 2250 opust
637 2210 679 2239 mi
698 2219 762 2239 om.
783 2208 816 2238 A
906 2208 1079 2247 quidlubet
1098 2206 1272 2238 Acidalius
1288 2219 1294 2238 :
1318 2206 1504 2246 quodiubet

172 2252 206 2282 A
224 2263 231 2282 :
254 2253 389 2292 quidem
406 2252 440 2282 P
583 2262 665 2292 1352
689 2253 777 2292 quod
795 2252 918 2292 (luJbet
936 2251 969 2281 A
1116 2261 1197 2290 1353
1221 2261 1288 2282 om.
1310 2251 1342 2280 A
1363 2254 1504 2291 (propter

171 2294 354 2327 homoeotel.
369 2298 395 2335 Ζ)
486 2295 537 2327 vel
565 2297 748 2336 miquidem
839 2296 930 2326 mina
963 2296 1194 2327 Camerarius:
1228 2294 1400 2325 minimam
1432 2292 1498 2324 cod.

175 2348 257 2378 1355
275 2344 391 2371 contra
414 2339 482 2381 me]
501 2344 652 2371 contram
669 2339 702 2369 A
717 2351 724 2370 :
756 2344 873 2371 contra
889 2339 1028 2380 Langen
1118 2339 1182 2369 had
1200 2338 1233 2368 P
1250 2339 1304 2378 (cs.
1326 2337 1412 2369 Trin.
1438 2337 1501 2375 585

173 2381 238 2413 had
249 2387 312 2423 pro
327 2383 432 2425 haud)
570 2393 649 2423 1357
675 2384 757 2414 dixti
774 2382 807 2412 A
943 2384 1025 2422 1358
1048 2382 1132 2421 alter
1149 2382 1181 2411 A
