1783 2707
182 144 234 181 ΙΙ.
258 143 287 179 ii
665 144 710 181 T.
746 142 926 182 MACCI
959 143 1161 180 PLAVTI

470 265 577 292 nouo
597 252 763 291 consilio
783 265 889 291 nunc
910 252 963 290 mi
984 265 1083 303 opus
1104 260 1172 299 est,

469 331 573 356 noua
594 330 653 356 res
675 318 772 356 haec
793 316 924 357 subito
945 317 998 356 mi
1019 316 1210 356 obiectast
1227 332 1234 356 ι
1602 320 1691 356 601a

197 395 236 418 10
255 383 331 422 hoc
360 390 584 433 praeuortar
613 382 806 433 principio
821 397 830 429 3
874 383 985 421 illaec
1014 381 1148 421 omnia
1177 381 1295 420 missa
1324 381 1453 420 habeo
1482 394 1584 431 quae

1188 454 1279 486 ante
1299 460 1412 497 agere
1432 445 1579 498 occepi.

255 513 331 553 iam
353 515 419 565 pol
440 527 512 565 ego
533 515 640 554 hunc
661 513 919 553 stratioticum
941 513 1123 553 nuntium
1153 512 1432 552 aduenientem
1460 512 1584 562 probe

1351 585 1577 629 percutiam.

256 708 335 745 HA.
368 706 512 746 ostium
534 706 696 757 pultabo
717 714 835 756 atque
856 706 960 744 intus
982 705 1160 744 euocabo
1180 704 1351 754 aliquem
1372 705 1484 743 foras.
1508 727 1511 730 ·

255 774 317 810 ΡΒ.
349 772 526 822 quisquis
547 785 598 819 eS‚
622 770 906 821 compendium
927 784 999 820 ego
1020 778 1058 809 te
1078 772 1205 809 facere
1227 769 1405 820 pultandi
1427 771 1544 815 uolo;
1600 773 1666 818 605

253 850 344 875 nam
366 850 438 887 ego
459 844 637 887 precator
657 844 694 874 et
716 843 903 886 patronus
925 835 1072 873 foribus
1094 834 1266 885 processi
1287 835 1400 873 foras.

193 916 229 948 15
253 904 334 941 HA.
366 910 460 941 tune
474 915 514 940 es
530 901 685 940 Ballio?
730 903 791 939 ΡΞ.
824 901 947 939 immo
962 913 1055 939 uero
1069 913 1142 950 ego
1162 900 1245 938 eius
1262 913 1348 938 Sum
1363 899 1577 938 Subballio.

253 969 332 1006 Hx.
366 967 461 1018 quid
490 967 589 1005 istuc
616 965 793 1005 uerbist?
851 968 912 1004 ΡΞ.
945 967 1109 1013 condus,
1132 978 1292 1016 promus
1320 978 1418 1012 sum,
1445 978 1581 1015 procu-

1353 1038 1454 1069 rator
1474 1031 1575 1081 peni.

250 1100 331 1137 HA.
363 1098 474 1149 quasi
488 1107 525 1138 te
542 1098 649 1137 dicas
662 1097 883 1137 atriensem.
935 1099 997 1136 Ps.
1020 1097 1143 1136 immo
1156 1096 1313 1135 atriensi
1328 1109 1400 1146 ego
1413 1095 1575 1146 impero.

250 1166 330 1203 HA.
363 1164 459 1215 quid
480 1172 532 1211 tu,
553 1177 738 1203 seruosne
756 1177 796 1202 es
817 1177 866 1202 an
888 1164 1014 1202 liber?
1053 1165 1114 1201 ΡΞ.
1148 1176 1254 1201 nunc
1275 1161 1436 1212 quidem
1458 1161 1574 1200 etiam
1594 1164 1664 1198 610

1437 1225 1575 1265 seruio.

250 1296 332 1333 HA.
364 1294 416 1333 ita
437 1294 583 1341 uidere,
606 1301 644 1333 et
665 1307 745 1333 non
767 1293 901 1333 uidere
922 1293 1063 1344 dignus
1084 1292 1151 1343 qui
1172 1292 1270 1331 liber
1289 1292 1375 1330 sies.

189 1375 230 1398 20
250 1362 312 1398 ΡΞ.
346 1373 426 1399 non
447 1360 549 1398 soles
572 1359 764 1409 respicere
784 1366 836 1406 te,
857 1372 978 1409 quom
1000 1357 1097 1398 dicis
1119 1357 1262 1409 iniuste
1282 1356 1420 1395 alteri?

251 1427 330 1464 HA.
362 1426 470 1465 hunc
499 1424 703 1464 hominem
734 1425 882 1463 malum
911 1437 997 1463 esse
1026 1430 1191 1475 oportet.
1252 1424 1314 1461 ΡΞ.
1347 1421 1388 1461 di
1415 1435 1478 1460 me
1505 1435 1579 1460 ser-

1180 1495 1273 1526 uant
1292 1494 1411 1537 atque
1430 1494 1574 1533 amant,

248 1569 338 1595 nam
360 1557 457 1595 haec
478 1554 575 1594 mihi
595 1555 706 1594 incus
728 1562 808 1594 est:
840 1555 1057 1606 procudam
1078 1553 1150 1605 e'go
1172 1552 1290 1592 hodie
1317 1552 1410 1591 hinc
1430 1552 1575 1590 multos

1447 1617 1571 1656 dolos.

248 1689 327 1726 HA.
360 1686 457 1738 quid
478 1686 555 1725 illic
577 1688 682 1726 solus
704 1699 839 1725 secum
860 1684 1061 1736 loquitur?
1118 1686 1182 1722 ΡΞ.
1214 1682 1311 1734 quid
1331 1682 1386 1721 ais
1407 1689 1459 1728 tu,
1482 1683 1575 1720 adu-
1595 1687 1662 1732 615

1020 1751 1200 1789 lescens?
1259 1750 1340 1787 HA.
1372 1747 1468 1798 quid
1489 1749 1585 1786 est?

244 1820 305 1856 ΡΞ.
339 1831 432 1856 esne
453 1825 493 1856 tu
515 1831 564 1855 an
586 1830 666 1856 non
688 1829 729 1855 es
750 1816 800 1855 ab
821 1815 888 1854 illo
910 1815 1022 1854 militi
1046 1814 1298 1861 Macedonio,

182 1898 220 1930 25
242 1897 375 1922 seruos
396 1883 493 1923 eiius
514 1883 581 1933 qui
603 1882 694 1921 hinc
714 1896 737 1921 a
756 1882 872 1921 nobis
893 1889 951 1920 est
972 1889 1164 1920 mercatus
1186 1880 1403 1927 mulierem,

242 1948 309 2000 qui
330 1948 477 1998 argenti
499 1961 589 1987 meo
610 1961 675 1987 ero
696 1945 829 1986 lenoni
851 1946 1079 1997 quindecim
1101 1947 1263 1985 dederat
1286 1945 1427 1992 minas,

242 2014 417 2065 quinque
438 2013 587 2052 debet?
644 2013 724 2050 HA.
757 2025 855 2050 sum.
905 2011 976 2050 sed
996 2010 1064 2049 ubi
1085 2018 1126 2049 tu
1148 2024 1210 2049 me
1231 2009 1376 2050 nouisti
1395 2007 1571 2060 gentium

242 2087 308 2118 aut
328 2079 462 2118 uidisti
482 2086 549 2117 aut
570 2079 845 2117 conlocutu's?
875 2091 967 2115 nam
988 2076 1175 2127 equidem
1192 2077 1370 2114 Athenas
1385 2074 1572 2113 antidhac
1592 2080 1662 2115 620

244 2157 460 2195 numquam
491 2143 635 2183 adueni
666 2156 795 2193 neque
826 2150 862 2181 te
891 2142 973 2181 uidi
1003 2149 1094 2180 ante
1122 2143 1228 2179 hunc
1250 2141 1355 2180 diem
1383 2145 1573 2190 umquam

1319 2205 1441 2244 oculis
1463 2204 1570 2244 meis.

288 2309 349 2340 601
378 2308 427 2339 vel
441 2308 521 2339 mihi
542 2307 649 2348 (lroclz.
668 2306 764 2336 dim]
910 2306 991 2336 601a
1014 2305 1123 2336 subito
1142 2304 1222 2336 mihi
1241 2304 1323 2335 haec
1340 2303 1374 2335 P
1505 2303 1570 2342 605

246 2362 309 2392 ego
327 2363 392 2383 om.
410 2352 442 2382 A
579 2351 719 2391 putandi
738 2350 770 2379 P
907 2350 970 2388 607
997 2360 1015 2379 e
1038 2349 1102 2390 (vel
1123 2354 1151 2381 ἕ,
1171 2349 1189 2380 ι’.
1205 2359 1227 2379 c.
1247 2352 1309 2387 est,
1326 2347 1378 2385 es)
1403 2346 1524 2378 oballio
1540 2346 1575 2377 P

248 2397 305 2437 (iv.
320 2398 356 2435 2)
489 2397 554 2426 610
577 2395 673 2436 quid]
693 2394 773 2434 quin
788 2392 820 2423 A
911 2393 962 2423 vel
975 2394 1114 2424 seruo‘u
1237 2393 1301 2422 612
1327 2391 1417 2422 dicas
1433 2390 1466 2420 P
1482 2390 1516 2429 (i.
1533 2391 1569 2430 9)

245 2474 308 2512 614
330 2472 424 2503 dolos
442 2482 485 2502 an
501 2471 596 2503 bolos
614 2470 719 2502 inca-l.
741 2470 774 2501 A
879 2471 942 2510 615
967 2479 1080 2500 secum
1098 2468 1190 2501 solus
1207 2468 1240 2499 P
1339 2468 1403 2499 616
1427 2439 1526 2498 minii
1540 2466 1574 2497 P

247 2516 394 2556 (militite
413 2515 452 2552 Β,
470 2516 574 2546 milite
591 2514 681 2550 PCDJ
817 2513 881 2544 618
898 2522 978 2545 meo
993 2512 1039 2553 eri
1058 2514 1090 2544 A
1110 2525 1116 2544 :
1142 2522 1200 2544 ero
1219 2521 1292 2543 meo
1308 2511 1341 2541 P
1504 2512 1570 2541 620

246 2558 418 2601 equidem]
438 2560 525 2591 idem
542 2558 574 2589 A
671 2553 673 2555 ¹
710 2557 843 2589 athenis
860 2556 893 2588 P
1021 2560 1082 2589 621
1109 2556 1251 2598 adueniJ
1271 2555 1348 2588 ueni
1366 2554 1398 2586 A
