1783 2707
165 153 224 192 IV
261 151 307 189 vi
674 151 718 187 T.
755 147 935 186 MACCI
968 147 1173 184 PLAVTI

260 264 332 301 M1.
366 275 446 300 non
473 260 598 307 faciet,
621 257 779 311 (modo)
799 258 950 296 bonum
971 256 1148 295 animum
1173 255 1288 293 habe'.
1348 256 1414 291 ΡΥ.
1444 260 1485 291 ut
1505 252 1590 303 ipsa

1282 332 1324 357 se
1348 317 1589 357 contemnit!

259 394 330 431 Ac.
364 399 498 430 metuo
538 404 587 429 ne
621 388 865 440 praedicatio
905 395 971 426 tua
1010 399 1116 424 nunc
1156 397 1285 423 meam
1326 382 1491 422 formam
1530 396 1590 421 ex-

1421 454 1586 498 superet.

261 524 333 560 Ml.
366 521 466 560 istuc
487 519 632 565 curaui,
655 527 697 557 ut
718 518 907 570 opinione
928 517 1030 555 illius
1051 514 1250 566 pulchrior
1270 513 1332 552 sis.

261 588 331 624 Ac.
365 585 395 624 si
416 587 482 635 pol
504 598 566 623 me
587 585 695 623 nolet
716 583 860 622 ducere
881 595 1054 628 uxorem,
1077 593 1206 631 genua
1225 579 1438 628 amplectar

201 666 239 698 25
260 658 378 700 atque
399 649 616 700 opsecrabo
634 663 643 696 3
673 647 750 686 alio
772 648 905 693 modo,
928 647 959 684 si
981 659 1062 684 non
1083 643 1206 695 quibo
1226 643 1444 693 impetrare,

261 714 504 754 consciscam
525 715 647 753 letum
665 728 671 751 :
702 712 836 751 uiuere
857 711 941 750 sine
962 711 1029 749 illo
1051 709 1132 749 scio
1153 708 1216 747 me
1237 722 1317 746 non
1339 721 1465 758 posse.

262 783 329 819 ΡΥ.
362 779 651 831 prohibendam
683 785 851 816 mortem
887 774 1039 814 mulieri
1072 774 1201 813 uideo.
1271 771 1451 812 adibon?
1518 772 1587 809 PA.

1404 836 1565 875 minime
1580 850 1591 884 3

260 924 351 949 nam
373 918 413 948 tu
434 917 472 948 te
493 909 611 948 uilem
634 907 785 955 feceris,
806 907 837 946 si
858 915 896 945 te
917 908 1018 945 ultro
1039 905 1221 955 largiere:

260 975 343 1014 sine
364 976 465 1013 ultro
485 973 618 1013 ueniat
635 988 645 1021 3
675 971 877 1023 quaeritet,
901 971 1108 1017 desideret,
1132 976 1329 1020 exspectet

199 1057 241 1089 30
261 1040 344 1078 sine
363 1055 369 1079 :
400 1040 563 1090 perdere
584 1038 699 1077 istam
715 1037 879 1088 gloriam
901 1036 960 1075 uis
981 1035 1100 1086 quam
1117 1034 1262 1073 habes?
1291 1046 1388 1072 caue
1408 1032 1460 1071 sis
1480 1031 1586 1070 faxis.

261 1119 352 1143 nam
373 1103 469 1143 nulli
490 1103 644 1143 mortali
666 1102 748 1141 scio
770 1101 956 1152 optigisse
977 1101 1053 1139 hoc
1074 1098 1149 1137 nisi
1169 1099 1337 1144 duobus,

261 1170 330 1208 tibi
351 1177 389 1208 et
410 1168 563 1207 Phaoni
586 1167 743 1215 Lesbio,
766 1175 846 1205 tam
867 1165 1007 1205 mulier
1027 1164 1068 1204 se'
1089 1172 1132 1203 ut
1151 1171 1308 1203 amaret.

261 1237 333 1273 Ac.
381 1248 429 1273 eo
468 1234 584 1282 intro,
625 1247 675 1271 an
715 1241 756 1271 tu
796 1232 917 1270 illunc
956 1244 1100 1270 euocas
1143 1230 1256 1277 foras,
1301 1242 1390 1267 mea
1433 1226 1591 1279 Milphi-

1442 1293 1592 1344 dippa?

264 1367 336 1404 M1.
369 1365 492 1404 immo
514 1363 764 1415 opperiamur
794 1364 890 1402 dum
920 1369 1032 1401 exeat
1060 1359 1211 1412 aliquis.
1271 1362 1345 1398 Ac.
1368 1360 1508 1398 durare
1528 1372 1592 1396 ne-

1488 1437 1591 1474 queo

203 1511 242 1544 35
264 1496 358 1547 quin
380 1509 467 1534 eam
488 1495 601 1534 intro.
664 1496 737 1532 M1.
769 1495 951 1532 occlusae
977 1500 1067 1532 sunt
1088 1493 1200 1531 fores.
1259 1492 1331 1529 Ac.
1364 1489 1587 1540 ecfringam.

1162 1559 1234 1595 M1.
1268 1570 1362 1594 sana
1381 1569 1462 1594 non
1483 1553 1587 1607 es[t].

261 1629 335 1666 Ac.
369 1626 399 1665 si
418 1625 566 1665 amauit
589 1638 780 1675 umquam
801 1632 869 1663 aut
890 1624 921 1663 si
943 1637 1076 1675 parem
1099 1621 1330 1673 sapientiam
1353 1618 1450 1673 [hic]
1472 1619 1591 1658 habet

1339 1700 1384 1725 ac
1411 1687 1589 1725 formam.

260 1771 328 1809 per
348 1771 522 1796 amorem
544 1756 574 1795 si
596 1756 692 1806 quid
714 1757 856 1801 secero,
882 1753 1065 1794 clementi
1086 1751 1184 1805 (hic)
1204 1752 1337 1791 animo
1358 1751 1543 1802 ignoscet.
1601 1760 1603 1762 ’

263 1824 329 1861 ΡΑ.
354 1831 406 1870 ut,
430 1835 589 1873 quaeso,
605 1835 740 1860 amore
764 1820 953 1871 perditast
975 1828 1011 1858 te
1033 1819 1195 1857 misera!
1245 1820 1312 1856 ΡΥ.
1336 1825 1514 1855 mutuom
1536 1817 1589 1854 fit.

264 1890 331 1927 ΡΑ.
364 1896 459 1935 tace,
478 1901 529 1926 ne
548 1887 693 1926 audiat.
759 1889 830 1925 M1.
857 1886 952 1936 quid
973 1884 1127 1924 astitisti
1148 1883 1391 1935 opstupida?
1419 1896 1492 1933 qur
1511 1896 1592 1921 non

1433 1949 1561 1999 pultas
1576 1949 1594 1987 ?

310 2060 392 2098 1236
417 2051 583 2097 m0d011⁴h>
603 2057 677 2089 add.
702 2059 740 2089 (25
759 2057 822 2088 Leo
932 2056 963 2087 h.
983 2067 1012 2087 a.
1035 2056 1064 2087 b.
1085 2055 1186 2086 Bothe
1356 2063 1436 2092 1242
1461 2052 1590 2083 mulieri

263 2102 362 2133 uideo
382 2102 531 2144 [mulieri
551 2105 653 2141 (-rem
672 2101 778 2142 PCDJ]
799 2101 865 2131 cod.
885 2112 892 2131 :
916 2111 995 2131 corr.
1019 2099 1219 2130 Taubmmm
1384 2107 1466 2136 1243
1490 2096 1589 2127 uelim

261 2145 333 2176 cod.
426 2156 507 2185 1245
533 2146 618 2184 sine,
636 2156 668 2185 p.
688 2145 752 2175 Leo
768 2157 773 2175 :
800 2145 874 2175 sino
891 2155 921 2184 p.
937 2145 1050 2175 (sinon
1067 2154 1098 2184 p.
1113 2143 1196 2181 PU),
1215 2151 1430 2180 summopere
1439 2140 1483 2178 Β)
1498 2140 1564 2170 cod.
1583 2150 1590 2170 ε

263 2189 325 2220 nisi
338 2200 368 2229 p.
384 2189 532 2220 Ritsclzl:
558 2189 614 2220 vix
628 2189 691 2219 sin’
711 2189 746 2227 (ι’.
770 2199 799 2227 q.
827 2189 909 2221 nisi]
938 2198 971 2227 p.
1123 2196 1202 2225 1247
1229 2185 1347 2216 mulier
1372 2195 1409 2215 se
1434 2183 1591 2224 52)ffl²'t²

263 2238 397 2264 muuete
424 2232 531 2273 (PCD)
560 2232 609 2263 vel
622 2234 739 2263 uiuere
758 2231 818 2271 (Β)
836 2231 903 2262 cod.
1057 2231 1142 2268 1248
1167 2230 1242 2260 illuc
1260 2228 1342 2259 cod.:
1366 2239 1449 2259 corr.
1459 2227 1591 2266 Bentley

262 2282 422 2307 euocatus
448 2277 548 2316 (-tum
568 2275 658 2316 PCD)
687 2274 775 2307 cod.:
809 2285 888 2306 corr.
914 2273 1048 2314 quffi‘rt
1127 2278 1184 2303 aut
1212 2278 1248 2304 tu
1273 2273 1364 2303 illum
1391 2272 1457 2302 huc
1484 2280 1590 2302 euoca

262 2320 436 2351 Fleckeisen
602 2328 684 2357 1250
709 2328 782 2349 eam
812 2318 1021 2349 saracenus:
1059 2317 1162 2348 etiam
1201 2315 1268 2347 cod.
1385 2326 1422 2346 es
1452 2313 1592 2354 Pylades

267 2373 344 2402 1251
372 2364 399 2394 si
411 2363 534 2394 amauit
550 2362 780 2394 Cameram'us:
806 2361 975 2393 simulauit
986 2359 1052 2392 cod.
1144 2360 1199 2390 hic
1215 2359 1274 2391 del.
1285 2359 1415 2399 Bentley
1427 2358 1477 2399 (qfi
1491 2358 1589 2397 1252)

267 2417 348 2446 1252
373 2407 426 2437 hic
446 2406 560 2437 addidi
576 2408 627 2436 (ex
648 2416 675 2437 v.
699 2405 797 2447 1251)
902 2405 1055 2444 ignoscet
1074 2403 1186 2435 animo
1206 2402 1285 2433 Reiz
1434 2410 1516 2441 1253
1539 2401 1590 2442 te]

264 2456 321 2482 tuo
338 2449 404 2481 Leo
419 2462 426 2481 2
443 2461 510 2481 om.
528 2450 601 2480 ΡΟ)

980 2522 1002 2532 l

1612 647 1700 682 1240

1612 1037 1696 1074 1245

1613 1502 1702 1539 1250
