1731 2713
673 88 1019 125 TRINVMMVS
1446 89 1513 125 IV.
1536 88 1564 123 ii

182 199 285 244 ,mihi
307 201 573 246 concrederet,
588 199 659 237 nisi
683 199 744 237 me
766 198 829 237 ille
851 198 887 236 et
910 212 982 248 ego
1004 199 1112 236 illum
1135 212 1291 237 nossem
1314 199 1434 249 probe
1448 200 1517 236 Ρ»-

190 267 222 304 C
230 277 267 302 Η.
309 265 413 303 enim
450 279 542 304 uero
574 279 646 315 ego
681 278 786 303 nunc
821 265 1087 314 sycophantae
1122 264 1212 303 huic
1245 265 1516 314 sycophantari

1412 331 1515 375 uolo,

190 395 219 431 si
243 397 347 433 hunc
364 409 523 445 possum
547 395 611 434 illo
629 395 733 433 mille
754 408 961 433 nummum
982 394 1206 444 Philippum
1225 394 1517 433 circumducere

102 464 170 506 960
191 461 297 509 quod
319 460 392 498 sihi
416 474 477 498 me
498 460 655 499 dedisse
676 459 783 507 dixit,
808 473 926 510 quem
949 473 1021 510 ego
1043 459 1109 509 qui
1132 459 1180 497 sit
1201 461 1322 498 homo
1344 460 1476 498 nescio

191 538 318 574 neque
346 525 469 564 oculis
499 532 589 563 ante
620 526 725 563 hunc
755 524 861 563 diem
893 538 1081 574 umquam
1114 524 1205 563 uidi.
1266 524 1353 563 eine
1379 539 1515 563 aurum

1303 591 1513 636 crederem,

189 654 293 705 quoi,
317 654 347 693 si
372 655 509 705 capitis
537 668 595 694 res
620 655 702 702 siet,
727 657 934 693 nummum
963 668 1180 705 numquam
1209 656 1365 694 credam
1394 657 1517 706 plum-

1369 721 1487 759 beum
1501 722 1516 758 ?

188 785 500 836 adgrediundust
539 785 602 824 hic
642 787 763 824 homo
804 785 855 823 mi
894 787 1160 834 astu.-—heus,
1200 787 1290 832 Pax,
1328 793 1364 824 te
1403 784 1516 823 tribu'

1261 850 1390 889 uerbis
1412 852 1514 890 uolo.

188 918 250 954 ΞΥ.
284 917 346 954 uel
368 916 559 955 trecentis.
621 918 697 956 CH.
731 917 861 954 haben
883 924 924 954 tu
946 915 985 954 id
1006 929 1142 954 aurum
1161 916 1269 966 quod
1289 915 1475 966 accepisti
1495 930 1517 954 a

1274 980 1488 1020 Charmide
1502 983 1518 1019 ?

99 1048 164 1092 965
188 1048 250 1085 Sv.
273 1054 392 1096 atque
408 1046 526 1084 etiam
544 1046 782 1096 Philippum,
800 1054 1046 1084 numeratum
1066 1045 1167 1083 illius
1182 1045 1220 1083 in
1237 1059 1371 1084 mensa
1385 1059 1514 1093 manu,

188 1111 294 1150 mille
310 1125 527 1150 nummum.
580 1113 656 1151 CH.
681 1125 824 1162 nempe
840 1112 891 1150 ab
912 1112 997 1162 ipso
1016 1112 1054 1150 id
1071 1111 1254 1162 accepisti
1274 1112 1518 1152 Charmide?

188 1179 250 1216 Sv.
284 1177 425 1215 mirum
446 1177 541 1227 quin
561 1178 612 1216 ab
633 1191 709 1215 auo
730 1177 812 1215 eius
836 1184 903 1215 aut
924 1190 1073 1227 proauo
1097 1176 1316 1226 acciperem
1337 1177 1405 1227 qui
1425 1185 1516 1216 sunt

1358 1242 1511 1281 mortui.

187 1308 264 1347 CH.
296 1309 539 1355 adulescens,
559 1309 757 1346 cedodum
772 1307 872 1346 istuc
885 1321 1021 1346 aurum
1046 1307 1151 1345 mihi.
1212 1310 1274 1346 Sv.
1312 1309 1421 1358 quod
1442 1321 1514 1359 ego

1142 1376 1279 1411 aiirum
1302 1374 1393 1412 dem
1415 1373 1515 1412 tibi?

186 1440 263 1478 CH.
296 1439 405 1489 quod
425 1452 447 1477 a
469 1453 531 1478 me
551 1446 589 1478 te
609 1438 808 1489 accepisse
833 1439 979 1476 fassu’s.
1039 1440 1102 1476 ΞΥ.
1134 1451 1204 1488 aps
1229 1445 1266 1477 te
1286 1437 1515 1489 accepisse?

1176 1504 1254 1543 CH.
1287 1503 1340 1542 ita
1360 1504 1509 1554 loquor.

96 1577 166 1613 970
185 1571 247 1608 ΞΥ.
278 1569 365 1619 quis
387 1577 427 1608 tu
445 1571 566 1608 homo
582 1571 653 1608 es?
696 1570 773 1609 CH.
807 1569 873 1619 qui
892 1569 997 1607 mille
1013 1582 1222 1607 nummum
1239 1568 1310 1607 tibi
1326 1568 1418 1608 dedi
1439 1582 1513 1620 ego

1155 1647 1241 1672 sum
1264 1633 1508 1673 Charmides.

183 1700 246 1737 Sv.
279 1712 407 1750 neque
427 1701 570 1750 edepol
591 1707 631 1738 tu
653 1699 684 1738 is
701 1713 741 1739 es
762 1713 891 1750 neque
912 1699 1032 1738 hodie
1053 1698 1083 1737 is
1105 1712 1294 1749 umquam
1316 1698 1400 1746 eris,
1416 1713 1511 1738 auro

1222 1763 1313 1802 huic
1334 1764 1506 1814 quidem.

181 1829 245 1868 abi
267 1829 327 1876 sis,
352 1836 517 1879 nugator
535 1844 541 1867 :
571 1829 706 1880 nugari
727 1829 905 1880 nugatori
926 1830 1111 1879 postulas.

182 1896 259 1935 CH.
296 1893 529 1934 Charmides
557 1908 630 1944 ego
651 1907 747 1933 sum.
809 1896 871 1933 Sv.
910 1893 1151 1944 nequiquam
1182 1894 1312 1932 hercle
1342 1907 1394 1941 es,
1417 1907 1508 1932 nam

1195 1958 1291 1996 nihil
1311 1958 1392 1997 auri
1414 1960 1506 1998 fero.

181 2025 296 2065 nimis
316 2032 449 2075 argute
469 2023 569 2076 <me>
588 2025 796 2075 obrepsisti
818 2025 856 2063 in
878 2038 995 2075 eapse
1015 2024 1316 2064 occasiuncula:

223 2140 285 2170 957
311 2130 360 2161 vel
374 2129 447 2160 med
552 2141 651 2162 nosse
675 2130 798 2170 api-obe
823 2129 888 2161 cod.
911 2129 956 2169 <A
971 2135 1034 2171 pro
1062 2129 1111 2167 M)
1195 2131 1364 2162 nouissem
1386 2129 1512 2161 Rt'tsclel

180 2174 330 2215 approbe
349 2173 559 2205 Camerarius
663 2185 728 2214 959
745 2174 895 2214 philippo
913 2174 1019 2204 ciuem
1040 2174 1163 2204 ducere
1180 2174 1246 2205 cod.
1265 2185 1271 2204 :
1288 2185 1365 2205 corr.
1383 2174 1511 2205 Ra'tsclzl

180 2220 241 2257 961
269 2219 345 2248 eine
370 2226 487 2248 aurum
506 2216 719 2249 Camerarius
736 2230 743 2248 z
774 2218 851 2248 eine
877 2218 996 2247 mirum
1014 2217 1079 2248 cod.
1101 2217 1203 2257 <M1R
1217 2223 1279 2258 pro
1296 2217 1410 2258 AVR)
1429 2229 1436 2248 ε
1475 2217 1505 2248 ei

182 2262 338 2292 nimirum
355 2261 428 2293 Ital.
527 2263 590 2301 965
616 2262 665 2292 vel
685 2261 896 2302 philippeum
925 2262 984 2301 (ita
1003 2260 1085 2300 cod.)
1219 2263 1281 2301 967
1306 2262 1387 2301 quin
1405 2261 1506 2292 ltal.:

180 2306 261 2345 quid
279 2305 341 2336 cod.
473 2308 539 2345 969
563 2310 595 2337 te
613 2316 632 2336 a
649 2316 702 2336 me
719 2305 810 2342 Reiz,
830 2303 962 2335 Mahler
1082 2314 1147 2344 970
1172 2309 1222 2335 est
1239 2304 1304 2335 cod.
1440 2315 1501 2345 971

181 2350 248 2379 tuis
265 2359 321 2380 ses
343 2348 407 2380 cod.
430 2349 522 2390 (corr.
541 2348 591 2389 D)
701 2359 766 2388 972
790 2347 843 2379 abi
862 2347 1093 2378 Camerarius:
1119 2347 1167 2377 asi
1185 2347 1250 2378 cod.
1363 2358 1426 2387 974
1452 2359 1504 2379 me

180 2392 257 2424 add.
277 2393 406 2424 Ritschl
416 2404 423 2425 ς
463 2398 581 2432 argute
599 2391 678 2435 (tu)
694 2392 864 2432 Niemeyer
949 2390 1103 2422 obresisti
1119 2391 1184 2422 cod.

1542 214 1594 244 ¹15

1541 671 1601 693 120

1542 1192 1598 1223 ¹25

1532 1848 1592 1879 130
