1783 2707
195 109 223 146 1.
246 109 276 145 ii
633 107 678 142 T.
713 105 893 142 MACCI
927 103 1131 140 PLAVTI

246 221 312 258 D1.
349 232 420 257 uos
449 216 543 255 mihi
571 214 732 255 dedistis
760 213 894 252 otium.
955 215 1022 251 As.
1061 212 1142 263 qui,
1168 211 1341 250 amabo?
1398 212 1463 248 D1.
1500 223 1572 260 ego

1364 274 1569 324 expedibo.

245 363 325 389 rem
347 347 498 400 perdidi
520 347 624 397 apud
646 359 728 392 uos,
751 358 822 383 uos
844 357 976 382 meum
998 341 1199 393 negotium
1220 340 1443 392 apstulistis.

245 415 275 454 si
296 428 377 453 rem
399 425 625 458 seruassem,
648 410 720 448 fuit
740 409 807 448 ubi
828 408 1054 458 negotiosus
1075 420 1212 446 essem.
1595 411 1662 447 140

246 483 313 518 As.
346 494 395 518 an
417 487 457 517 tu
480 485 517 516 te
538 475 702 515 Veneris
723 474 927 526 publicum
948 480 1015 511 aut
1035 471 1193 510 Amoris
1213 470 1288 509 alia
1308 472 1393 521 lege

185 555 225 587 45
246 545 390 584 habere
412 556 526 594 posse
547 542 720 592 postulas
742 539 837 590 quin
859 538 1008 578 otiosus
1029 538 1129 575 fias?

248 612 313 649 D1.
359 609 433 656 illa,
466 608 571 645 haud
605 619 690 656 ego,
730 604 868 643 habuit
902 603 1105 654 publicum
1123 617 1130 640 2
1171 614 1355 652 peruorse
1387 599 1573 650 interpre-

1459 664 1575 714 taris;

246 753 336 777 nam
358 739 570 776 aduorsum
592 738 717 785 legem
740 747 869 772 meam
895 733 947 772 ob
969 746 1098 771 meam
1125 731 1356 782 scripturam
1379 731 1574 781 pecudem

1458 795 1571 845 cepit.

245 872 313 908 As.
346 868 520 920 plerique
542 866 646 906 idem
669 866 777 915 quod
799 872 839 902 tu
861 863 955 902 facis
977 862 1125 901 faciunt
1146 862 1199 900 rei
1221 862 1321 900 male
1341 868 1542 911 gerentes:
1596 873 1658 909 145

246 935 313 974 ubi
334 948 415 972 non
436 941 492 972 est
514 932 742 982 scripturam
765 931 871 968 unde
892 931 999 976 dent,
1024 928 1205 966 incusant
1226 926 1470 978 publicanos.

187 1017 227 1048 50
249 1002 314 1038 D1.
347 1000 448 1037 male
469 997 586 1036 uortit
607 1010 666 1035 res
688 994 869 1046 pecuaria
890 993 986 1032 mihi
1007 995 1113 1043 apud
1135 1006 1205 1031 uos
1224 1007 1230 1030 :
1261 1005 1367 1030 nunc
1388 990 1560 1030 uicissim

248 1066 340 1103 uolo
361 1064 504 1102 habere
525 1062 806 1100 aratiunculam
828 1073 898 1111 pro
920 1058 1035 1109 copia
1054 1058 1119 1096 hic
1138 1058 1244 1108 apud
1265 1070 1347 1095 uos.
1371 1099 1374 1102 ,

247 1132 315 1168 As.
348 1143 426 1167 non
448 1141 561 1166 aruos
583 1127 657 1174 hic,
681 1127 750 1165 sed
771 1133 955 1176 pascuost
975 1138 1088 1175 ager:
1119 1123 1150 1162 si
1170 1122 1363 1161 arationes

246 1194 446 1241 habituris,
470 1195 537 1243 qui
557 1193 652 1230 arari
675 1193 813 1238 solent,
840 1191 890 1229 ad
912 1203 1055 1240 pueros
1076 1189 1130 1227 ire
1153 1188 1320 1227 meliust.
1596 1197 1661 1235 150

246 1261 352 1298 hunc
372 1272 444 1297 nos
465 1259 656 1296 habemus
678 1256 892 1307 publicum,
916 1254 970 1293 illi
991 1254 1055 1293 alii
1076 1261 1166 1293 sunt
1188 1251 1398 1304 publicani.

187 1336 226 1368 55
251 1328 315 1363 Di.
348 1332 534 1373 utrosque
555 1321 743 1373 pergnoui
764 1320 897 1371 probe.
948 1322 1016 1358 As.
1050 1333 1112 1358 em
1134 1319 1232 1357 istoc
1253 1319 1318 1368 pol
1339 1324 1381 1355 tu
1402 1315 1575 1365 otiosu's,

249 1403 369 1441 quom
401 1396 438 1428 et
465 1388 542 1427 illic
569 1395 607 1427 et
636 1387 699 1425 hic
729 1398 937 1438 peruorsus
959 1398 1010 1424 es.
1071 1385 1140 1423 sed
1167 1383 1354 1422 utriscum
1381 1395 1463 1421 rem
1491 1394 1576 1420 esse

1420 1446 1576 1486 mauis?

248 1523 312 1560 D1.
345 1519 588 1572 procaciores
610 1518 691 1557 esti'
713 1530 795 1565 uos,
819 1517 888 1555 sed
909 1515 963 1554 illi
984 1513 1182 1566 peiiuriosi
1197 1528 1208 1562 ;

247 1586 320 1625 illis
341 1585 439 1636 perit
460 1583 654 1635 quidquid
675 1584 788 1622 datur
809 1595 938 1632 neque
960 1580 1053 1631 ipsis
1073 1586 1234 1630 apparet
1254 1577 1466 1629 quicquam
1483 1591 1490 1615 :
1595 1583 1656 1621 155

248 1665 320 1690 uos
341 1652 477 1689 saltem
499 1649 530 1688 si
551 1648 646 1699 quid
668 1646 863 1698 quaeritis,
888 1645 1070 1685 exhibitis
1091 1653 1128 1684 et
1149 1643 1343 1683 comestis.

189 1722 230 1755 60
249 1725 448 1768 postremo
469 1715 519 1753 illi
542 1721 632 1753 sunt
653 1712 819 1763 inprobi,
843 1725 916 1750 uos
937 1724 1108 1761 nequam
1131 1717 1168 1749 et
1188 1708 1389 1760 gloriosae.

250 1785 317 1820 As.
350 1782 451 1819 male
472 1793 573 1830 quae
593 1779 632 1817 in
654 1792 726 1816 nos
747 1777 815 1825 ais,
839 1790 885 1815 ea
905 1776 1038 1815 omnia
1059 1775 1129 1814 tibi
1150 1774 1258 1822 dicis,
1283 1773 1508 1820 Diniarche,

295 1887 356 1924 138
380 1885 523 1916 otiosum
540 1884 572 1914 P
657 1881 729 1923 qui]
749 1882 828 1921 quid
850 1879 946 1923 [iam]
963 1879 997 1910 P
1011 1879 1068 1920 (iv.
1084 1880 1117 1919 3⁸)
1254 1888 1316 1918 139
1337 1877 1426 1918 apud
1439 1886 1501 1907 uos
1514 1886 1577 1907 uos

247 1941 313 1960 om.
332 1929 365 1958 P
541 1936 596 1966 141
625 1927 713 1957 bene
741 1936 795 1956 res
820 1924 853 1955 P
878 1926 913 1965 (i.
930 1935 955 1955 e.
984 1923 1142 1963 Veneris)
1323 1931 1382 1959 142
1407 1930 1527 1960 posses
1546 1919 1580 1950 P

247 1984 278 2013 q.
290 1978 323 2003 tu
336 1972 473 2003 otiosius
487 1970 591 2010 (osius
606 1970 649 2001 Β)
663 1970 695 1999 Ρ
775 1979 833 2007 144
853 1978 961 1999 meam
976 1966 1103 1998 Sclroell
1111 1977 1150 1997 ex
1161 1965 1310 1997 charisio
1325 1975 1385 2003 140
1394 1964 1576 2005 (pecudem

237 2016 425 2057 fem.gen.)
443 2026 450 2045 :
475 2024 527 2044 me
545 2014 577 2043 A
596 2025 601 2043 z
635 2024 743 2044 amem
763 2013 795 2043 P
810 2013 856 2053 (ii.
877 2013 909 2053 7)
1001 2011 1122 2051 accipit
1138 2009 1171 2040 P
1303 2017 1426 2047 145—77
1444 2007 1528 2038 deest
1542 2006 1576 2036 A

249 2069 308 2099 145
336 2059 491 2098 Plerique
516 2057 752 2088 Camerarius:
783 2055 939 2096 Fierique
964 2055 1031 2086 cod.
1141 2052 1291 2093 gerentis
1307 2051 1381 2082 ΡΟ)
1516 2051 1577 2090 148

246 2104 343 2143 copia
359 2103 411 2133 hic
430 2101 666 2133 Camerarius:
691 2100 809 2140 copiae
834 2099 874 2129 lic
887 2099 1021 2138 (copiae
1038 2097 1127 2132 PCD')
1145 2096 1210 2127 cod.
1233 2096 1293 2136 (iii,
1314 2105 1343 2134 p.
1364 2094 1421 2135 49)
1515 2103 1577 2133 149

246 2157 366 2187 pascus
384 2151 436 2177 est
453 2155 556 2185 agere
574 2145 601 2174 si
620 2145 769 2175 rationes
782 2143 846 2174 cod.
866 2154 873 2173 :
897 2154 975 2173 corr.
988 2141 1076 2180 Ital„
1094 2140 1190 2171 Valla
1305 2148 1366 2178 150
1389 2135 1575 2169 habituru's

245 2191 321 2221 Ital.
467 2199 526 2228 152
553 2188 774 2228 percognouit
799 2187 894 2217 trobe
919 2185 983 2216 cod.
1003 2197 1009 2216 z
1040 2195 1119 2215 corr.
1137 2182 1280 2224 Spengel
1295 2182 1412 2222 (probe
1429 2180 1574 2220 Merula)

247 2245 299 2265 em
319 2235 452 2275 Geppem
468 2245 474 2263 :
508 2233 595 2263 idem
613 2232 679 2263 cod.
778 2240 837 2269 153
861 2240 897 2260 es
914 2229 986 2260 Ital.
1004 2241 1011 2260 ε
1036 2238 1111 2259 esse
1125 2227 1189 2258 cod.
1285 2236 1344 2265 154
1369 2224 1574 2265 periuriores

246 2278 330 2308 Brix
435 2277 496 2316 156
520 2276 666 2306 etbibitis
683 2273 747 2305 cod.
762 2275 812 2314 (et
824 2279 885 2314 pro
903 2283 966 2309 ex;
983 2283 1013 2312 v,
1028 2282 1059 2312 p.
1076 2272 1135 2310 85)
1147 2281 1154 2301 :
1168 2270 1251 2309 fort.
1270 2269 1402 2300 ebibitis
1418 2268 1470 2309 (ef.
1485 2267 1532 2298 ad
1543 2277 1573 2298 v.

249 2323 323 2361 171)
436 2330 495 2359 157
522 2328 665 2358 nequam
680 2317 830 2348 Merula:
856 2326 955 2355 quam
974 2315 1038 2346 cod.
1123 2313 1259 2353 gloriosi
1275 2312 1355 2344 cod.:
1382 2321 1459 2342 corr.
1481 2309 1574 2352 Valla

250 2366 310 2404 158
327 2365 375 2395 ais
389 2363 522 2404 scripffl':
548 2362 613 2393 illis
630 2363 710 2402 (pro
726 2361 824 2401 aiisss)
842 2359 927 2392 cod.:
954 2360 1005 2390 uis
1022 2357 1086 2388 Leo

968 2512 990 2523 l
