1783 2707
193 139 246 175 II.
269 149 298 173 v
691 137 736 172 T.
773 135 952 173 MACCI
986 135 1188 171 PLAVTI

272 247 380 293 ubi's,
405 245 674 295 Astaphium?
703 246 759 283 fer
778 245 856 282 huc
877 244 1091 282 uerbenam
1114 243 1166 281 mi
1193 243 1296 281 intus
1316 250 1354 281 et
1375 242 1542 281 bellaria.
1619 247 1687 290 480

272 314 363 350 date
377 324 518 361 aquam
535 310 727 349 manibus.
761 322 866 347 nunc
883 316 1035 347 ecastor
1049 311 1138 349 †um
1154 308 1329 348 uenirct†
1344 308 1454 346 miles
1469 308 1597 347 uelim.

211 425 724 461 viSTRATOPHANES
807 424 1185 460 PHRONESIVM
1268 424 1601 459 ASTAPHIVM

272 507 419 544 STRAT.
453 507 515 545 Ne
537 504 779 555 exspectetis,
804 511 1054 555 spectatoreS‚
1078 516 1184 542 meas
1205 516 1356 554 pugnas
1377 505 1472 542 dum
1499 517 1603 554 prae-

1449 568 1576 608 dicem
1595 585 1601 609 :

271 637 453 676 manibus
474 638 605 675 duella
626 635 851 686 praedicare
872 637 992 681 soleo,
1015 636 1123 673 haud
1144 634 1184 672 in
1205 634 1461 673 sermonibus.

271 703 353 741 scio
374 715 446 752 ego
468 703 612 740 multos
634 699 915 739 memorauisse
936 699 1078 738 milites
1100 699 1352 738 mendacium
1372 715 1379 737 ε

271 776 309 807 et
332 766 607 806 Homeronida
628 773 665 805 et
686 766 842 816 postilla
863 765 969 804 mille
990 764 1197 804 memorari
1218 772 1357 815 potest,
1622 771 1686 816 485

234 849 250 879 5
272 833 339 884 qui
360 841 398 872 et
419 831 591 871 conuicti
612 839 650 870 et
671 830 925 870 condemnati
946 830 1051 869 falsis
1071 831 1122 869 de
1142 829 1282 880 pugnis
1303 829 1413 868 sient.

272 897 370 952 [non
405 898 645 936 laudandust
683 896 777 947 quoi
812 897 899 946 plus
935 895 1058 934 credit
1097 894 1164 946 qui
1203 893 1359 946 audi<i>t
1386 908 1505 945 quarn
1537 895 1604 945 qui

1477 958 1604 1013 uidet]

272 1044 350 1070 non
381 1033 508 1082 placet
539 1042 659 1080 quem
693 1028 747 1067 illi
778 1029 864 1079 plus
899 1029 1062 1067 laudant
1093 1026 1161 1078 qui
1193 1026 1358 1066 audiunt
1387 1040 1506 1078 quarn
1536 1027 1603 1077 qui

1453 1091 1599 1131 uident.

269 1162 388 1213 pluris
409 1169 467 1200 est
488 1162 666 1199 oculatus
687 1159 795 1198 testis
817 1173 917 1198 unus
939 1172 1057 1208 quam
1079 1157 1192 1196 auriti
1213 1159 1353 1197 decem
1368 1173 1377 1206 3

269 1227 336 1278 qui
356 1226 522 1266 audiunt
541 1225 676 1264 audita
697 1224 845 1272 dicunt,
864 1223 931 1274 qui
952 1223 1089 1263 uident
1110 1224 1226 1274 plane
1246 1222 1384 1261 sciunt.
1621 1236 1692 1273 490

213 1308 252 1331 ιο
271 1306 350 1332 non
372 1294 499 1342 placet
520 1304 638 1341 quem
660 1303 814 1328 scurrae
834 1290 1008 1336 laudant,
1033 1288 1293 1338 manipulares
1314 1287 1532 1335 mussitant,

270 1371 400 1408 neque
421 1357 474 1395 illi
491 1369 659 1406 quorum
681 1355 812 1405 lingua
832 1354 1051 1405 gladiorum
1073 1353 1197 1392 aciem
1220 1352 1465 1404 praestringit
1481 1352 1599 1393 domi.

269 1422 415 1461 strenui
437 1421 560 1460 nimio
580 1422 668 1471 plus
689 1427 852 1470 prosunt
873 1421 1022 1470 populo
1044 1432 1163 1469 quam
1183 1426 1318 1469 argute
1339 1418 1415 1457 cati
1435 1435 1441 1458 :

269 1488 381 1527 facile
402 1487 476 1526 sibi
496 1485 778 1525 facunditatem
801 1484 922 1523 uirtus
943 1491 1118 1534 argutam
1139 1483 1300 1530 inuenit,

270 1553 353 1592 sine
374 1552 507 1591 uirtuti
526 1558 707 1601 argutum
728 1550 856 1589 ciuem
878 1549 975 1588 mihi
995 1549 1163 1588 habeam
1184 1562 1255 1599 pro
1276 1550 1453 1599 praefica,
1621 1558 1687 1595 495

213 1635 249 1667 15
270 1633 371 1670 quae
391 1619 487 1657 alios
509 1618 732 1663 conlaudat,
756 1629 874 1667 eapse
895 1629 979 1655 sese
1000 1629 1094 1654 uero
1116 1629 1195 1654 non
1217 1624 1356 1666 potest.

313 1725 376 1762 480
401 1723 454 1753 ubi
472 1722 627 1762 saphilirn
645 1721 710 1752 cod.
735 1733 740 1752 :
766 1732 847 1752 corr.
864 1721 951 1759 Ital„
972 1721 1099 1752 Parens
1188 1722 1231 1752 mi
1249 1722 1338 1752 intus
1352 1722 1392 1759 (2)
1412 1720 1603 1752 Buecheler:

268 1767 349 1798 mihi
366 1772 419 1798 tus
436 1766 502 1797 cod.
647 1766 706 1804 481
737 1766 813 1796 data
830 1774 929 1804 quam
947 1764 1011 1796 cod.
1105 1765 1265 1796 adueniat
1289 1764 1447 1796 Mueller:
1470 1764 1603 1796 uenerit

271 1811 504 1842 Camerarius:
533 1814 568 1841 ut
591 1809 702 1840 ueniat
723 1808 859 1839 Gm'elns
989 1809 1052 1847 482
1078 1809 1154 1839 dum
1183 1819 1316 1849 pugnas
1340 1808 1452 1847 Bothe,
1470 1808 1605 1847 favente

269 1853 491 1886 allitteratione
643 1854 706 1892 483
731 1853 843 1883 duella
867 1851 1072 1883 Gronovius:
1097 1852 1217 1884 duellis
1234 1852 1299 1884 cod.
1391 1852 1601 1892 predicarem

269 1898 334 1930 cod.
458 1898 521 1937 484
546 1898 821 1928 memorauissem
841 1895 907 1927 cod.
1032 1897 1095 1935 485
1121 1896 1375 1927 homeronidam
1402 1896 1468 1926 cod.
1488 1906 1494 1925 :
1519 1905 1598 1926 corr.

270 1941 336 1972 Leo
423 1946 500 1981 post
523 1941 612 1972 illam
639 1940 684 1971 illi
710 1940 774 1972 cod.
793 1952 798 1971 :
829 1950 906 1972 corr.
933 1938 1131 1979 Saracenas,
1153 1940 1365 1972 Cameram’us
1452 1939 1501 1969 vel
1521 1943 1601 1979 pote

270 1986 334 2024 486
359 1985 480 2025 pugnis
498 1984 731 2016 Camerarius:
757 1994 890 2025 pugnas
908 1982 972 2014 cod.
1133 1985 1194 2024 487
1219 1984 1276 2015 del.
1300 1983 1385 2014 Brix
1473 1983 1600 2013 auditat

269 2027 395 2060 Scltoell
473 2038 571 2068 quam
589 2027 691 2071 (ille)
709 2028 786 2067 Leo,
807 2027 903 2059 Goetz
1040 2029 1104 2068 488
1128 2028 1187 2059 del.
1203 2027 1336 2059 Guietus
1405 2036 1505 2066 quem
1522 2025 1601 2056 Aci-

270 2072 403 2104 dalius:
435 2083 509 2104 eum
535 2072 594 2102 cod
702 2082 800 2112 quam
834 2071 928 2104 Ital.:
962 2072 1038 2111 quia
1065 2071 1139 2102 PCD
1167 2071 1206 2111 (q
1223 2071 1268 2111 B)
1425 2071 1489 2109 489
1513 2079 1602 2100 unus

270 2116 401 2147 Paulus
420 2126 491 2156 179,
516 2116 679 2157 Apuleius
696 2116 775 2155 flor.
812 2125 839 2154 1,
867 2126 908 2146 2:
944 2126 1009 2147 om.
1035 2115 1099 2147 cod.
1129 2115 1196 2153 (vii.
1227 2115 1262 2155 6)
1360 2113 1459 2144 auriti
1483 2113 1600 2144 decem

271 2160 411 2199 Paulus,
432 2160 612 2200 Apuleius:
645 2160 754 2191 aurite
781 2160 877 2190 decet
906 2159 971 2190 cod.
1000 2159 1068 2191 (vii.
1095 2160 1128 2197 2)
1220 2158 1270 2189 vel
1284 2158 1404 2189 auritei
1536 2166 1601 2196 490

271 2205 386 2235 audita
412 2204 510 2236 Ital:
533 2205 666 2235 auditas
689 2203 754 2234 cod.
831 2204 939 2233 scient
966 2203 1039 2233 PCD
1149 2213 1210 2242 491
1238 2201 1402 2233 mussitan
1418 2200 1484 2232 cod.
1505 2202 1596 2239 (corr.

273 2248 313 2287 C)
434 2258 498 2287 493
514 2252 610 2287 argut
635 2248 735 2286 (—guit
754 2245 827 2277 BC
852 2247 957 2276 eccati
979 2246 1044 2277 cod.
1071 2247 1144 2286 (pro
1167 2250 1286 2285 argute
1310 2245 1406 2283 cati):
1430 2244 1541 2283 arguti
1563 2249 1598 2274 et

272 2292 336 2323 cati
354 2291 484 2323 Merula
572 2302 635 2331 494
652 2295 803 2329 argutam
829 2290 1015 2320 Turnebus:
1039 2295 1158 2329 arguta
1173 2288 1238 2321 cod.
1331 2297 1394 2328 495
1411 2287 1462 2319 vel
1474 2288 1598 2319 uirtute

273 2346 334 2375 pro
352 2336 499 2377 praefica
515 2334 619 2366 Varro
635 2334 672 2365 de
688 2333 727 2365 L.
747 2334 787 2364 L.
806 2344 834 2372 7.
856 2343 897 2372 7⁰
915 2333 965 2374 (cf.
984 2333 1114 2364 Nonius
1128 2334 1204 2373 67):
1224 2332 1374 2373 prosecta
1385 2331 1450 2363 cod.
1534 2331 1600 2370 496

273 2380 359 2410 alios
381 2379 470 2410 codd.
487 2378 608 2409 Nonii:
633 2379 714 2409 alias
740 2377 806 2408 cod.
897 2377 945 2408 vel
967 2387 1069 2417 eapsa
1158 2387 1185 2408 c.
1215 2386 1318 2416 eapsa
1343 2375 1439 2416 (abse
1455 2373 1544 2416 PCD)
1562 2383 1599 2406 se

275 2434 356 2454 uero
374 2422 438 2454 cod.
458 2435 464 2454 z
492 2422 695 2453 conlaudare
713 2432 731 2452 a
748 2431 784 2452 se
802 2431 883 2451 uero
901 2420 990 2452 codd.
1011 2419 1115 2451 Nonii
1130 2432 1136 2451 :
1160 2429 1237 2451 corr.
1257 2419 1361 2450 Bothe

955 2519 978 2529 l
