1731 2713
733 71 970 110 STICHVS

1430 75 1498 111 IV.
1519 75 1548 111 ii

179 193 396 230 numquam
418 181 559 232 edepol
577 193 638 219 me
655 179 790 220 uiuom
807 181 1016 232 quisquam
1033 182 1073 220 in
1090 182 1302 221 crastinum
1324 182 1504 233 inspiciet

1371 248 1477 287 diem
1494 263 1503 296 3

178 322 268 347 nam
292 309 387 348 mihi
409 310 486 348 iam
507 310 611 349 intus
632 310 794 360 potione
815 310 955 350 iuncea
976 312 1150 351 onerabo
1171 313 1301 362 gulam

90 378 159 422 640
178 388 306 425 neque
333 388 405 425 ego
433 376 509 414 hoc
536 375 784 415 committam
814 384 855 415 ut
884 390 948 416 me
977 390 1062 416 esse
1092 377 1274 416 homines
1305 385 1502 416 mortuom

1179 443 1312 482 dicant
1334 445 1503 483 same.—

678 631 911 679 ACTVS
960 632 1005 678 V

712 743 954 780 STICHVS

231 835 346 873 More
367 835 444 874 hoc
465 836 507 874 fit
528 843 647 885 atque
669 837 785 874 stulte
807 849 894 874 mea
915 835 1109 874 sententia
1128 851 1134 874 :

229 899 259 938 si
283 913 401 950 quem
424 899 627 939 hominem
648 907 886 950 exspectant,
910 914 1001 939 eum
1023 902 1149 939 solent
1170 900 1370 951 prouisere
1386 915 1396 949 3

229 965 296 1015 qui
323 964 327 1015 l
354 966 483 1004 hercle
505 965 569 1003 illa
590 979 727 1004 caussa
748 965 858 1004 ocius
878 965 1002 1004 nihilo
1024 966 1142 1004 uenit.

228 1029 332 1068 idem
355 1043 427 1080 ego
449 1043 554 1068 nunc
575 1029 688 1077 facio,
711 1030 778 1080 qui
799 1030 958 1080 prouiso
980 1030 1221 1080 Sagarinum,

86 1097 154 1142 645
229 1094 296 1144 qui
317 1094 440 1134 nihilo
460 1094 574 1133 citius
595 1094 727 1133 ueniet
748 1102 880 1133 tamen
901 1096 975 1134 hac
995 1095 1125 1145 gratia.

1522 740 1602 778 V.i

1526 1116 1542 1148 5

229 1159 306 1198 iarn
328 1161 458 1199 hercle
479 1173 552 1211 ego
573 1160 812 1199 decumbam
835 1162 954 1208 solus,
976 1160 1007 1198 si
1029 1160 1093 1199 ille
1113 1162 1191 1199 huc
1212 1174 1292 1199 non
1314 1161 1433 1200 uenit.

228 1227 371 1265 cadum
392 1227 514 1266 modo
535 1226 627 1265 hinc
647 1240 670 1265 a
691 1239 754 1265 me
774 1227 852 1265 huc
872 1240 964 1265 cum
985 1226 1080 1265 uino
1101 1228 1339 1275 transferam,

226 1291 407 1343 postidea
425 1292 670 1331 accumbam.
734 1291 845 1342 quasi
865 1291 931 1330 nix
950 1291 1115 1330 tabescit
1136 1291 1288 1331 dies.—

469 1405 836 1443 SANGARINVS
947 1404 1190 1442 STicflvs

228 1488 292 1526 SA.
325 1488 491 1533 Saluete‚
515 1488 708 1533 Athenae,
731 1498 833 1535 quae
853 1484 1024 1524 nutrices
1047 1485 1248 1534 Graeciae,

85 1560 155 1605 650
224 1550 307 1604 (te),
331 1560 430 1591 terra
450 1551 551 1591 erilis
572 1550 706 1601 patria,
729 1558 766 1589 te
787 1550 906 1590 uideo
926 1550 1078 1589 lubens.

226 1618 296 1656 sed
316 1616 443 1655 amica
463 1630 550 1655 mea
570 1623 609 1655 et
629 1629 821 1655 conserua
841 1615 937 1666 quid
957 1623 1046 1665 agat
1067 1615 1326 1665 Stephanium

226 1690 388 1729 curaest,
412 1689 454 1720 ut
474 1683 614 1720 ualeat.
673 1695 764 1720 nam
787 1680 924 1720 Sticho
948 1682 1230 1719 mandaueram

225 1749 391 1786 salutern
412 1755 455 1785 ut
475 1746 671 1786 nuntiaret
691 1754 810 1797 atque
831 1746 867 1785 ei
887 1754 929 1784 ut
950 1746 1097 1785 diceret
1225 1742 1232 1746 ’

226 1825 290 1851 me
310 1812 429 1851 hodie
450 1819 671 1858 uenturum,
695 1819 737 1850 ut
758 1825 896 1851 cenam
918 1818 1104 1861 coqueret
1125 1810 1300 1861 temperi.

84 1879 150 1925 655
225 1877 295 1915 sed
316 1876 471 1916 Stichus
492 1884 550 1915 est
570 1876 809 1926 hicquidem.
869 1878 948 1915 ST1.
980 1875 1116 1923 fecisti,
1139 1889 1213 1923 ere,
1237 1875 1406 1923 facetias,

224 1955 347 1993 quom
367 1943 444 1981 hoc
465 1941 664 1981 donauisti
685 1943 794 1980 dono
815 1949 926 1980 tuom
947 1955 1104 1980 seruom
1126 1941 1316 1980 Stichum.

224 2021 295 2058 pro
315 2007 355 2046 di
375 2007 602 2046 inmortales
620 2010 626 2045 Ξ
657 2014 754 2057 quot
775 2019 848 2056 ego
869 2007 1092 2057 uoluptates
1113 2007 1207 2055 fero,

214 2112 280 2151 639
309 2112 430 2142 uincea
456 2111 514 2144 (ita
538 2110 620 2151 BD)
647 2109 812 2152 D'Qvidzb
894 2111 1042 2141 onerado
1070 2110 1103 2140 A
1255 2112 1321 2150 640
1344 2121 1397 2141 me

171 2165 290 2186 omnes
315 2159 482 2186 mortuum
507 2154 562 2186 A:
598 2155 754 2185 homines
773 2158 941 2185 mortuum
959 2165 1012 2185 me
1030 2153 1064 2184 P
1211 2155 1272 2193 641
1299 2159 1404 2185 stutte

1517 1405 1548 1443 ii

1422 2120 1500 2142 esse

1434 2155 1497 2204 (B)

170 2199 221 2229 vel
233 2199 336 2229 stuite
354 2199 421 2237 (est
437 2198 526 2229 uitae
543 2198 633 2239 PCD)
649 2198 683 2228 P
810 2200 874 2236 643
899 2197 1075 2228 nihilotius
1093 2196 1126 2227 P
1253 2199 1316 2236 644
1342 2197 1498 2237 Sangari-

100 2231 106 2238 ⁶
171 2252 250 2273 num
269 2242 358 2274 codd.
379 2242 473 2279 (corr.
492 2241 540 2282 D)
558 2253 564 2272 :
589 2252 633 2272 an
651 2241 861 2281 Sangarumte
994 2241 1121 2279 648-81
1149 2240 1299 2281 defim'tA

169 2287 324 2325 postidea
355 2285 500 2316 Rz'tschl:
532 2290 651 2325 postea
675 2285 739 2316 cod.
851 2284 948 2324 quasi
978 2285 1035 2315 nix
1061 2284 1187 2316 Bothe:
1226 2295 1396 2324 quasenex

169 2330 235 2369 650
258 2335 292 2361 te
308 2329 440 2361 addidi:
463 2327 528 2372 (0)
544 2334 634 2360 terra
651 2328 841 2359 Lambinus

1433 2243 1499 2281 648

1433 2285 1497 2317 cod.
