1731 2713
735 124 961 161 RVDENS
1432 125 1506 162 III.

180 235 263 272 Di.
297 241 468 283 optume,
493 232 592 271 istuc
614 234 874 271 nolueramus.
940 232 1032 271 iube
1054 233 1175 271 modo
1195 234 1358 271 accedat
1379 245 1508 283 prope.

185 305 253 336 tun
275 298 567 348 legerupionem
589 297 652 336 hic
674 297 787 337 nobis
809 311 899 336 cum
920 297 980 336 dis
1002 299 1127 336 facere
1151 299 1353 347 postulas?

1530 124 1576 160 iv

96 376 166 412 710
184 375 360 413 pugnum
399 362 438 400 in
482 376 526 401 os
569 361 753 413 impinge.
831 364 900 400 LA.
933 361 1068 412 iniqua
1116 363 1212 400 haec
1255 362 1380 412 patior
1422 376 1549 409 cumf.

1287 427 1411 476 pretio
1432 435 1509 465 tuo.

187 493 261 530 DA.
293 500 333 531 at
371 492 488 531 etiam
523 491 723 530 minitatur
756 493 915 531 audax?
972 493 1042 530 LA.
1075 491 1134 530 ius
1170 505 1300 530 meum
1335 500 1511 542 creptum

1325 565 1382 595 est
1405 557 1510 605 mihi,

183 635 289 661 meas
311 622 407 661 mihi
426 622 587 662 ancillas
607 622 733 661 inuito
754 635 818 661 me
838 621 964 672 eripis.
1024 623 1098 659 TR.
1132 622 1234 660 habe
1255 621 1425 661 iudicem

181 688 232 726 de
252 695 389 726 senatu
411 686 627 737 Cyrenensi
647 687 829 737 quemuis
850 688 1082 737 opulentum
1105 686 1243 733 uirum,

181 751 213 790 si
235 760 319 791 tuas
340 755 425 791 e'sse
446 760 600 803 oportet
620 752 711 790 niue
733 765 798 790 eas
819 753 904 791 esse
925 760 1079 802 oportet
1101 751 1240 790 liberas

94 831 159 868 715
181 831 258 856 neu
280 825 317 856 te
337 817 376 855 in
399 831 592 856 carcerem
614 816 814 868 compingi
834 817 1004 867 aequom
1027 824 1084 855 est
1105 825 1353 867 aetatemque
1374 818 1427 857 ibi

180 890 217 920 te
239 896 363 932 usque
384 882 569 929 habitare,
593 883 722 921 donec
743 890 869 920 totum
891 896 1086 921 carcerem
1108 882 1347 921 contriueris.

180 949 250 985 LA.
283 960 364 985 non
385 947 504 986 hodie
525 947 587 986 isti
608 947 662 985 rei
682 946 893 997 auspicaui,
918 954 960 985 ut
981 960 1071 985 cum
1094 947 1274 986 furcifero
1296 949 1455 987 fabuler.

179 1013 216 1050 te
236 1025 310 1062 ego
329 1013 496 1062 appello.
544 1014 620 1050 DA.
644 1025 733 1050 cum
755 1011 853 1050 istoc
873 1011 1043 1061 primum
1066 1012 1132 1061 qui
1154 1019 1190 1050 te
1212 1012 1323 1051 nouit
1339 1013 1505 1064 disputa.

178 1078 248 1115 LA.
281 1085 412 1116 tecum
445 1091 529 1127 ago.
601 1079 677 1115 TR.
709 1077 818 1127 atqui
853 1090 1009 1116 mecum
1043 1078 1288 1127 agendumst.
1365 1087 1507 1118 suntne

1096 1142 1183 1181 illae
1204 1144 1368 1183 ancillae
1388 1147 1507 1184 tuae?

89 1220 159 1256 720
177 1209 249 1246 LA.
294 1215 395 1247 sunt.
472 1210 548 1247 TR.
593 1210 764 1261 agedum
803 1222 906 1259 ergo,
947 1215 1063 1258 tange
1108 1209 1297 1247 utramuis
1342 1209 1506 1260 digitulo

1184 1274 1350 1314 minimo
1371 1276 1503 1314 modo.

176 1339 245 1376 LA.
278 1338 373 1388 quid
397 1338 429 1377 si
458 1338 650 1388 attigero?
706 1340 782 1376 TR.
815 1340 1012 1389 extemplo
1043 1340 1172 1378 hercle
1202 1353 1275 1390 ego
1305 1347 1343 1378 te
1372 1341 1506 1380 follem

1228 1405 1505 1456 pugilatorium

173 1469 314 1507 faciam
335 1477 373 1507 et
394 1471 635 1520 pendentem
656 1469 867 1508 incursabo
888 1469 1040 1520 pugnis,
1063 1469 1344 1520 peiiurissume.

173 1535 244 1572 LA.
277 1534 372 1572 mihi
393 1548 473 1573 non
494 1534 609 1573 liceat
630 1548 737 1573 meas
758 1534 920 1573 ancillas
937 1535 1102 1574 Veneris
1125 1537 1174 1574 de
1195 1549 1259 1574 ara
1279 1536 1505 1576 abducere?

173 1600 248 1637 DA.
281 1612 362 1638 non
414 1599 504 1638 licet
523 1615 529 1638 :
577 1600 631 1639 ita
678 1607 737 1639 est
775 1602 837 1639 lex
874 1601 982 1651 apud
1022 1614 1094 1639 nos
1108 1625 1159 1629 —-
1173 1603 1243 1639 LA.
1277 1601 1372 1639 mihi
1411 1615 1502 1640 cum

1190 1666 1330 1705 uostris
1350 1667 1502 1717 legibus

86 1737 150 1775 725
171 1729 268 1768 nihil
288 1737 347 1769 est
362 1731 584 1770 commerci.
644 1730 830 1782 equidem
847 1730 939 1770 istas
955 1730 1033 1769 iam
1049 1732 1186 1770 ambas
1203 1733 1369 1770 educam
1386 1733 1498 1771 foras.

171 1802 224 1842 tu,
246 1809 374 1843 senex,
398 1796 429 1834 si
450 1796 542 1836 istas
562 1810 681 1844 amas,
705 1798 783 1835 huc
804 1796 916 1836 arido
937 1805 1136 1847 argentost
1157 1810 1255 1848 opus
1271 1811 1281 1845 3

170 1860 202 1899 si
220 1869 352 1899 autem
373 1862 518 1900 Veneri
539 1863 876 1913 complacuerunt,
899 1863 1053 1911 habeat,
1078 1862 1109 1901 si
1129 1870 1333 1913 argentum
1354 1862 1475 1902 dabit.

171 1928 246 1965 DA.
279 1926 320 1966 di
340 1927 410 1966 tibi
430 1935 634 1978 argentum
655 1931 661 1967 ἕ
691 1942 798 1967 nunc
813 1930 916 1968 adeo
934 1942 1062 1967 meam
1079 1935 1121 1967 ut
1137 1928 1235 1967 scias
1252 1927 1498 1976 sententiam,

168 1991 340 2043 occipito
360 1994 481 2032 modo
501 1993 575 2033 illis
595 1995 745 2033 adferre
766 1993 848 2032 uim
869 1993 1000 2033 ioculo
1021 1994 1290 2045 pauxillulum,

213 2099 340 2137 708—12
364 2099 397 2129 A
417 2110 449 2130 n.
465 2099 484 2131 l.
579 2110 641 2140 709
665 2104 724 2131 tun
751 2099 982 2133 Camerarius:
1015 2105 1095 2132 tunc
1118 2099 1185 2132 cod.
1278 2099 1441 2139 nobisque
1463 2105 1498 2131 et

169 2141 221 2172 dis
241 2141 279 2182 (ξ)
300 2142 364 2173 Leo
494 2153 556 2183 714
581 2154 640 2174 eas
665 2153 740 2175 esse
770 2149 907 2184 oportet
935 2144 1090 2176 Merula:
1115 2155 1173 2176 eas
1195 2148 1331 2184 oportet
1354 2154 1430 2175 esse
1453 2144 1494 2184 P,

169 2185 203 2215 A
222 2196 254 2216 n.
273 2185 293 2216 Ι.
313 2185 363 2226 (cf.
382 2184 430 2217 ad
442 2196 469 2218 v.
490 2187 566 2226 736)
690 2196 752 2227 715
777 2193 829 2218 est
846 2199 987 2228 aequom
1005 2188 1070 2219 cod.
1088 2187 1179 2225 (ordo
1196 2199 1262 2218 non
1278 2187 1472 2227 Plautinus)
1490 2199 1497 2218 ε

169 2229 241 2260 trat'.
268 2229 382 2260 Gt'mrn
395 2241 405 2260 .·
429 2229 479 2260 vel
492 2235 665 2270 aequomst
789 2236 867 2271 post
882 2227 936 2262 ibi·
944 2235 1025 2272 spat.
1043 2232 1077 2262 in
1093 2231 1178 2271 ΡΠ),
1199 2231 1285 2262 unde
1301 2231 1343 2261 ibi
1362 2230 1497 2273 (tuam)

167 2271 295 2303 Schoell
396 2283 458 2312 720
482 2274 650 2312 agendum
666 2273 732 2306 cod.
837 2285 899 2315 723
925 2276 1095 2306 adducere
1111 2275 1146 2305 P
1247 2285 1308 2314 724
1333 2285 1399 2305 non
1419 2275 1497 2305 licet

166 2315 216 2345 vel
230 2326 297 2346 non
315 2315 394 2346 licet
411 2317 456 2347 ita
478 2316 518 2357 P,
538 2317 570 2347 A
594 2328 626 2348 n.
649 2317 669 2348 l.
813 2328 875 2357 725
901 2319 982 2349 vix*
1001 2318 1084 2349 nihil
1101 2322 1154 2349 est
1171 2317 1316 2358 (utputa
1331 2316 1492 2360 (senex),

168 2358 251 2388 nihil
276 2360 343 2397 est)
370 2358 418 2399 (A
435 2370 467 2389 n.
485 2359 522 2397 l.)
668 2361 731 2400 726
753 2362 890 2393 amabas
912 2361 987 2392 ΡΟ)
1013 2363 1088 2403 (pro
1113 2362 1180 2392 -bis
1191 2363 1217 2403 2)
1352 2363 1416 2401 728
1439 2362 1494 2392 dei

167 2411 212 2432 an
229 2402 286 2433 det
301 2402 407 2434 incert.
423 2403 455 2433 A
473 2414 480 2434 :
506 2403 548 2434 do
563 2402 598 2434 P
687 2408 723 2435 ut
740 2404 827 2436 scias
846 2415 955 2436 meam
971 2405 1006 2436 P

1345 2458 1407 2491 23*

1532 831 1569 853 10

1529 1222 1566 1254 Ῑ5

1523 1745 1563 1767 20
