1731 2713
707 115 1027 153 I’SEV1)OIA'S
1461 117 1529 153 IV.
1553 117 1614 153 vii

188 238 368 274 >sequere
395 233 446 263 tu.
507 238 612 264 nunc
634 239 682 264 ne
704 225 936 275 exspectetis
959 226 1054 264 dum
1080 226 1153 263 hac
1184 226 1348 264 domum
1372 227 1528 264 redeam

1444 305 1505 328 uia
1521 306 1529 338 3

97 363 181 399 1235
204 353 255 392 ita
277 368 334 393 res
355 362 499 404 gestast
517 370 523 392 :
552 355 756 405 angiporta
777 356 874 394 haec
895 363 1044 394 certum
1066 363 1123 394 est
1145 355 1413 394 consectarier.

205 420 284 456 HA.
317 418 347 457 si
377 421 580 470 graderere
611 428 762 458 tantum
798 428 990 470 quantum
1025 421 1196 469 loquere,
1229 419 1304 457 iam
1341 434 1444 458 esses
1479 422 1528 459 ad

1335 486 1529 523 10111111.ᾖ

203 550 273 586 ΒΑ.
300 557 487 588 certumst
508 549 602 587 mihi
624 551 729 588 hunc
751 551 1007 589 emortualem
1030 550 1155 588 facere
1177 564 1222 588 ex
1244 549 1362 587 natali
1384 550 1515 589 die.—

791 661 815 698 S
833 672 842 696 1
862 672 889 697 M
905 671 930 697 O
1550 657 1626 693 viii

202 744 309 780 Bene
331 755 403 792 ego
424 741 533 780 illum
555 741 672 792 tetigi,
697 742 799 780 bene
820 750 952 780 autem
974 755 1108 781 seruos
1129 741 1331 780 inimicum
1355 755 1479 780 suom.

201 820 306 845 nunc
327 807 380 844 mi
401 815 550 845 certum
572 814 630 845 est
650 806 726 845 alio
748 814 864 856 pacto
887 807 1085 845 Pseudolo
1106 806 1267 845 insidias
1288 808 1380 845 dare

94 885 182 918 1240
200 885 318 921 quam
340 871 379 909 in
399 871 483 909 aliis
504 871 722 910 comoediis
743 873 795 918 fit,
819 872 887 910 ubi
908 885 997 909 cum
1020 871 1186 910 stimulis
1206 879 1272 910 aut
1294 871 1420 921 flagris

199 936 454 975 insidiantur:
484 944 523 974 at
544 950 616 986 ego
637 936 713 974 iam
735 936 839 974 intus
861 950 1039 986 promam
1062 936 1199 986 uiginti
1220 936 1346 974 minas

199 1015 295 1052 quas
316 996 476 1051 promisi
497 1001 528 1039 si
550 1001 776 1049 ecfecisset3
806 1001 967 1040 obuiam
989 1001 1023 1039 ei
1045 1003 1146 1040 ultro
1167 1002 1350 1040 deferam.
1549 1017 1565 1048 5

198 1066 314 1104 nimis
335 1066 412 1104 illic
434 1066 606 1104 mortalis
628 1067 780 1113 doctus,
804 1065 911 1104 nimi'
932 1073 1126 1112 uorsutus‚
1151 1065 1256 1103 nimi'
1279 1068 1428 1113 malus,-

199 1131 396 1181 superauit
418 1132 554 1169 dolum
576 1131 793 1169 Troianum
815 1131 933 1180 atque
954 1130 1108 1183 Vlixem
1132 1131 1361 1169 Pseudolus.

92 1209 154 1243 124
161 1208 176 1245 5
199 1209 304 1234 nunc
321 1196 387 1234 ibo
403 1195 515 1243 intro,
533 1203 737 1246 argentum
754 1209 945 1246 promam,
964 1196 1164 1234 Pseudolo
1180 1194 1340 1233 insidias
1355 1195 1528 1234 dabo.—

694 1462 928 1510 ACTVS
977 1464 1022 1510 V

691 1565 1021 1602 PSEVDOLVS
1544 1561 1630 1598 V.i

356 1650 466 1701 Quid
486 1651 592 1689 hoc?
623 1649 744 1689 sicine
765 1651 841 1689 1100
863 1651 918 1698 fit,
940 1651 1092 1700 pedes?
1121 1649 1238 1688 statin
1260 1663 1308 1688 an
1331 1651 1443 1688 non?

353 1731 404 1755 an
425 1717 465 1755 id
486 1715 602 1754 uoltis
623 1724 665 1754 ut
686 1729 748 1754 me
769 1715 862 1754 hinc
883 1715 1077 1754 iacentem
1098 1715 1246 1765 aliquis
1261 1716 1400 1753 tollat?

303 1795 394 1820 nam
415 1783 545 1819 hercle
566 1780 597 1818 si
618 1780 809 1828 cecidero,
834 1788 1011 1819 uostrum
1033 1779 1103 1818 erit
1124 1779 1324 1830 flagitium.

299 1847 465 1899 pergitin
486 1848 673 1897 pergere?
702 1847 752 1884 ah
772 1849 778 1884 1
809 1846 1066 1885 saeuiendum
1089 1845 1143 1884 mi
1163 1844 1283 1884 hodie
1305 1852 1362 1884 est
1377 1860 1387 1892 ‚-

86 1927 175 1963 1250
461 1925 646 1962 magnum
668 1913 744 1951 hoc
766 1911 904 1950 uitium
926 1912 1020 1950 uino
1042 1919 1099 1950 est
1117 1926 1123 1949 :
1540 1926 1557 1957 5

352 1980 473 2028 pedes
494 1985 624 2028 captat
645 1977 826 2028 primum,
850 1979 1016 2016 luctator
1037 1978 1227 2015 dolosust.

349 2045 525 2094 profecto
546 2045 688 2094 edepol
709 2056 782 2092 ego
803 2056 908 2081 nunc
928 2042 1052 2092 probe
1073 2042 1202 2080 habeo
1224 2042 1443 2080 madulsam
1460 2057 1467 2079 :

238 2158 319 2187 1234
351 2148 402 2189 tu]
431 2152 465 2179 te
488 2147 521 2178 P
587 2148 621 2178 in
649 2146 818 2187 d(0m‘·um
845 2147 912 2178 exit
931 2146 965 2177 A
990 2148 1016 2183 (2
1041 2147 1059 2178 i.
1076 2158 1098 2178 e.
1127 2146 1183 2177 uia
1206 2146 1340 2177 redeam
1367 2146 1515 2183 domum)

195 2193 278 2231 1236
302 2197 431 2223 tantum
449 2195 608 2232 quantum
626 2191 659 2221 A
679 2195 717 2221 ut
731 2191 794 2222 vid.
813 2202 820 2221 :
844 2195 971 2222 tantum
989 2190 1023 2220 P
1147 2200 1229 2229 1240
1252 2189 1368 2230 quam]
1387 2200 1463 2220 narn
1482 2190 1513 2219 A

194 2245 272 2274 1241
299 2236 403 2276 intus]
423 2235 549 2266 inultus
568 2234 671 2275 (PBG)
692 2235 742 2265 vel
757 2235 881 2265 inuitus
900 2235 966 2272 (T)
985 2233 1018 2264 P
1139 2243 1220 2272 1242
1245 2233 1348 2264 seram
1367 2232 1413 2271 A,
1432 2233 1518 2264 unde

191 2280 329 2309 offeram
355 2279 492 2319 Seyffert
629 2288 710 2317 1243
735 2278 867 2308 doctust
889 2277 1017 2308 Ritschl
1031 2276 1079 2315 (A
1100 2287 1132 2308 n.
1151 2277 1188 2313 l.)
1291 2277 1391 2307 nimis
1415 2276 1515 2307 nimis

190 2328 347 2353 uorsutus
360 2322 443 2351 ——A
538 2331 620 2360 1245
639 2321 693 2352 ibo
707 2321 781 2352 Ital.
801 2333 808 2352 ε
833 2322 876 2351 ibi
891 2321 930 2361 P,
944 2321 977 2351 A
993 2332 1024 2352 n.
1043 2321 1062 2351 l.
1158 2321 1241 2358 1246
1257 2320 1306 2349 vel
1320 2320 1378 2351 fit?
1396 2320 1511 2359 pedes,

187 2366 290 2396 statin
391 2375 471 2404 1247
496 2365 660 2396 iacentem
675 2364 750 2396 Ital.
769 2375 775 2394 τ
800 2370 968 2395 tacentem
986 2364 1026 2402 P,
1045 2363 1077 2393 A
1092 2364 1158 2394 n.l.
1254 2373 1337 2402 1249
1360 2364 1511 2393 seruien-

188 2410 267 2440 dum
283 2409 460 2440 Hermann
479 2408 524 2449 (A
545 2419 575 2439 n.
590 2409 627 2449 l.)
718 2409 775 2439 vix
790 2407 891 2439 hodie
983 2416 1065 2446 1252
1090 2407 1174 2438 abeo
1193 2405 1241 2447 <A
1261 2417 1292 2437 n.
1309 2406 1348 2447 l.)
1361 2406 1512 2437 madulsa

186 2453 320 2494 Lipsius
