1731 2713
631 113 1031 151 MOSTELLARIA
1465 110 1494 147 Ι.
1516 108 1545 146 ii
1604 154 1611 160 ρ

386 227 482 263 haec
504 224 781 263 uerecundiam
805 224 856 261 mi
879 232 916 262 et
938 223 1090 261 uirtutis
1113 223 1275 261 modum

86 303 152 337 140
384 290 608 329 deturbauit
629 289 855 339 detexitque
875 302 898 326 a
919 289 1010 327 med
1032 287 1145 335 ilico3

384 355 538 406 postilla
559 354 731 405 optigere
753 368 838 392 eam
861 354 1070 404 neglegens
1092 352 1155 390 fui.

168 420 358 459 continuo
380 434 448 471 pro
470 420 593 459 imbre
613 433 722 458 amor
741 419 904 458 aduenit
925 418 988 459 †in
1011 432 1077 457 cor
1098 421 1266 463 meum†‚

168 484 198 523 is
220 499 343 535 usque
364 485 402 523 in
425 493 561 535 pectus
582 484 837 535 permanaust,
861 483 1140 534 permadefecit
1160 496 1227 521 cor
1248 495 1390 520 meum.
1512 487 1555 520 60

382 564 487 588 nunc
508 550 623 588 simul
645 563 714 597 res,
739 550 847 595 fides,
872 550 983 595 fama,
1008 548 1140 595 uirtus,
1165 549 1286 586 decus

85 626 145 662 145
221 616 476 654 deseruerunt
494 629 500 653 :
531 629 603 665 ego
624 629 710 653 sum
732 614 770 652 in
792 628 864 652 usu
886 616 1010 652 factus
1032 613 1154 652 nimio
1176 612 1350 663 nequior.

165 687 284 730 atque
304 681 446 730 edepol
478 681 529 718 ita
559 681 655 718 haec
686 679 792 729 tigna
821 678 1026 717 timiditate
1056 685 1218 728 putent:
1249 691 1329 716 non
1357 676 1495 715 uideor

1398 741 1493 779 mihi

166 809 305 849 sarcire
327 823 442 861 posse
462 810 570 848 aedis
592 823 698 848 meas
719 809 814 860 quin
836 817 941 848 totae
962 817 1174 859 perpetuae
1196 815 1320 854 ruant,

166 888 256 914 cum
278 877 537 914 fundamento
558 875 741 926 perierint
768 889 840 914 nec
861 874 1070 925 quisquam
1092 888 1176 914 esse
1196 873 1340 912 auxilio
1361 879 1490 923 queat.
1512 877 1552 919 65

381 954 447 979 cor
468 942 574 980 dolet
596 954 717 991 quom
739 940 820 979 scio
842 947 883 978 ut
904 953 1011 978 nunc
1031 953 1117 978 sum
1138 947 1257 990 atque
1278 946 1319 977 ut
1340 936 1405 986 fui,

18 1041 23 1045 .
82 1020 148 1057 150
381 1019 460 1056 quo
481 1020 610 1056 neque
631 1004 842 1045 industrior
862 1006 912 1043 de
932 1004 1138 1043 iuuentute
1158 1011 1239 1042 erat

382 1084 400 1104 *
513 1085 530 1105 ³¹<
645 1084 662 1104 *
777 1084 794 1104 *
907 1077 988 1108 arte
1007 1068 1272 1120 gymnastica:

379 1136 500 1183 disco,
524 1135 656 1183 hastis,
679 1135 767 1186 pila,
791 1149 918 1181 cumn,
940 1134 1067 1181 armis,
1092 1148 1195 1184 equo

541 1200 769 1239 uictitabam
791 1202 922 1250 uolup,
1513 1208 1553 1243 70

219 1265 455 1316 parsimonia
476 1274 514 1305 et
534 1264 676 1305 duritia
696 1264 954 1314 discipulinae
975 1264 1082 1303 alieis
1103 1278 1220 1311 eram,

82 1343 143 1380 155
219 1330 371 1380 optumi
392 1329 538 1381 quique
559 1329 795 1380 expetebant
815 1343 838 1367 a
859 1343 921 1368 me
942 1328 1163 1368 doctrinam
1185 1327 1271 1367 sibi.

219 1409 338 1444 nunc,
358 1403 568 1446 postquam
595 1393 706 1433 nihili
733 1408 831 1441 sum,
855 1393 894 1433 id
922 1407 1016 1433 uero
1044 1401 1201 1444 meopte
1229 1392 1386 1444 ingenio
1411 1407 1493 1444 rep-

1395 1472 1488 1508 peri.

208 1579 620 1617 PHILEMATIVM
733 1578 954 1616 SCAPHA
1039 1578 1445 1615 PHILOLACHES
1510 1578 1555 1616 iii

164 1667 344 1704 PHILEM.
378 1668 463 1704 Iam
484 1665 635 1717 pridem
653 1673 804 1705 ecastor
824 1664 962 1715 frigida
983 1678 1063 1703 non
1084 1663 1162 1703 laui
1184 1663 1295 1714 magi'
1312 1664 1492 1702 lubenter

163 1744 237 1770 nec
258 1744 378 1781 quom
400 1744 463 1770 me
485 1730 633 1778 melius,
657 1744 745 1769 mea
765 1731 930 1780 Scapha,
954 1743 1038 1768 rear
1058 1743 1142 1768 esse
1163 1730 1383 1768 deficatam.

163 1798 226 1835 SC.
257 1803 423 1835 euentus
444 1795 559 1835 rebus
580 1795 777 1842 omnibus,
801 1796 909 1834 uelut
930 1795 1057 1833 horno
1079 1793 1215 1833 messis
1237 1807 1379 1844 magna

79 1868 145 1903 160
164 1861 246 1900 fuit.
296 1863 476 1899 PH1LEM.
509 1861 605 1911 quid
626 1875 672 1899 ea
692 1860 829 1899 messis
849 1859 988 1899 attinet
1004 1861 1054 1898 ad
1077 1873 1205 1898 meam
1223 1859 1492 1898 lauationem?

211 1975 270 2005 139
294 1966 424 1997 domum
461 1965 542 2005 Fay,
564 1965 643 2005 fort.
681 1968 755 1996 recte
941 1974 1002 2004 140
1026 1965 1226 2005 detexitque
1259 1964 1489 1996 Camerarius:

164 2008 283 2050 [texiff
295 2009 490 2050 detexitque
502 2008 568 2040 cod.
583 2009 628 2039 ‘iv
649 2008 686 2047 3)
748 2007 798 2040 vel
811 2018 864 2039 me
884 2007 943 2048 (ita
961 2008 1046 2049 cod.)
1170 2019 1227 2047 14¹
1257 2009 1406 2048 opticere
1423 2009 1487 2041 cod.

163 2053 334 2093 (optinere
350 2051 413 2090 3²)
504 2063 544 2084 ea
562 2052 696 2093 Seyffert
828 2062 888 2090 ¹42
913 2051 945 2083 in
970 2062 1027 2083 cor
1051 2063 1160 2083 meum
1187 2052 1239 2093 (cf.
1262 2052 1354 2094 143)]
1382 2053 1492 2092 tetigit

163 2096 267 2135 guttis
284 2096 466 2136 grandibus
483 2095 549 2127 Leo
566 2096 620 2132 (ex
634 2096 747 2127 Front.
768 2105 798 2134 p.
820 2096 877 2134 27)
1002 2105 1062 2134 144
1086 2095 1292 2137 decus[que]
1311 2096 1398 2129 cod.:
1424 2107 1490 2136 que

161 2139 220 2171 drl.
239 2139 343 2170 Bothe
468 2141 529 2177 146
546 2138 720 2170 umiditate
741 2138 883 2178 Ussing:
907 2139 1019 2170 umide
1036 2138 1102 2170 cod.
1121 2151 1127 2171 :
1152 2141 1264 2171 umide
1281 2138 1392 2183 <iam)
1407 2140 1490 2171 Her-

164 2193 268 2213 mann
358 2187 476 2223 putant
497 2182 563 2214 cod.
584 2186 673 2220 (corr.
691 2181 752 2222 3²)
843 2182 942 2213 uideo
962 2182 1026 2214 cod.
1165 2185 1226 2222 148
1249 2194 1322 2214 cum
1344 2183 1490 2214 Ritschl:

164 2225 277 2267 [quin]
297 2235 370 2257 curn
388 2226 453 2258 cod.
473 2228 549 2266 (pro
564 2227 664 2266 qum?
682 2225 722 2256 iv.
740 2236 781 2265 3;
807 2226 842 2266 cf
862 2225 933 2256 Mil.
957 2227 1032 2266 172)
1125 2236 1182 2266 151
1208 2227 1364 2257 lacunam
1383 2228 1417 2258 in
1432 2227 1490 2258 ΡΑ

163 2269 214 2308 (cſs
236 2270 312 2309 129)
330 2271 375 2301 sic
387 2269 521 2311 explevit
540 2269 663 2309 Ussing
676 2268 871 2311 (quisquam
889 2279 953 2300 nec
970 2268 1115 2312 clarior>
1250 2280 1309 2309 152
1334 2271 1403 2302 filia
1420 2271 1484 2302 cod.

163 2314 254 2353 (corr.
266 2312 327 2353 ΒΩ)
435 2322 495 2352 154
520 2313 740 2352 parsimoniae
757 2312 882 2343 duritia
898 2313 968 2343 cod.
983 2324 989 2343 :
1013 2323 1092 2343 corr.
1111 2313 1186 2344 Izal.
1302 2324 1360 2353 155
1387 2319 1452 2345 tam
1470 2326 1489 2345 e

160 2355 226 2387 cod.
249 2357 340 2397 (corr.
361 2355 423 2397 132)
516 2366 575 2395 157
599 2356 649 2386 vel
665 2366 761 2395 mage
862 2364 922 2395 159
945 2356 994 2386 vel
1008 2361 1166 2387 euentust
1256 2357 1305 2388 vel
1318 2358 1488 2389 omnibust
