1783 2707
181 137 258 174 III.
279 116 299 173 i*
690 139 734 175 T.
772 139 950 177 MACCI
983 139 1188 175 PLAVTI

197 266 256 286 100
277 248 339 286 dic
363 257 398 286 te
420 250 613 294 daturum,
638 257 680 286 ut
700 249 826 287 abeat.
886 250 964 286 TH.
998 262 1099 298 egon
1120 248 1249 287 dicam
1272 250 1392 287 dare?
1621 253 1688 298 633

274 316 349 352 ΤΚ.
383 315 481 353 dice.
532 317 610 352 ΤΗ.
644 316 799 364 egone?
847 316 923 352 ΤΗ.
956 322 997 352 tu
1018 314 1137 364 ipsus.
1188 315 1251 352 dic
1274 316 1406 361 modo,
1425 315 1602 352 ausculta

1492 379 1599 417 mihi.

274 444 468 495 promitte,
491 459 561 495 age
583 445 744 494 inquam
762 460 769 482 z
800 458 872 494 ego
894 444 1023 483 iubeo.
1083 447 1162 483 TH.
1195 446 1390 495 responde
1411 444 1530 482 mihi:
1623 443 1688 487 635

276 510 371 559 quid
393 524 440 548 eo
461 518 518 548 est
538 517 700 559 argento
721 511 899 548 sactum?
946 512 1021 547 TR.
1056 511 1207 548 saluom
1229 518 1297 548 est.
1352 512 1430 547 TH.
1463 510 1604 548 soluite

277 582 431 613 uosmet
452 574 577 624 igitur,
602 574 631 612 si
654 576 855 612 saluomst.
916 575 991 611 TR.
1024 574 1132 612 aedis
1150 574 1250 612 filius

198 654 254 685 105
277 648 364 677 tuos
395 639 499 678 emit.
569 641 648 676 ΤΗ.
681 638 820 677 aedis?
885 641 960 676 TR.
993 638 1112 677 aedis.
1177 641 1255 677 TH.
1288 653 1410 690 eugae
1428 642 1434 677 1
1475 639 1604 677 Philo-

1471 705 1602 743 laches

275 771 454 821 patrissat
472 786 477 809 :
510 770 585 809 iam
608 772 730 808 homo
753 769 792 807 in
814 778 1032 808 mercatura
1052 770 1226 809 uortitur.

274 836 337 874 ain
360 844 412 884 tu,
435 836 574 874 aedis?
630 837 706 873 TR.
739 835 848 874 aedis
869 835 1043 885 inquam.
1103 837 1172 874 sed
1193 835 1275 874 scin
1297 835 1581 886 quoiusmodi?
1622 839 1692 881 640

276 903 353 938 ΤΗ.
387 901 453 951 qui
489 901 585 940 scire
620 902 812 952 possum?
869 903 944 938 TR.
978 902 1056 938 uah
1077 904 1082 938 !
1139 903 1219 939 ΤΗ.
1252 900 1347 951 quid
1382 902 1468 939 est?
1524 903 1600 939 TR.

1346 980 1396 1004 ne
1416 979 1479 1004 me
1499 979 1601 1015 roga.

275 1034 353 1069 ΤΗ.
388 1045 478 1070 nam
501 1030 596 1081 quid
618 1030 703 1068 ita?
759 1032 835 1068 TR.
869 1032 1165 1080 speculoclaras,
1190 1031 1403 1069 candorem
1425 1044 1587 1069 merum.

196 1113 254 1133 110
275 1098 353 1133 ΤΗ.
388 1097 489 1135 bene
511 1097 640 1134 hercle
662 1097 818 1133 sactum.
880 1095 987 1145 quid,
1010 1109 1075 1134 eas
1096 1095 1231 1146 quanti
1253 1095 1453 1134 destinat?

276 1164 353 1199 TR.
384 1161 539 1200 talentis
563 1160 712 1211 magnis
735 1159 900 1198 totidem
922 1168 1019 1210 quot
1039 1173 1112 1210 ego
1133 1168 1172 1198 et
1191 1167 1233 1198 tu
1254 1173 1402 1198 sumus.

277 1229 345 1266 sed
367 1226 547 1266 arraboni
568 1228 638 1264 has
659 1225 770 1264 dedit
791 1225 1049 1276 quadraginta
1069 1224 1195 1263 minas
1210 1240 1221 1274 3
1622 1229 1690 1274 645

278 1293 369 1331 hinc
391 1292 557 1343 sumpsit
578 1305 675 1342 quas
698 1290 730 1330 ei
753 1291 948 1329 dedimus
1009 1290 1109 1329 satin
1130 1290 1350 1340 intellegis?

279 1372 369 1396 nam
391 1365 601 1408 postquam
624 1358 722 1394 haec
743 1356 861 1394 aedes
883 1354 936 1394 ita
957 1362 1079 1402 erant,
1099 1362 1141 1393 ut
1162 1354 1240 1394 dixi
1265 1354 1349 1403 tibi,

201 1437 254 1469 115
278 1424 467 1462 continuo
488 1431 546 1462 est
566 1422 660 1461 alias
680 1421 789 1461 aedis
810 1429 1004 1460 mercatus
1025 1420 1109 1459 sibi.

277 1491 357 1527 TH.
388 1490 491 1527 bene
512 1489 641 1527 hercle
663 1489 820 1526 factum.
882 1489 959 1525 DA.
990 1487 1099 1532 heus,
1122 1486 1197 1524 iam
1220 1486 1370 1537 adpetit
1391 1485 1564 1525 meridie.
1621 1486 1752 1532 649-51

277 1556 352 1592 TR.
385 1555 547 1604 apsolue
568 1555 674 1591 hunc
697 1565 856 1602 quaeso,
880 1549 1111 1604 uomitu[m]
1133 1564 1183 1589 ne
1203 1550 1267 1589 hic
1288 1564 1360 1590 nos
1381 1550 1519 1589 enicet.

278 1627 461 1669 quattuor
482 1617 739 1668 quadraginta
760 1616 814 1654 illi
836 1616 1030 1654 debentur
1051 1615 1191 1662 minae,
1625 1617 1714 1661 652a

277 1693 313 1723 et
336 1698 417 1723 sors
439 1692 476 1723 et
496 1686 643 1722 faenus.
708 1685 784 1721 DA.
817 1690 1021 1729 tantumst‚
1042 1681 1165 1719 nihilo
1186 1683 1272 1731 plus
1293 1689 1395 1732 peto.
1623 1687 1689 1730 631

198 1765 255 1786 120
276 1753 352 1788 ΤΕ.
384 1750 503 1789 uelim
525 1749 686 1800 quidem
709 1750 838 1788 hercle
859 1756 901 1786 ut
922 1761 1003 1786 uno
1024 1761 1188 1786 nummo
1208 1749 1295 1798 plus
1316 1754 1438 1798 petas.
1601 1765 1603 1767 ·
1623 1755 1690 1800 632

276 1818 354 1854 ΤΗ.
386 1817 630 1863 adulescens,
674 1828 831 1854 mecum
871 1814 951 1852 rem
993 1814 1105 1852 habe.
1167 1815 1242 1851 DA.
1278 1827 1421 1864 nempe
1459 1827 1528 1863 aps
1567 1819 1605 1851 te

1444 1880 1606 1928 petam?

274 1948 352 1984 TH.
384 1946 507 1997 petito
528 1961 622 1986 cras.
686 1950 762 1986 DA.
795 1948 920 1987 abeo:
952 1955 1009 1986 sat
1030 1947 1159 1985 habeo
1181 1945 1211 1984 si
1232 1958 1314 1984 cras
1336 1945 1484 1983 fero.—

275 2013 351 2049 TR.
384 2014 530 2050 malum
554 2015 662 2063 quod
684 2013 746 2052 isti
768 2013 808 2052 di
831 2015 1008 2062 deaeque
1029 2025 1166 2051 omnes
1188 2010 1324 2058 duint!
1623 2007 1689 2052 655

318 2117 381 2155 634
401 2117 462 2148 Dic
479 2118 543 2150 cod.
711 2119 776 2157 642
801 2117 939 2157 speculo
956 2116 1064 2147 claras
1082 2115 1148 2146 Leo
1247 2115 1427 2145 candorem
1444 2113 1605 2154 Spengel:

274 2171 430 2191 canorem
457 2162 526 2193 cod.
670 2163 733 2200 644
758 2161 888 2201 magnis
913 2161 1017 2191 Pius:
1042 2158 1227 2201 sa]magnis
1254 2157 1319 2190 cod.
1356 2158 1411 2198 (iv.
1441 2167 1483 2196 33
1507 2157 1539 2188 ii.
1569 2157 1603 2197 7)

274 2205 338 2241 646
362 2204 439 2236 hinc
458 2205 617 2245 Pylades:
641 2205 694 2235 hic
712 2205 779 2236 cod.
868 2214 951 2243 quas
968 2204 997 2234 ei
1018 2204 1084 2234 5²:
1107 2201 1202 2243 quasi
1224 2200 1287 2232 cod.
1316 2212 1317 2215 ¹
1422 2203 1485 2240 647
1510 2200 1604 2231 aedis

273 2245 339 2277 B2:
381 2250 474 2280 cedis
507 2248 572 2280 cod.
675 2249 720 2279 ita
749 2252 845 2278 erant
871 2248 1106 2278 Canszerarz'us:
1140 2246 1263 2276 iterant
1297 2244 1363 2276 cod.
1392 2244 1425 2283 (e
1454 2249 1517 2284 pro
1547 2244 1602 2280 ae)

274 2293 333 2329 651
362 2293 522 2323 meridies
540 2292 726 2323 Saracenus
871 2293 935 2329 652
959 2291 1087 2321 uomitu
1104 2289 1205 2320 Bothe
1346 2289 1426 2327 652²
1451 2287 1501 2327 (cf.
1519 2286 1600 2325 630)

273 2336 389 2365 accedit
404 2336 435 2365 A
558 2337 630 2374 631,
649 2337 713 2374 632
726 2339 803 2376 post
816 2336 882 2374 630
893 2334 1005 2374 posuit
1020 2333 1147 2364 Ritsclzl
1158 2343 1165 2369 3
1191 2332 1228 2371 cf.
1245 2331 1384 2372 Seyffert
1399 2329 1495 2369 (Berl.
1515 2329 1600 2360 Phil.

277 2377 382 2409 [Voclz.
405 2380 452 2413 16,
474 2381 550 2417 253Νγ
663 2380 726 2419 654
752 2378 840 2419 fero]
860 2382 937 2418 peto
954 2377 987 2406 A
1100 2378 1163 2414 655
1188 2374 1277 2414 quad
1294 2374 1326 2404 A
1411 2374 1452 2404 de
1470 2374 1601 2412 deaque

274 2420 307 2451 P
322 2422 414 2463 (corr.
435 2422 494 2462 B2)

976 2525 998 2535 l
