1783 2707
177 137 255 176 III.
275 139 322 175 iv
683 141 730 178 T.
762 139 944 180 MACCI
976 141 1179 179 PLAVTI

275 262 395 299 quom
416 248 683 287 coniecturam
705 258 862 299 egomet
883 264 1040 289 mecum
1061 250 1172 298 facio,
1196 251 1294 289 haec
1314 250 1415 289 illast
1435 250 1544 290 simia

272 327 372 364 quae
394 316 462 352 has
484 314 715 353 hirundines
737 329 783 353 ex
803 315 899 353 nido
920 317 1004 354 uolt
1024 315 1171 366 eripere
1192 316 1397 366 ingradeis,

271 381 378 429 quod
405 393 477 429 ego
507 380 546 418 in
575 380 723 418 somnis
751 381 956 419 somniaui.
1016 383 1092 419 TR.
1125 381 1208 419 scin
1236 381 1331 431 quid
1359 390 1488 420 tecum
1517 395 1596 429 oro,

1452 450 1599 486 senex?

269 518 311 548 ut
332 510 414 549 illas
437 524 578 558 serues,
602 511 683 549 uim
705 512 906 559 defendas,
931 513 1027 550 dum
1049 525 1121 562 ego
1142 526 1251 551 erum
1272 513 1430 551 adduco
1450 526 1593 551 meum.

211 591 250 623 70
272 577 345 614 DA.
383 589 526 626 quaere
564 590 673 614 erum
711 584 831 626 atque
869 578 1034 615 adduce.
1112 579 1187 615 TR.
1230 584 1269 615 at
1307 577 1371 616 hie
1410 579 1592 616 ne—DA.
1616 592 1680 630 775

1193 655 1379 680 maxumo
1398 644 1503 680 malo
1524 656 1595 681 suo

267 705 297 743 si
318 706 483 756 attigerit
504 706 587 745 siue
608 706 854 756 occeptassit.
914 708 990 745 TR.
1015 720 1116 745 cura.
1173 709 1249 745 DA.
1273 715 1498 755 curatumst,
1517 708 1592 746 abi.

265 773 343 809 TR.
374 773 479 810 hunc
500 785 660 822 quoque
687 773 853 810 adserua
880 771 1010 822 ipsum
1038 786 1087 811 ne
1117 785 1196 822 quo
1222 772 1371 820 abitat3
1399 786 1489 810 nam
1511 787 1596 823 pro-

1397 837 1594 876 missimus

264 903 448 941 carnufici
470 910 536 941 aut
558 904 749 941 talentum
771 916 958 953 magnum
979 905 1046 941 aut
1067 904 1173 941 hunc
1194 903 1314 941 hodie
1335 903 1478 941 sistere.

266 970 340 1006 DA.
372 967 437 1006 abi
459 969 590 1015 modo,
615 981 687 1018 ego
709 969 804 1007 dum
832 969 908 1006 hoc
928 966 1112 1020 (curabo)
1138 976 1250 1006 recte.
1310 969 1386 1005 TR.
1419 967 1496 1005 iam
1521 981 1593 1018 ego

1392 1047 1590 1073 reuenero.

212 1156 242 1182 v
420 1146 731 1183 DAEMONES
842 1146 1070 1182 LABRAX
1182 1145 1426 1182 LORARII

263 1227 339 1264 DA.
370 1229 510 1266 Vtrum
533 1236 584 1274 tu,
608 1230 709 1275 leno,
732 1241 823 1266 cum
845 1229 949 1266 malo
969 1226 1168 1266 lubentius
1608 1229 1678 1273 780

260 1292 427 1342 quiescis
448 1307 497 1331 an
519 1293 573 1331 sic
595 1293 678 1332 sine
695 1295 809 1340 malo,
834 1292 864 1330 si
885 1292 1065 1342 copiast?

260 1359 329 1395 LA.
363 1371 436 1407 ego
457 1371 558 1408 quae
578 1366 618 1396 tu
640 1360 801 1408 loquere
823 1357 936 1396 flocci
958 1371 1038 1396 non
1060 1357 1172 1405 facio,
1196 1371 1325 1397 senex.

259 1436 365 1461 meas
387 1423 547 1473 quidem
570 1423 606 1462 te'
628 1423 752 1462 inuito
774 1431 811 1461 et
833 1425 987 1461 Venere
1009 1431 1047 1461 et
1069 1437 1224 1462 summo
1248 1425 1345 1462 Ioue

221 1504 236 1535 5
257 1489 307 1526 de
327 1502 392 1527 ara
412 1489 554 1539 capillo
574 1489 651 1527 iam
673 1488 874 1539 deripiam.
937 1490 1013 1526 DA.
1046 1490 1270 1539 tangedum.

259 1555 328 1592 LA.
361 1562 518 1604 tangam
548 1555 679 1593 hercle
709 1567 813 1592 uero.
887 1555 963 1591 DA.
996 1553 1165 1603 agedum
1196 1567 1296 1604 ergo,
1329 1556 1476 1594 accede
1508 1556 1586 1594 huc
1606 1560 1671 1606 785

1452 1622 1583 1659 modo.

257 1687 327 1724 LA.
360 1685 549 1724 iubedum
572 1686 753 1724 recedere
774 1684 869 1723 istos
889 1685 1010 1724 ambo
1030 1684 1122 1724 illuc
1143 1687 1274 1725 modo.

258 1753 334 1789 DA.
375 1750 499 1790 immo
536 1752 588 1790 ad
626 1758 664 1790 te
708 1752 910 1790 accedent.
998 1752 1068 1789 LA.
1110 1764 1191 1790 non
1236 1752 1367 1790 hercle
1401 1751 1587 1802 equidem

1430 1830 1583 1856 censeo.

260 1883 334 1919 DA.
368 1880 463 1931 quid
484 1894 574 1931 ages
595 1881 626 1920 si
646 1883 838 1921 accedent
858 1882 1048 1933 propius?
1105 1883 1175 1920 LA.
1208 1895 1281 1932 ego
1301 1894 1507 1920 recessero.

201 1961 239 1983 10
258 1960 406 1993 uerum,
429 1960 560 1994 senex,
581 1946 612 1984 si
633 1955 670 1985 te
691 1961 880 1998 umquam
902 1947 941 1985 in
963 1948 1059 1987 urbe
1079 1949 1292 1995 offendero,

257 2025 473 2062 numquam
495 2013 625 2051 hercle
646 2012 854 2063 quisquam
876 2027 939 2052 me
959 2015 1144 2052 lenonem
1165 2013 1303 2052 dixerit
1604 2022 1672 2060 790

256 2077 287 2116 si
308 2086 345 2116 te
366 2091 446 2116 non
466 2079 582 2116 ludos
602 2092 808 2129 pessumos
829 2079 1044 2117 dimissero.

300 2193 360 2222 772
385 2195 404 2214 e
431 2184 522 2214 nudo
547 2182 580 2213 A
728 2194 788 2222 774
821 2183 931 2225 erum]
959 2194 1018 2215 ero
1049 2184 1082 2214 A
1228 2186 1290 2224 776
1314 2185 1519 2225 occeptassis
1550 2184 1584 2215 A

257 2237 317 2267 777
343 2238 409 2267 quo
427 2238 491 2258 om.
511 2227 543 2257 A
633 2227 726 2268 nam]
744 2232 802 2257 aut
819 2227 851 2256 A
966 2239 1028 2268 779
1052 2239 1116 2259 om.
1133 2228 1166 2258 P
1250 2229 1334 2269 hocc
1352 2253 1358 2260 .
1379 2253 1386 2260 .
1407 2229 1482 2268 tabo
1493 2229 1559 2260 cod.
1577 2240 1583 2259 :

256 2271 337 2301 abes
369 2271 492 2302 curabo
523 2270 709 2310 Fleckeisen,
743 2270 959 2301 Studemund
1110 2273 1169 2310 781
1195 2273 1291 2312 copia
1307 2278 1357 2303 est
1375 2284 1418 2303 cm
1436 2273 1585 2312 copiaest

257 2315 361 2346 z'ncert.
380 2315 413 2345 A
571 2315 631 2353 787
658 2314 827 2355 equidem]
847 2320 982 2353 egomet
997 2315 1031 2345 P
1175 2317 1237 2354 789
1262 2317 1369 2357 repetit
1384 2316 1417 2346 A
1428 2320 1504 2356 post
1520 2326 1581 2355 791

259 2360 420 2399 &propter
437 2358 621 2389 ltomoeotel.
639 2368 688 2389 vv.
711 2368 784 2398 791,
804 2359 882 2399 788)
1004 2369 1063 2399 791
1091 2369 1158 2389 non
1177 2364 1210 2390 te
1228 2359 1260 2390 F
1368 2360 1538 2391 dimiserio
1554 2359 1589 2390 P
