1783 2707
152 481 191 503 10

153 1132 194 1154 20

153 1854 197 1887 30

179 168 238 194 ,ν
627 157 674 194 Τ.
708 154 887 194 MACCI
920 153 1123 191 PLAVTI

314 277 432 318 atque
454 268 493 307 id
515 268 591 307 iam
613 267 765 319 pridem
787 266 890 306 sensi
911 274 949 305 et
970 264 1178 304 subolebat
1200 262 1307 310 mihi,
1395 288 1406 313 ,

317 335 386 373 sed
407 333 716 373 dissimulabam.
778 334 840 370 Ps.
874 331 951 370 iam
972 330 1036 369 ille
1057 330 1149 384 felat
1170 328 1281 367 filius.
1406 329 1426 357 ’τ’
1445 311 1455 335 ⁹

317 399 447 438 occisa
468 406 525 438 est
546 399 644 437 haec
665 411 735 444 reS‚
758 398 891 435 haeret
912 397 988 434 hoc
1009 383 1221 445 negotium.

318 479 397 515 quo
419 464 458 503 in
480 471 747 503 commeatum
769 460 1194 511 uolui—argentarium

317 529 522 580 proficisci,
546 528 599 567 ibi
621 542 727 566 nunc
748 527 898 578 oppido
920 532 1144 576 opsaeptast
1165 524 1238 562 uia.
1555 529 1623 568 425

317 594 555 646 praesensit:
587 594 683 632 nihil
705 601 762 633 est
783 594 952 644 praedae
973 589 1280 642 praedatoribus.

318 662 441 700 CALL.
474 659 656 698 homines
678 658 744 709 qui
765 665 918 708 gestant
940 656 1087 707 quique
1107 655 1328 693 auscultant
1349 651 1525 699 crimina,

317 725 348 763 si
370 738 459 764 meo
480 725 666 762 arbitratu
688 723 812 770 liceat,
837 735 976 761 omncs
997 721 1208 771 pendeant,

317 798 489 840 gestores
510 788 662 839 linguis,
685 788 884 826 auditores
905 786 1074 825 auribus.

318 869 410 894 nam
432 854 551 894 istaec
572 867 673 905 quae
695 853 764 892 tibi
788 851 1070 898 renuntiantur,
1094 849 1215 888 silium
1560 855 1629 890 430

320 930 357 960 te
379 922 479 960 uelle
500 927 698 959 amantem
720 926 881 969 argento
904 917 1208 962 circumducere,

321 988 399 1025 fors
420 987 502 1024 fuat
522 999 571 1024 an
593 984 713 1023 istaec
735 984 839 1023 dicta
862 983 938 1021 sint
960 981 1166 1021 mendacia
1182 995 1191 1028 ;

274 1053 275 1056 ’
322 1053 391 1091 sed
413 1051 443 1090 si
465 1051 541 1090 sint
562 1065 607 1090 ea
628 1064 730 1098 uera,
753 1058 796 1088 ut
817 1063 922 1088 nunc
944 1061 1030 1087 mos
1051 1055 1119 1094 est,
1143 1059 1336 1093 maxume,

322 1117 417 1167 quid
440 1117 580 1155 mirum
602 1116 724 1155 fecit?
753 1115 849 1166 quid
870 1128 1031 1161 nouom,
1053 1114 1286 1152 adulescens
1307 1113 1430 1151 homo

321 1183 352 1221 si
373 1190 489 1229 amat,
513 1182 543 1220 si
564 1181 732 1220 amicam
754 1181 921 1219 liberat?
978 1181 1040 1217 Ps.
1078 1178 1253 1229 lepidum
1275 1190 1409 1216 senem
1428 1179 1433 1214 ἕ
1562 1183 1627 1221 435

321 1250 438 1287 Sino.
485 1248 589 1286 uetu'
615 1249 708 1285 nolo
746 1246 873 1284 faciat.
933 1246 1056 1285 CALL.
1089 1252 1127 1282 at
1166 1243 1270 1282 enim
1301 1241 1542 1294 nequiquam

800 1353 806 1359 ,
1415 1307 1544 1354 neuis3

321 1381 383 1418 uel
407 1387 447 1417 tu
469 1392 517 1418 ne
539 1380 685 1417 faceres
707 1379 782 1416 tale
803 1378 842 1415 in
864 1376 1145 1416 adulescentia.

321 1446 489 1495 probum
511 1452 659 1494 patrem
682 1457 766 1482 esse
787 1450 940 1493 oportet
961 1442 1029 1492 qui
1049 1450 1210 1492 gnatum
1232 1453 1346 1480 suom

321 1524 406 1550 esse
427 1509 651 1560 probiorem
672 1522 791 1559 quam
814 1508 920 1559 ipsus
941 1507 1056 1546 fuerit
1076 1509 1258 1557 postulet.

322 1590 413 1615 nam
436 1584 476 1614 tu
499 1576 606 1626 quod
628 1575 762 1614 damni
784 1582 821 1613 et
843 1575 951 1624 quod
972 1573 1096 1612 fecisti
1118 1573 1236 1623 flagiti
1562 1578 1634 1613 440

322 1642 470 1692 populo
491 1640 635 1678 uiritim
657 1639 785 1690 potuit
806 1638 1055 1690 dispertiricr.

323 1707 416 1746 idne
436 1714 478 1745 tu
500 1705 648 1752 mirare,
673 1704 703 1743 si
725 1705 903 1756 patrissat
925 1704 1056 1743 filius?

325 1774 387 1810 Ps.
411 1772 437 1810 ὦ
452 1774 529 1817 Ζεῦ,
546 1770 642 1822 <Zeis
663 1783 780 1820 quam
796 1769 908 1820 pauci
926 1769 1017 1808 estis
1032 1769 1213 1808 homines
1228 1766 1446 1808 commodi!
1469 1780 1546 1815 em,
1584 1756 1585 1759 Ἰ

323 1838 402 1877 illic
422 1845 479 1877 est
501 1844 610 1888 pater
631 1844 779 1886 patrem
803 1849 887 1874 esse
909 1844 951 1873 ut
971 1843 1180 1886 aequomst
1201 1835 1292 1873 filio.

259 1954 319 1983 421
347 1943 396 1984 id]
423 1943 486 1974 hoc
511 1942 543 1971 A
635 1941 769 1972 subolet
796 1942 827 1973 P
959 1951 1024 1981 422
1043 1952 1108 1972 om.
1134 1941 1167 1972 P
1193 1941 1339 1982 (propter
1362 1938 1546 1971 lzomocotel.

217 1991 254 2018 ut
277 1987 359 2021 vid.)
451 1986 496 2017 illi
522 1985 593 2027 (vix
616 1985 686 2023 ille)
713 1984 777 2016 cod.
881 1985 959 2025 selat
986 1985 1050 2017 cod.
1072 1997 1078 2016 :
1112 1985 1216 2017 foetet
1242 1985 1353 2016 Loewe
1484 1993 1548 2022 424

215 2042 281 2071 quo
306 2031 357 2072 in]
383 2030 465 2070 quin
487 2029 520 2060 P
606 2029 781 2059 nolueram
809 2029 935 2060 Rt'tsclzl
1063 2039 1126 2068 425
1151 2029 1222 2070 uia]
1247 2029 1303 2059 ula
1323 2027 1357 2058 P
1484 2037 1549 2066 430

217 2076 300 2106 istae
318 2074 351 2105 Ρ
483 2085 547 2114 432
572 2073 714 2104 forsitan
734 2084 773 2104 ea
791 2074 850 2103 tibi
868 2075 901 2105 (l.
919 2074 952 2104 P
1081 2083 1144 2112 433
1170 2073 1229 2103 sed
1252 2073 1279 2103 si
1304 2082 1344 2102 ea
1369 2081 1449 2102 uera
1468 2075 1549 2101 sunt

216 2118 249 2149 Ρ
334 2129 490 2150 maxume
512 2118 587 2159 [tibi
616 2118 827 2159 renuntiant]
857 2118 910 2155 A;
942 2120 1001 2148 ant
1027 2118 1178 2157 confusae
1197 2119 1278 2147 snut
1301 2116 1334 2146 1'11
1355 2114 1442 2147 codd.
1465 2114 1550 2145 dune

217 2163 372 2194 versiones
390 2163 465 2204 (sed
483 2164 511 2193 si
531 2173 571 2193 ea
589 2173 669 2193 uera
687 2167 765 2193 sunt
784 2161 901 2202 (sintY)
922 2172 1008 2201 quae
1029 2165 1077 2200 rut
1090 2161 1116 2199 ἓ)
1142 2161 1202 2191 tibi
1227 2159 1424 2190 renuntiant
1446 2161 1474 2189 ct
1487 2158 1549 2189 sed

216 2208 243 2238 si
261 2208 330 2238 sint
348 2218 387 2238 ea
404 2218 498 2245 uera,
516 2212 552 2237 ut
577 2217 664 2237 nunc
688 2216 760 2236 mos
782 2210 842 2243 est,
863 2205 1034 2245 maxume)
1054 2208 1113 2235 ant
1134 2205 1227 2235 varia
1243 2204 1329 2235 lectio
1349 2202 1406 2233 tibi
1424 2212 1548 2233 renun-

218 2252 304 2282 tiant
330 2252 409 2292 (pro
435 2261 507 2282 mos
533 2256 596 2290 est,
623 2249 795 2287 maxume)
822 2250 855 2279 in
881 2249 1030 2291 mmgine
1054 2248 1249 2288 avemplam's
1269 2249 1395 2278 statera!
1410 2245 1497 2277 unde
1512 2245 1545 2275 A

200 2310 202 2313 ·
217 2295 394 2336 descriplns
410 2299 456 2325 cst
601 2304 665 2333 434
688 2294 779 2333 quod
798 2303 899 2324 noum
916 2292 948 2322 A
1083 2293 1147 2331 436
1171 2296 1203 2323 at
1220 2292 1308 2322 enim
1327 2289 1546 2330 nequiquam]

217 2340 318 2379 nequi
342 2344 375 2370 at
398 2339 485 2370 enim
511 2348 610 2378 quam
628 2338 660 2367 A
690 2339 749 2377 (an
776 2347 850 2367 vera
875 2337 1011 2375 antiqua
1037 2335 1186 2376 locutiol)
1320 2345 1383 2373 442
1408 2334 1456 2364 vel
1476 2333 1545 2363 idn'

218 2383 330 2413 mirari
348 2382 382 2412 P
510 2393 573 2421 443
598 2381 654 2412 Ζεῦ
671 2379 788 2411 addidi
871 2380 1081 2421 commodem
1107 2379 1139 2408 A
1275 2390 1336 2417 444
1364 2382 1459 2417 patei·
1482 2387 1545 2406 om.

168 2462 170 2464 ,
218 2426 323 2467 Ρςῑίῑ.
348 2426 376 2464 ι)

962 2520 985 2530 ι
