1731 2713
661 105 1007 145 TRINVMMVS
1437 99 1504 135 IV.
1527 97 1572 134 iii

155 267 158 271 .
181 237 250 262 eae
272 223 433 261 miserae
454 221 570 260 etiam
591 220 640 258 ad
663 217 847 268 parictem
871 223 961 253 sunt
982 215 1080 252 fixae
1101 212 1222 251 clauis
1244 211 1383 251 ferreis.

75 304 161 336 ¹040
181 288 247 326 ubi
270 289 393 325 malos
416 299 541 323 mores
561 283 676 333 adfigi
701 282 823 319 nimio
845 282 966 318 suerat
987 278 1161 328 nequitie.

180 354 256 392 (“11.
304 353 409 390 lubet
445 351 552 389 adire
590 357 708 398 atque
747 347 942 396 appellare
982 346 1112 388 hunoe
1154 356 1289 381 uerum
1325 342 1504 379 ausculto

1296 405 1504 457 perlubens

178 490 216 521 et
238 491 383 523 metuo„
405 481 433 518 si
457 479 716 529 compellabo,
741 491 790 515 nc.
810 476 925 514 aliam
948 488 1027 513 rem
1051 473 1219 524 occipiat
1240 472 1357 522 loqui.
1526 483 1563 514 35

179 550 242 586 ST.
275 561 403 597 neque
431 546 512 584 istis
542 544 753 594 quiequam
785 544 869 591 lege
895 547 1135 579 sanctumst:
1171 540 1274 588 leges
1306 536 1403 575 mori
1434 549 1507 574 ser-

1381 601 1505 647 uiunt‚

181 690 307 716 mores
328 684 459 715 autem
482 687 615 725 rapere
634 679 844 723 properant
866 684 943 721 qua
965 682 1117 708 sacrum
1140 681 1216 719 qua
1237 667 1451 718 publicum.

72 754 158 791 1045
181 745 258 783 CH.
288 745 416 782 hercle
435 741 516 780 istis
534 742 676 779 malam
699 753 780 778 rem
798 751 981 788 magnam
1000 735 1174 774 moribus
1191 734 1391 784 dignumst
1412 731 1506 770 dari.

180 811 241 847 ST.
284 822 417 846 nonne
451 809 528 845 hoe
558 805 716 857 publice
746 804 923 843 animum
958 801 1143 840 aduorti?
1185 813 1276 838 nam
1312 798 1352 837 id
1386 810 1508 848 genus

1094 865 1299 904 hominum
1322 863 1508 903 omnibus

179 940 373 979 uniuorsis
394 947 451 978 est
472 939 688 977 aduorsum-
705 944 824 986 atque
845 934 953 973 omni
975 933 1123 984 populo
1146 933 1246 969 male
1268 929 1380 968 facit:
1527 941 1570 972 40

180 1009 280 1046 male
302 1008 420 1045 fidem
442 1005 637 1043 seruando
659 1003 731 1041 illis
754 1015 913 1053 quoque
934 1001 1125 1049 abrogant
1147 997 1263 1036 etiam
1286 997 1404 1034 fidem

178 1073 245 1123 qui
277 1072 330 1110 nil
360 1070 510 1117 meriti3
545 1069 691 1120 quippe
721 1081 856 1107 eorum
886 1080 932 1105 ex
957 1064 1115 1115 ingenio
1143 1062 1343 1113 ingenium
1368 1062 1508 1098 horum

1328 1127 1507 1177 probant.

72 1217 162 1254 1050
179 1206 256 1243 hoc
285 1203 351 1254 qui
381 1203 421 1241 in
449 1208 621 1240 mentem
649 1199 799 1239 uenerit
827 1198 909 1237 mi?
937 1212 977 1236 re
1005 1197 1087 1247 ipsa
1114 1196 1235 1234 modo
1255 1191 1511 1232 commonitu’

1410 1271 1507 1297 sum.

181 1335 211 1373 si
233 1334 326 1385 quoi
348 1341 528 1372 mutuom
549 1331 645 1382 quid
666 1329 833 1377 dederis,
858 1330 900 1367 fit
920 1341 991 1379 pro
1011 1326 1169 1378 proprio
1190 1324 1386 1376 perditum
1404 1339 1410 1362 ε

180 1413 303 1450 quom
325 1407 487 1450 repetaS,
511 1396 715 1435 inimicum
736 1394 908 1434 amicum
931 1392 1126 1433 beneficio
1148 1389 1325 1429 inuenias
1347 1397 1425 1428 tuo.
1529 1398 1570 1431 45

180 1465 210 1504 si
233 1478 344 1515 mage
365 1464 516 1514 exigere
537 1461 732 1511 oceupias,
757 1461 923 1499 duarum
946 1471 1074 1497 rerum
1096 1456 1265 1496 exoritur
1285 1455 1394 1506 optio
1412 1469 1419 1493 :

180 1532 243 1570 uel
264 1530 360 1569 illud
382 1529 490 1579 quod
511 1526 723 1567 credideris
744 1526 896 1576 perdas,
913 1525 976 1563 uel
998 1523 1108 1561 illum
1129 1521 1300 1561 amicum
1321 1519 1506 1559 amiseris.

74 1609 159 1646 1055
182 1597 260 1636 CH.
302 1607 412 1634 meus
442 1601 499 1632 est
528 1592 757 1643 hicquidem
789 1589 980 1630 Stasimus
1011 1601 1155 1628 seruos.
1216 1589 1279 1626 ST.
1316 1599 1407 1624 narn
1438 1597 1510 1634 ego

1116 1655 1308 1692 talentum
1330 1658 1510 1689 mutuom

180 1725 274 1776 quoi
295 1726 492 1771 dederam,
516 1725 664 1763 talento
686 1722 890 1761 inimicum
912 1721 965 1759 mi
987 1719 1075 1766 emi,
1098 1718 1270 1757 amicum
1292 1715 1466 1755 uendidi.

180 1793 250 1830 sed
270 1805 342 1841 ego
363 1805 449 1829 sum
471 1789 716 1841 insipientior
736 1789 803 1839 qui
824 1789 940 1827 rebus
961 1800 1094 1826 eurem
1116 1783 1283 1836 puplicis
1530 1793 1572 1825 50

181 1858 310 1909 potius
324 1871 454 1908 quam,
471 1857 510 1896 id
527 1858 635 1908 quod
652 1863 935 1907 proxumumst‚
954 1867 1043 1892 meo
1060 1853 1169 1903 tergo
1186 1852 1348 1890 tutelam
1364 1862 1506 1900 geram.

181 1937 229 1962 eo
255 1924 430 1963 domum.
491 1924 568 1963 CH.
601 1924 699 1961 heus
727 1929 778 1968 tu,
802 1928 885 1959 asta
913 1920 1028 1958 ilico!
1060 1917 1163 1957 audi.
1225 1917 1287 1955 ST.
1320 1917 1418 1954 heus
1445 1917 1510 1952 tu!

1000 1998 1079 2023 non
1103 1990 1174 2021 sto.
1236 1982 1312 2021 CH.
1346 1987 1384 2019 te
1404 1981 1507 2018 uolo.

228 2102 310 2132 1039
334 2104 372 2124 ea
390 2093 550 2123 miserere
568 2090 632 2122 cod.
654 2102 660 2122 :
684 2101 761 2122 corr.
776 2089 904 2121 Merula
972 2089 1022 2120 vel
1031 2089 1152 2119 misere
1250 2095 1330 2125 1042
1343 2089 1376 2115 et
1390 2083 1509 2114 Acida-

180 2137 244 2167 lius
261 2149 267 2167 :
291 2138 351 2168 sed
368 2136 435 2168 cod.
450 2137 525 2177 (pro
536 2136 604 2176 set)
697 2145 779 2174 1043
797 2135 870 2165 istis
886 2133 960 2165 Ital.
979 2144 985 2164 ε
1011 2133 1065 2163 isti
1083 2132 1148 2163 cod.
1247 2139 1327 2168 1045
1352 2127 1510 2158 acceditA

184 2182 266 2220 1046
291 2181 378 2211 hom.
396 2179 588 2210 hominibus
606 2177 734 2209 Merula
838 2188 921 2216 1049
945 2188 988 2208 ex
1013 2186 1127 2207 eorum
1144 2175 1177 2206 Ρ
1290 2183 1372 2211 1050
1397 2174 1511 2201 mente

182 2224 241 2264 (sic
258 2229 320 2264 pro
347 2228 472 2261 mente,
501 2223 520 2254 ι’.
533 2233 556 2254 e.
591 2226 737 2253 mentem
751 2222 776 2260 2)
794 2221 826 2251 B
914 2221 1014 2251 modo
1042 2230 1077 2250 re
1096 2220 1167 2259 ipsa
1185 2221 1370 2249 commotus
1387 2225 1458 2245 sum
1475 2214 1509 2244 A

184 2277 259 2306 1051
279 2267 373 2307 quoi]
391 2267 470 2306 quid
482 2266 515 2296 P
571 2266 703 2296 dederit
716 2264 749 2294 P
806 2265 842 2296 fit
859 2264 980 2304 propio
994 2274 1046 2303 pe.
1062 2262 1122 2301 Α),
1140 2272 1219 2293 corr.
1233 2261 1281 2291 Α2
1343 2259 1511 2299 proditum

180 2309 318 2341 Mueller
332 2310 464 2350 (Rlzez'n.
482 2308 570 2341 Mus.
586 2319 638 2348 54,
658 2309 737 2348 540)
831 2318 913 2346 1052
930 2317 1008 2346 qum
1021 2306 1054 2335 A
1114 2305 1269 2336 inuenias
1287 2314 1329 2334 ex
1345 2302 1512 2333 beneficio

181 2359 239 2384 tuo
256 2354 288 2384 A
363 2362 446 2392 1053
463 2363 635 2392 exgenere
648 2352 805 2392 cupiasP
894 2360 974 2389 1054
992 2348 1267 2388 miserisfflcorr.
1285 2346 1347 2385 D1)
1430 2355 1511 2384 1055

183 2397 294 2428 Meust
311 2397 341 2426 h.
360 2397 392 2426 A
508 2397 589 2434 1056
614 2395 708 2435 quoi]
727 2395 816 2433 quod
835 2394 866 2423 P
978 2403 1059 2431 ¹059
1083 2392 1150 2422 Cu.
1178 2396 1210 2421 te
1229 2389 1304 2420 uolo
1323 2400 1388 2419 om.
1412 2388 1444 2417 P
