1783 2707
193 116 223 152 Ι.

244 115 289 152 iii
664 116 711 153 T.
745 115 926 155 MACCI
958 115 1162 153 PLAVTI

186 227 227 268 85
247 229 419 265 PH1LOL.
452 228 593 277 edepol
611 227 641 265 si
655 240 812 265 summo
827 226 914 265 Ioui
930 225 1070 279 bo<n6>
1084 234 1245 277 argento
1266 227 1569 275 sacruficassem,

245 305 315 342 pro
329 292 430 330 illius
447 292 574 343 capite
590 292 698 342 quod
712 291 1043 341 dedimumquam
1057 305 1183 342 aeque
1199 292 1238 331 id
1252 293 1354 331 bene
1367 294 1569 332 locassem.

244 358 380 397 uideas
401 371 487 396 earn
509 356 736 396 medullitus
758 370 821 395 me
841 370 983 395 amare.
1043 359 1094 395 oh
1113 361 1118 396 l
1153 358 1299 408 probus
1320 359 1441 397 homo
1462 371 1572 398 sum:

244 437 345 473 quae
366 437 436 474 pro
457 436 520 461 me
541 435 719 461 caussam
741 422 902 470 diceret,
924 429 1132 472 patronum
1155 423 1327 461 liberaui.

245 490 305 526 SC.
340 488 458 527 uideo
497 488 602 526 enirn
633 496 671 526 te
705 487 815 525 nihili
851 489 1024 538 pendere
1058 501 1150 538 prae
1183 488 1411 527 Philolache
1443 489 1571 527 omnis

1377 553 1568 593 homines.

186 634 228 666 90
247 633 364 666 nunc,
387 633 437 657 ne
457 619 540 657 eius
562 632 699 657 caussa
720 620 916 668 uapulem,
940 618 1010 657 tibi
1032 618 1161 669 potius
1183 619 1431 666 adsentabor,

184 1160 225 1192 95

164 1680 225 1702 100

246 684 275 721 si
310 690 516 734 acceptum
552 690 610 721 sat
645 684 777 729 habes,
810 683 880 720 tibi
915 684 996 721 fore
1031 682 1139 721 illum
1170 683 1342 722 amicum
1374 683 1573 735 sempiter-

1464 763 1569 788 num.

299 817 479 853 PHiLEM.
512 815 612 852 cedo
644 814 695 851 mi
727 815 930 863 speculum
956 822 993 852 et
1021 827 1111 852 cum
1140 814 1380 853 ornamentis
1401 817 1572 853 arculam

1194 888 1382 927 actutum,
1407 882 1572 931 Scapha,

295 954 434 985 ornata
448 954 488 984 ut
503 946 719 995 sim,quom
735 946 812 983 huc
825 945 1010 983 adueniat
1021 945 1269 983 Philolaches
1284 947 1465 996 uoluptas
1475 959 1571 984 mea.

299 1015 360 1051 SC.
393 1012 531 1050 mulier
561 1024 662 1061 quae
693 1024 733 1049 se
761 1023 952 1060 suamque
977 1018 1145 1048 aetatem
1172 1010 1329 1060 spernit,
1353 1012 1515 1061 speculo
1539 1011 1573 1049 ei

1379 1089 1471 1114 usus
1493 1083 1574 1115 est:

300 1143 395 1194 quid
426 1150 541 1193 opust
572 1143 733 1192 speculo
764 1140 833 1178 tibi
865 1154 965 1191 quae
996 1148 1078 1179 tute
1107 1142 1269 1191 speculo
1299 1143 1501 1191 speculum
1533 1156 1574 1180 es

1317 1219 1544 1245 maxumum
1559 1209 1575 1245 ?

299 1276 471 1312 Pmiior„
509 1273 561 1311 ob
591 1272 691 1310 istuc
722 1272 899 1319 uerbum,
932 1285 981 1310 ne
1011 1271 1264 1322 nequiquam,
1297 1273 1461 1321 Scapha,
1493 1280 1573 1310 tam

1267 1336 1398 1387 lepide
1419 1336 1570 1385 dixeris,

297 1406 403 1444 dabo
423 1403 571 1454 aliquid
592 1402 712 1441 hodie
733 1402 1001 1453 peculi—tibi,
1025 1401 1303 1440 Philematium
1325 1415 1422 1440 mea.

299 1473 479 1509 Pirum.
496 1482 567 1507 suo
582 1468 729 1519 quique
744 1469 832 1506 loco
847 1468 966 1506 uiden
982 1467 1165 1518 capillum
1181 1467 1573 1517 sati'compositumst

1333 1534 1575 1572 commode?

297 1603 359 1640 SC.
393 1601 459 1639 ubi
477 1609 517 1639 tu
536 1601 747 1638 commoda
765 1613 817 1646 eS‚
836 1599 1020 1649 capillum
1039 1599 1294 1636 commodum
1314 1611 1398 1636 esse
1412 1598 1572 1636 credito.

298 1669 469 1705 Pffiror.
503 1667 579 1704 uah
598 1669 604 1703 Σ
635 1665 731 1715 quid
759 1664 824 1702 illa
844 1672 937 1715 pote
958 1663 1069 1714 peius
1091 1663 1302 1713 quicquam
1325 1656 1477 1701 mulieri
1499 1676 1576 1701 me-

1592 505 1657 541 245

1595 1606 1659 1642 255

1363 1728 1547 1766 morarier
1561 1729 1577 1766 ?
1614 1753 1616 1756 .

296 1811 402 1836 nunc
422 1796 662 1836 adsentatrix
683 1798 847 1835 scelesta
869 1804 937 1843 est,
962 1798 1114 1835 dudum
1136 1793 1380 1834 aduorsatrix
1400 1801 1490 1832 erat.

298 1866 479 1902 PfflLEM.
512 1863 612 1901 cedo
639 1875 848 1901 cerussam.
909 1864 971 1900 Sc.
1005 1861 1101 1912 quid
1128 1874 1284 1900 cerussa
1313 1866 1429 1910 opust
1453 1859 1576 1897 nam?

941 1930 1121 1966 PHILEM.
1155 1927 1220 1977 qui
1244 1927 1365 1964 malas
1386 1925 1573 1964 oblinam.

286 2044 346 2073 241
374 2034 486 2064 iouiuo
521 2033 628 2074 (4202)
661 2033 726 2066 cod.
758 2033 839 2073 (ioui
873 2033 950 2063 uiuo
975 2031 1033 2071 ΒΩ)
1065 2031 1135 2070 (vii.
1165 2042 1196 2070 p.
1234 2030 1334 2070 105):
1368 2029 1439 2060 Ioui
1470 2029 1576 2068 probo

242 2077 388 2109 Sclzoell:
414 2077 485 2108 Ioui
503 2078 581 2107 boui
606 2088 646 2107 eo
664 2076 731 2107 Leo
895 2087 957 2115 242
981 2076 1143 2106 locassem
1165 2075 1321 2106 Guietus:
1356 2073 1575 2104 collocassem

242 2121 307 2153 cod.
440 2131 504 2160 243
528 2121 645 2152 uideas
662 2120 808 2151 Sclzoell:
836 2119 905 2161 [ut]
924 2120 1043 2150 uideas
1060 2118 1126 2149 cod.
1148 2119 1205 2157 (iv.
1223 2118 1258 2156 3)
1376 2120 1459 2156 '245
1485 2117 1572 2147 enim

242 2165 307 2196 cod.
328 2165 490 2195 Varronis
506 2164 542 2195 de
558 2163 597 2195 L.
621 2165 660 2195 L.
682 2175 712 2203 9,
733 2174 773 2203 54
793 2175 799 2194 :
823 2174 887 2193 om.
908 2162 1074 2203 cod.‚s0rt.
1095 2165 1169 2192 recte
1185 2162 1243 2201 (iv.
1263 2162 1297 2200 3)
1452 2171 1514 2199 247
1541 2160 1574 2191 Is

242 2208 305 2239 cod.
407 2219 471 2248 249
495 2208 655 2238 adueniat
672 2208 816 2238 Ritschl:
842 2207 958 2238 ueniat
974 2206 1041 2238 cod.
1157 2215 1220 2245 25ο
1245 2206 1275 2235 ei
1293 2214 1373 2235 usus
1390 2208 1442 2235 est
1460 2204 1574 2235 Came-

243 2253 370 2284 ram'us:
396 2252 489 2283 elusa
507 2257 558 2282 est
576 2251 640 2283 cod.
662 2253 697 2289 (i.
718 2253 751 2287 6]
879 2260 943 2289 252
968 2250 1091 2281 dixerit
1107 2248 1153 2279 B‘2
1274 2258 1337 2287 253
1362 2248 1488 2287 perculi
1506 2247 1570 2279 cod.

244 2298 337 2337 (corr.
356 2294 418 2335 ΒΞ)
522 2305 584 2334 254
610 2295 766 2335 capillum
785 2295 871 2335 (gen.
898 2294 1002 2333 nent.)
1026 2296 1163 2324 testatur
1176 2292 1306 2323 Nouius
1325 2293 1407 2331 198:
1432 2291 1574 2331 capillus

241 2339 306 2371 cod.
399 2340 618 2379 compositust
635 2339 714 2370 cod.-
805 2348 869 2377 255
894 2337 1089 2368 commodes
1106 2335 1171 2368 cod.
1189 2340 1221 2375 (e
1232 2341 1295 2376 pro
1309 2347 1342 2366 —a
1355 2335 1405 2375 e-)
1510 2337 1574 2374 256

242 2382 291 2414 vel
306 2382 379 2413 illac
457 2383 675 2414 memorarier
691 2382 764 2414 Ital.
781 2393 787 2413 z
814 2382 976 2413 morarier
992 2380 1056 2412 cod.
1165 2381 1228 2419 258
1253 2384 1353 2419 opost
1372 2383 1409 2410 ul
1423 2378 1483 2410 vid.
1505 2378 1570 2409 cod.

1001 2523 1023 2534 l
