1783 2707
187 131 239 168 II.
261 129 305 166 Vi
678 129 722 165 T.
758 128 937 166 MACCI
970 127 1172 164 PLAVTI

201 253 243 287 70
369 253 474 277 nunc
495 238 527 277 si
549 252 610 277 me
631 239 863 277 adulescens
887 236 1135 286 Plesidippus
1156 235 1308 283 uiderit,

369 318 448 354 quo
469 304 518 342 ab
539 304 771 342 arrabonem
793 316 863 352 pro
886 304 1082 340 Palaestra
1098 315 1339 352 acceperam,
1611 308 1674 345 555

369 370 445 408 iam
467 370 498 408 is
520 369 720 408 exhibebit
741 368 804 407 hic
826 367 922 406 mihi
944 367 1157 418 negotium.

371 437 447 475 CH.
481 434 587 485 quid,
611 435 738 480 stulte,
762 434 920 483 ploras?
950 432 1020 471 tibi
1042 432 1203 482 quidem
1225 432 1367 482 edepol
1387 430 1548 482 copiast,

371 501 466 539 dum
487 499 619 549 lingua
639 498 757 546 uiuet,
782 498 848 549 qui
870 511 951 536 rem
973 498 1103 536 soluas
1125 496 1320 536 omnibus.

182 612 241 648 vii
365 614 692 650 SCEPARNlo
805 611 1032 647 LAssRAx
1145 609 1488 647 CHARMlDEs

262 695 323 731 SC.
358 692 467 741 Quid
487 692 589 739 illuc,
613 705 789 742 opsecro,
813 690 946 741 negoti
967 691 1075 739 quod
1098 691 1200 728 duae
1221 688 1472 727 mulierculae

262 757 325 796 hic
347 757 386 795 in
407 759 498 796 fano
519 756 683 795 Veneris
705 756 859 806 signum
882 757 1020 793 flentes
1040 755 1244 804 amplexae
1264 759 1411 799 tenent,
1613 753 1681 797 560

262 822 517 872 nescioquem
539 829 760 860 metuentes
781 821 974 859 miserae?
1004 827 1121 858 nocte
1141 821 1215 857 hac
1235 818 1345 857 aiunt
1365 830 1554 868 proxuma

262 901 303 925 se
320 887 480 926 iactatas
500 894 618 937 atque
640 886 783 925 eiectas
804 885 924 925 hodie
946 899 1030 924 esse
1051 884 1161 922 aiunt
1181 898 1202 922 e
1223 882 1328 921 mari.

225 966 241 998 5
263 953 333 990 LA.
358 965 522 1002 opsecro
538 952 679 998 hercle,
698 952 943 997 adulescens,
959 950 1027 989 ubi
1044 949 1163 988 istaec
1180 956 1270 987 sunt
1287 961 1384 998 quas
1401 960 1595 986 memoras

1385 1011 1566 1051 mulieres
1579 1013 1596 1049 Ρ

263 1083 324 1120 Sc.
358 1081 421 1119 hic
456 1081 495 1119 in
530 1082 621 1119 fano
656 1079 832 1120 Veneris
906 1082 979 1118 LA.
1010 1086 1108 1130 quot
1141 1080 1261 1118 sunt?
1335 1080 1396 1116 Sc.
1430 1076 1596 1116 totidem

1114 1152 1211 1194 quot
1232 1157 1305 1194 ego
1326 1150 1364 1182 et
1385 1150 1425 1182 tu
1447 1156 1592 1181 sumus.

266 1215 335 1251 LA.
368 1214 497 1263 nemp'
521 1213 659 1251 meae?
717 1213 778 1251 Sc.
811 1212 942 1262 nemp’
963 1209 1099 1249 nescio
1125 1209 1235 1248 istuc.
1296 1210 1366 1246 LA.
1400 1221 1477 1258 qua
1504 1214 1595 1245 sunt
1615 1212 1679 1256 565

615 1328 620 1333 ¹
1165 1274 1293 1313 facie?
1350 1276 1410 1312 Sc.
1443 1272 1591 1311 scitula.

264 1346 326 1384 uel
348 1358 420 1394 ego
441 1357 572 1382 amare
593 1342 782 1381 utramuis
804 1355 976 1392 possum,
1000 1340 1031 1379 si
1053 1341 1176 1391 probe
1196 1341 1366 1390 adpotus
1387 1338 1494 1377 siem.

266 1412 335 1449 LA.
369 1410 498 1460 nemp'
516 1409 698 1459 puellae?
738 1409 798 1446 Sc.
832 1408 963 1457 nemp'
980 1408 1168 1444 molestus
1190 1419 1241 1444 es.
1281 1404 1293 1443 i
1314 1404 1410 1452 uise,
1427 1403 1458 1442 si
1474 1403 1593 1442 lubet.

209 1489 246 1510 ιο
267 1477 336 1513 LA.
370 1487 477 1513 meas
499 1480 654 1524 oportet
674 1472 779 1511 intus
801 1486 885 1511 esse
906 1471 970 1509 hic
992 1470 1184 1517 mulieres,
1208 1469 1261 1507 mi
1283 1468 1525 1509 Charmides.

268 1542 344 1580 CH.
379 1539 556 1591 Iuppiter
576 1547 614 1578 te
634 1540 782 1590 perdat,
807 1546 844 1577 et
865 1537 897 1576 si
917 1545 1008 1576 sunt
1029 1544 1067 1575 et
1088 1536 1118 1575 si
1140 1550 1220 1575 non
1242 1543 1332 1574 sunt
1352 1543 1494 1573 tamen.

268 1607 336 1644 LA.
370 1605 471 1644 intro
512 1618 691 1656 rumpam
732 1604 810 1642 iam
850 1605 928 1642 huc
968 1603 1007 1641 in
1037 1601 1202 1641 Veneris
1243 1601 1524 1640 fanum—CH.
1557 1598 1597 1637 in
1617 1610 1684 1647 570

1152 1668 1378 1706 barathrum
1399 1664 1594 1704 mauelim.

268 1750 442 1787 opsecro,
466 1737 622 1787 hospes,
645 1738 696 1776 da
717 1736 813 1774 mihi
834 1736 983 1787 aliquid
1004 1735 1071 1775 ubi
1092 1733 1409 1774 condormiscam
1429 1729 1517 1769 loci.

270 1804 331 1841 SC.
364 1802 450 1841 istic
470 1802 538 1841 ubi
554 1802 613 1841 uis
631 1802 905 1841 condormisce
923 1818 929 1847 ;
960 1816 1078 1841 nemo
1095 1800 1289 1852 prohibet,
1307 1796 1509 1849 puplicum
1526 1802 1593 1834 est.

212 1879 249 1911 ¹5
271 1869 348 1907 CH.
380 1875 419 1906 at
439 1867 550 1906 uides
572 1881 635 1906 me
656 1875 816 1906 ornatus
837 1876 879 1906 ut
899 1867 972 1906 sim
994 1865 1239 1906 uestimentis
1260 1862 1413 1903 uuidis:

270 1932 398 1982 recipe
420 1946 482 1971 me
504 1932 543 1970 in
564 1940 723 1979 tectum,
747 1934 798 1971 da
819 1932 915 1970 mihi
936 1931 1160 1971 uestimenti
1181 1928 1330 1980 aliquid
1351 1926 1446 1967 aridi

270 1999 366 2036 dum
385 2006 567 2037 arescunt
588 2012 675 2037 mea
691 2013 700 2046 3
729 1998 768 2036 in
789 1998 922 2048 aliquo
943 1997 1012 2036 tibi
1033 1996 1195 2047 gratiam
1216 1996 1379 2034 referam
1399 1995 1501 2031 loco.
1617 2002 1681 2038 575

313 2112 374 2142 555
399 2114 418 2133 a
435 2113 501 2142 quo
520 2102 552 2133 P
648 2103 813 2134 arrabone
830 2101 862 2131 A
998 2103 1062 2141 556
1085 2101 1147 2131 iam
1166 2099 1356 2131 sexhibebit
1372 2098 1405 2129 P
1533 2105 1597 2135 559

269 2147 344 2177 illuc
376 2151 429 2178 est
462 2147 534 2187 [Le.
567 2146 730 2184 illuc’st2)
764 2146 905 2177 obsecro
934 2145 1061 2185 negotii
1093 2145 1143 2175 P:
1176 2144 1251 2175 illuc
1277 2153 1418 2183 opsecro
1447 2140 1596 2180 negotist

268 2189 439 2221 Fleckeisen
539 2193 599 2229 561
627 2190 680 2221 aiu
691 2189 736 2229 ‚Q
752 2200 840 2220 nunc
858 2189 891 2219 P
902 2189 948 2228 (N
958 2194 1019 2230 pro
1031 2189 1093 2223 ΑΙ)
1198 2189 1262 2226 562
1286 2188 1389 2217 iectas
1405 2184 1437 2215 P
1532 2184 1597 2222 566

268 2234 357 2272 potis
369 2244 442 2264 sum
457 2235 465 2251 ‘
476 2244 550 2264 cnm
563 2233 638 2263 lusu
651 2233 840 2264 verbomtm'
858 2232 923 2263 Leo
1012 2235 1073 2271 567
1102 2231 1291 2270 Nepuellae
1306 2234 1342 2260 ut
1356 2228 1416 2260 vid.
1432 2227 1463 2258 Α
1513 2237 1550 2258 es
1568 2226 1594 2268 i]

270 2282 320 2308 est
346 2277 379 2308 P
479 2278 590 2308 ueisse
617 2276 651 2306 A
684 2277 838 2316 (antiqua
856 2275 989 2316 formal
1135 2276 1199 2313 568
1224 2285 1276 2304 me
1301 2273 1334 2303 P
1472 2281 1536 2310 573
1560 2274 1596 2301 ut

271 2327 410 2352 ornatus
433 2320 466 2350 A
611 2330 673 2359 574
698 2325 784 2350 uest]
811 2319 936 2359 aliquid
963 2319 996 2349 P
1019 2318 1091 2359 (Le.
1120 2317 1324 2356 uestimenti‚
1352 2316 1408 2354 vii,
1436 2326 1467 2354 p.
1499 2315 1594 2353 106):

271 2365 395 2404 aliquid
414 2364 608 2395 uestimenti
626 2364 657 2393 A
