1783 2707
187 169 229 204 V.
255 166 301 202 iv
668 163 714 199 T.
750 160 928 199 MACCI
961 159 1165 196 PLAVTI

194 281 234 322 65
255 276 349 314 dato
370 274 422 312 mi
443 287 512 324 pro
534 274 610 311 offa
631 271 795 318 sauium,
819 283 889 320 pro
911 270 998 308 osse
1019 268 1191 318 linguam
1213 266 1370 306 obicito.
1602 275 1688 312 1235

255 341 307 379 ita
327 342 428 378 hanc
449 352 587 377 canem
609 337 749 376 faciam
771 335 842 374 tibi
863 337 951 374 oleo
972 333 1290 384 tranquilliorem.

256 408 336 444 HA.
360 405 397 443 it'
420 404 451 443 si
471 404 543 442 itis.
594 405 698 441 ΑΒΕ.
722 401 817 452 quid
839 414 911 440 nos
933 399 1096 438 fecimus
1118 398 1218 437 tibi?
1266 400 1346 436 HA.
1370 399 1472 436 fures
1494 395 1585 434 estis

1431 462 1582 500 ambae.

255 538 358 575 ΑΒΕ.
391 536 501 574 110511’
530 533 629 572 tibi?
687 535 768 571 HA.
800 545 871 570 uos
899 531 1071 581 inquam.
1133 531 1207 567 AG.
1240 536 1358 578 atque
1389 541 1461 578 ego
1491 526 1581 564 scio.

676 600 779 636 ΑΒΕ.
813 596 908 647 quid
930 595 970 634 id
990 594 1149 633 furtist?
1205 596 1279 632 Ao.
1312 595 1418 631 hunc
1438 599 1582 642 rogato.

259 668 338 704 HA.
371 665 462 716 quia
482 677 607 703 annos
629 665 772 701 multos
794 661 916 700 feilias
939 674 1046 699 meas
1068 659 1264 699 celauistis
1286 661 1385 697 clam
1407 672 1470 696 me

200 746 238 779 70
256 740 374 782 atque
395 731 580 781 equidem
602 729 790 779 ingenuas
811 727 975 766 leiberas
994 739 1230 775 summoque
1251 738 1392 775 genere
1412 730 1558 774 gnatas.
1611 737 1700 770 1240

257 799 361 835 ΑΒΕ.
378 809 595 845 numquam
611 801 803 832 mecastor
816 792 984 842 reperies
998 799 1039 829 tu
1055 791 1154 829 istuc
1169 791 1354 841 probrum
1369 802 1489 840 penes
1503 801 1586 826 nos.

258 864 332 900 AG.
365 862 416 899 da
436 860 588 911 pignus,
611 859 650 896 ni
671 872 777 896 nunc
798 857 972 908 peiieres‚
997 856 1037 894 in
1061 856 1225 900 sanium,
1250 862 1334 893 uter
1350 854 1425 892 utri
1446 854 1522 892 det.

259 929 362 965 ADE.
395 925 449 964 nil
479 933 610 964 tecum
649 937 734 975 ago,
769 923 940 974 apscede
971 922 1147 972 opsecro.
1208 923 1282 959 AG.
1315 928 1432 970 atque
1461 919 1591 957 hercle

1125 1000 1281 1025 mecum
1303 986 1499 1035 agendum
1522 991 1589 1022 est.

260 1071 352 1096 nam
387 1056 449 1095 hic
484 1063 642 1106 patruos
682 1067 793 1093 meus
832 1060 903 1101 est,
938 1066 1008 1103 pro
1049 1053 1127 1090 hoc
1163 1051 1259 1089 mihi
1298 1057 1486 1101 patronus
1520 1048 1592 1087 sim

1326 1128 1488 1154 necesse
1509 1121 1566 1152 est
1583 1128 1592 1162 5

207 1202 243 1235 75
263 1196 299 1227 et
321 1186 558 1238 praedicabo
579 1186 784 1236 quomodo
804 1197 876 1222 uos
897 1185 998 1222 furta
1018 1182 1167 1221 faciatis
1189 1183 1312 1220 multa
1615 1186 1700 1223 1245

263 1266 422 1304 quoque
443 1252 564 1290 modo
590 1249 594 1302 l
621 1250 736 1288 huius
759 1249 856 1287 filias
876 1249 983 1299 apud
1004 1248 1076 1286 005
1099 1246 1276 1285 habeatis
1297 1258 1440 1292 seruas,

263 1332 359 1369 quas
380 1330 451 1356 uos
473 1330 519 1355 ex
539 1315 662 1366 patria
682 1314 822 1353 liberas
844 1320 1042 1363 surruptas
1067 1325 1151 1351 esse
1170 1311 1286 1350 scitis.

264 1386 368 1422 ΑΒΕ.
400 1381 469 1421 ubi
493 1389 584 1420 sunt
610 1381 708 1420 eae?
736 1386 803 1417 aut
832 1391 939 1429 quas,
967 1378 1264 1428 opsecro—AG.
1300 1375 1382 1414 sati'
1403 1375 1480 1413 iarn
1507 1380 1597 1412 sunt

1369 1446 1596 1478 maceratae.

268 1516 348 1553 HA.
373 1512 468 1564 quid
490 1511 521 1550 si
542 1511 802 1562 eloquamur?
858 1511 933 1548 AG.
957 1521 1101 1548 censeo
1122 1508 1262 1553 hercle,
1286 1513 1433 1557 patrue.
1492 1506 1596 1542 ADE.

1319 1570 1460 1609 misera
1480 1569 1600 1608 timeo

209 1656 250 1686 80
269 1644 365 1695 quid
385 1645 461 1682 hoc
483 1644 529 1681 sit
552 1641 694 1692 negoti,
718 1654 806 1679 mea
826 1653 958 1687 soror3
989 1639 1042 1677 ita
1065 1637 1222 1689 stupida
1244 1637 1328 1675 sine
1347 1635 1481 1675 animo
1501 1642 1596 1673 asto.
1622 1645 1711 1682 1250

270 1713 350 1749 ΗΑ.
374 1708 568 1748 aduortite
589 1707 777 1753 animum,
800 1705 992 1744 mulieres.
1045 1703 1229 1755 primum,
1251 1702 1281 1741 si
1301 1701 1342 1741 id
1363 1701 1444 1739 fieri
1464 1699 1597 1751 possit,

269 1789 318 1814 ne
339 1775 500 1825 indigna
521 1772 691 1823 indignis
712 1772 752 1811 di
773 1773 922 1818 darent,
946 1770 986 1809 id
1008 1783 1081 1820 ego
1103 1768 1299 1808 euenisset
1326 1767 1494 1813 uellem3
1576 1754 1577 1757 Ἰ

270 1855 376 1880 nunc
397 1841 506 1891 quod
526 1838 622 1878 boni
644 1838 739 1876 mihi
761 1837 801 1876 di
823 1839 985 1884 danunt,
1005 1836 1144 1875 uobeis
1166 1843 1401 1884 nostraeque
1422 1831 1545 1880 matri,

271 1922 336 1947 eas
357 1909 416 1946 dis
438 1913 495 1945 est
515 1918 686 1955 aequom
707 1903 848 1955 gratias
870 1917 942 1942 nos
964 1917 1077 1954 agere
1099 1901 1367 1952 sempiternas,

213 1984 253 2024 85
273 1986 394 2024 quom
424 1978 597 2010 nostram
628 1970 814 2020 pietatem
844 1965 1067 2020 adprobant
1097 1969 1366 2017 decorantque
1390 1964 1431 2004 di
1462 1963 1603 2002 inmor-
1625 1974 1710 2011 1255

1495 2030 1601 2067 tales.

320 2143 402 2182 1238
426 2142 458 2172 id
475 2141 553 2172 furti
572 2141 654 2173 estis
671 2141 704 2172 P
719 2141 752 2182 (i.
769 2151 797 2180 7,
813 2150 844 2180 p.
857 2139 913 2181 2ο)
983 2149 1072 2170 nunc
1084 2138 1118 2169 P
1218 2148 1300 2176 1240
1323 2137 1457 2177 quidem
1475 2134 1608 2175 Bentley

275 2198 293 2218 e
313 2197 437 2227 genere
461 2185 493 2216 A
589 2196 671 2225 1242
696 2187 737 2216 da
754 2195 819 2215 om.
838 2184 871 2214 A
975 2192 1057 2222 1243
1080 2182 1170 2222 atqui
1191 2181 1325 2213 Guietus
1417 2189 1499 2219 1245
1523 2182 1606 2219 0οὕ-

276 2232 375 2262 modo
392 2233 578 2270 suspectum
599 2231 649 2270 (cf.
666 2229 713 2260 ad
721 2228 837 2259 Bacch.
851 2227 948 2266 1068)
1017 2237 1078 2257 uos
1090 2226 1148 2257 del.
1161 2225 1198 2257 E.
1213 2225 1331 2256 Becker
1354 2224 1391 2263 cf.
1406 2223 1453 2254 ad
1466 2234 1495 2254 v.
1508 2223 1605 2262 1246)

266 2276 346 2315 sort.
368 2273 560 2305 furtificetis
579 2273 624 2313 (v.
646 2274 675 2311 1)
813 2273 896 2310 1246
920 2271 1043 2311 000001
1060 2270 1092 2301 Β
1167 2272 1226 2300 ant
1241 2279 1301 2299 005
1323 2267 1461 2299 addend.
1481 2266 1611 2297 uidetur

273 2322 347 2359 post
359 2329 420 2349 005
435 2317 580 2357 ‹svelpost
594 2316 760 2355 habeatis)
777 2316 828 2356 (cf
842 2326 870 2346 v.
888 2315 988 2354 1245)
1001 2317 1062 2345 aut
1075 2313 1220 2344 hominis
1232 2315 1308 2353 post
1320 2312 1418 2342 huius
1430 2310 1488 2349 (iii,
1502 2320 1533 2349 p.
1547 2311 1605 2348 51)

279 2363 418 2393 huiusce
437 2361 651 2392 Cameram'us
742 2361 825 2399 1248
843 2358 927 2400 Aen]
947 2359 996 2388 vel
1012 2357 1080 2388 HA.
1183 2366 1265 2395 1249
1289 2355 1378 2395 Quin
1397 2355 1538 2393 eloquar
1554 2352 1606 2383 P:

278 2406 359 2446 quin
374 2407 570 2444 eloquamur
584 2403 686 2436 W'eise
738 2404 844 2442 110101.
859 2427 865 2434 .
879 2402 911 2432 A
925 2414 932 2433 :
949 2411 1030 2441 ergo
1041 2400 1129 2431 PCD:
1155 2400 1281 2438 hercle,
1293 2410 1312 2429 0
1326 2400 1365 2441 (3)
1381 2397 1447 2428 Leo
1525 2406 1604 2435 1251

280 2453 393 2490 posset
409 2449 441 2478 Α
583 2458 667 2488 1252
692 2447 831 2478 euenire
848 2445 881 2476 P

955 2516 977 2527 l
