1731 2713
699 103 990 142 POENVLVS
1460 96 1505 131 V.
1527 92 1556 129 ii

153 268 156 271 ἱ
183 222 257 260 AG.
280 221 448 271 agedum
465 221 542 258 huc
558 218 733 257 ostende.
784 223 842 254 est
863 228 930 265 par
950 213 1082 264 probe.
1134 224 1224 248 nam
1242 209 1369 246 habeo
1387 206 1506 246 domi.

78 298 166 334 1050
185 287 265 323 HA.
298 299 321 323 0
343 285 395 323 mi
417 286 572 334 hospes,
595 284 702 321 salue
723 282 890 319 multum
909 282 915 317 1
945 291 1035 316 nam
1058 276 1111 314 mi
1133 277 1211 313 tuo‘
1233 282 1340 324 pater
1529 285 1570 316 90

183 350 344 400 patritus
366 353 519 399 †erg0†
541 350 685 397 hospes
706 345 942 384 Antidamas
964 342 1045 380 fuit.

182 417 279 454 haee
301 415 353 453 mi
374 414 577 465 hospitalis
599 412 745 451 tessera
764 424 854 449 cum
876 410 942 448 illo
964 409 1045 446 suit.

182 483 258 519 AG.
290 494 381 531 ergo
403 480 465 518 hic
486 480 593 529 apud
615 479 706 516 med
727 475 941 526 hospitium
963 471 1224 525 praebebitur.

183 559 274 584 nam
295 547 372 584 hau
394 544 558 595 repudio
579 542 794 593 hospitium
816 554 944 590 neque
965 538 1255 588 Carthaginem.

78 624 160 660 1055
182 611 262 650 ind'
282 615 368 649 siim
390 610 589 649 oriundus.
652 610 731 646 HA.
765 607 804 645 di
825 608 920 645 dent
941 605 1011 643 tibi
1032 618 1170 643 omnes
1191 615 1292 653 quae
1313 599 1410 639 uelis
1428 602 1434 637 ἶ
1528 605 1568 638 95

182 675 278 726 quid
297 676 383 714 ais?
413 675 480 725 qui
501 674 628 725 potuit
650 673 731 712 fieri
754 672 810 710 uti
832 669 1059 720 Carthagini

180 749 320 792 gnatus
342 741 422 779 sis?
452 740 516 779 hic
536 747 668 778 autem
690 736 861 776 habuisti
883 737 1069 774 Aetolum
1090 741 1251 784 patrem.

181 808 256 845 AG.
289 814 491 856 surruptus
512 819 599 844 sum
621 804 728 842 illim.
789 802 852 840 hic
874 815 937 840 me
958 800 1192 838 Antidamas
1214 799 1357 847 hospes
1378 803 1466 833 tuos

182 872 276 910 emit
297 879 335 910 et
355 871 386 909 is
408 884 471 909 me
492 870 566 909 sibi
586 868 791 919 adoptauit
813 867 947 909 filium.

77 942 164 976 1060
185 939 264 976 HA.
300 937 526 975 Demarcho
546 935 640 974 item
662 934 745 985 ipse
766 933 838 971 fuit
858 931 1131 982 adoptaticius.
1537 938 1598 962 100

182 1004 252 1041 sed
273 1002 386 1040 mitto
407 1002 456 1039 de'
477 1000 578 1048 illoc,
601 1001 652 1038 ad
672 1007 710 1038 te
730 1000 861 1037 redeo.
920 997 984 1036 dic
1004 996 1112 1043 mihi,

182 1067 326 1118 ecquid
348 1065 560 1105 meministi
581 1073 691 1103 tuom
713 1071 919 1115 parentum
942 1060 1114 1108 nomina,

181 1132 299 1183 patris
341 1139 460 1182 atque
503 1130 665 1169 matris?
738 1131 813 1167 AG.
856 1126 1028 1166 memini.
1109 1127 1190 1163 HA.
1238 1125 1509 1162 memoradum

1402 1189 1508 1235 mihi,

181 1262 211 1301 si
233 1262 327 1302 noui
348 1264 445 1301 forte
465 1270 533 1301 aut
553 1261 584 1301 si
605 1269 695 1300 sunt
715 1260 871 1311 cognati
892 1258 999 1298 mihi.

75 1333 158 1377 1065
181 1330 256 1367 AG.
287 1328 525 1378 Ampsigura
546 1335 668 1366 mater
689 1326 785 1364 mihi
806 1325 888 1372 fuit,
913 1326 1040 1364 Iahon
1061 1331 1179 1375 pater.
1535 1332 1594 1364 105

182 1395 262 1431 HA.
295 1401 446 1444 patrem
467 1400 587 1443 atque
607 1399 771 1430 matrem
793 1390 972 1429 uiuerent
993 1391 1136 1427 uellem
1158 1387 1239 1426 tibi.

180 1460 255 1497 AG.
287 1472 338 1496 an
359 1458 503 1496 mortui
524 1459 644 1496 sunt?
702 1459 783 1495 HA.
816 1457 975 1502 factum,
998 1455 1107 1505 quod
1129 1467 1202 1504 ego
1222 1465 1335 1503 aegre
1356 1451 1437 1490 tuli.

179 1538 271 1562 nam
293 1524 389 1562 mihi
410 1523 569 1563 sobrina
588 1522 824 1573 Ampsigura
844 1529 911 1559 tua
932 1528 1054 1559 mater
1074 1519 1146 1558 fuit
1161 1534 1170 1566 3

180 1598 290 1640 pater
310 1598 409 1637 tuos,
432 1589 464 1627 is
485 1597 566 1628 erat
586 1590 701 1627 frater
721 1587 906 1638 patruelis
926 1599 1050 1632 meus,

73 1664 163 1699 1070
180 1662 217 1693 et
239 1654 269 1694 is
290 1669 354 1694 me
374 1656 561 1693 heredem
582 1654 673 1693 fecit
693 1667 814 1704 quom
837 1666 950 1691 suom
971 1650 1069 1690 obiit
1089 1650 1206 1697 diem,
1534 1657 1595 1678 110

179 1734 259 1770 quo
280 1720 475 1771 priuatum
497 1721 589 1758 med
609 1733 722 1769 aegre
742 1719 868 1769 patior
889 1725 1055 1756 mortuo.

179 1787 249 1824 sed
270 1787 302 1825 si
322 1786 374 1825 ita
395 1795 464 1834 est,
487 1794 529 1824 ut
550 1794 592 1824 tu
612 1785 663 1823 sis
686 1784 848 1823 Iahonis
870 1784 981 1830 filius,

228 1902 310 1931 1049
334 1893 410 1923 huic
430 1892 461 1922 A
538 1903 574 1922 es
591 1891 624 1921 A
703 1891 798 1932 nam]
817 1901 915 1930 quam
933 1889 1068 1929 Seyffert
1144 1888 1279 1918 domum
1297 1885 1330 1916 P
1429 1895 1513 1924 1050

180 1935 259 1965 mihi
277 1940 353 1966 tuus
370 1946 401 1975 p.
418 1935 472 1966 P:
497 1936 540 1965 mi
561 1946 592 1974 p.
613 1934 645 1964 A
755 1945 834 1973 1051
863 1934 950 1973 patri
968 1938 1045 1963 tuus
1062 1932 1095 1962 P
1109 1935 1145 1961 ut
1161 1930 1224 1962 vid.
1247 1932 1360 1971 (pater
1377 1934 1454 1960 tuus
1470 1929 1511 1967 B,

180 1983 320 2017 patruus
339 1979 385 2019 C)
487 1979 543 2009 vix
559 1989 670 2018 erego,
697 1978 834 2017 antiqua
848 1978 966 2017 forma
1142 1985 1224 2013 1052
1248 1985 1347 2014 quom
1365 1973 1512 2013 P(ant1·-

180 2022 388 2062 quaforma)
495 2032 576 2061 1053
602 2022 783 2061 hospitium
802 2020 894 2062 [tibi]
912 2020 944 2050 P
1035 2029 1115 2059 1054
1141 2030 1216 2049 nam
1228 2017 1336 2060 (ego)
1353 2017 1512 2047 Mueller:

180 2075 325 2106 namque
342 2065 517 2096 Acidalius
527 2070 603 2106 post
616 2065 775 2105 Pyladem
865 2065 1030 2104 prepudio
1050 2064 1083 2093 P
1224 2072 1305 2101 1055
1332 2062 1421 2092 unde
1437 2061 1511 2092 Ital.

183 2111 266 2149 1056
288 2110 360 2150 qui]
379 2109 459 2149 quid
476 2109 508 2140 A
617 2114 652 2140 ut
668 2109 755 2141 codd.
916 2109 998 2147 1058
1023 2108 1078 2138 vix
1101 2112 1238 2146 surptus
1264 2106 1396 2144 (Journ.
1426 2104 1511 2135 Phil.

181 2154 232 2192 26,
253 2155 330 2192 296)
422 2153 512 2184 illinc
529 2153 617 2184 codd.
710 2153 893 2183 Antidama
911 2151 1048 2181 Mueller
1184 2152 1264 2188 1063
1291 2150 1395 2188 patris
1410 2153 1511 2186 atque

181 2198 296 2227 matris
320 2196 458 2227 memini
474 2196 701 2238 Agorastoclis
716 2196 749 2226 P
856 2197 1109 2226 memorandum
1129 2195 1161 2224 P
1309 2194 1389 2231 1064
1414 2191 1508 2232 noui]

181 2240 274 2270 notio
290 2240 323 2269 A
429 2242 510 2280 1065
536 2240 595 2270 fuit
618 2240 700 2270 mihi
717 2239 751 2269 A
859 2241 943 2269 1066
969 2249 1050 2277 1103
1074 2238 1159 2268 deest
1182 2237 1214 2267 A
1341 2238 1421 2274 1067
1448 2245 1510 2273 ego

180 2293 247 2315 om.
266 2283 343 2313 PBC
364 2284 424 2321 (iii.
445 2285 476 2325 1)
624 2293 703 2322 1071
731 2293 783 2314 me
809 2284 976 2323 priuatum
1001 2282 1087 2313 cod.:
1116 2282 1226 2311 traieci
1249 2292 1256 2311 z
1281 2291 1321 2310 m.
1341 2290 1371 2319 p.
1389 2277 1510 2321 (esse)

183 2326 210 2357 C
208 2327 392 2357 can-zerarius
