1731 2713
687 99 977 140 POENVLVS
1465 103 1492 139 1.
1516 103 1545 140 ii

91 217 157 251 260
179 264 181 267 .
414 210 545 261 lingua
565 209 656 248 huic
677 209 834 257 excidit,
854 218 895 247 ut
916 221 989 259 ego
1009 209 1158 260 opinor.

175 309 267 360 quid
298 309 371 357 hic,
406 311 563 357 malum,
595 318 726 348 astans
756 308 1010 359 opstipuisti?
1067 312 1140 347 Ac.
1174 310 1257 348 sine
1281 322 1419 356 amem,
1448 324 1497 348 ne

1146 374 1314 424 opturba
1333 387 1378 412 ac
1399 382 1492 414 tace.

175 441 244 478 Ml.
277 447 398 478 taceo.
459 442 532 478 Ao.
565 439 596 477 si
618 438 814 486 tacuisses,
840 439 914 476 iam
937 438 1035 477 istuc
1060 440 1214 477 ‘taceo’
1236 452 1315 478 non
1335 448 1494 490 gnatum
1516 457 1554 488 55

1387 505 1484 543 soret

172 571 301 608 ANTE.
335 583 481 617 eamus,
500 582 586 608 mea
607 582 724 608 soror.
784 571 888 606 ΑΗΕ.
913 570 989 607 eho
1009 569 1164 615 amabo,
1188 568 1284 619 quid
1306 569 1371 607 illo
1391 582 1497 607 nunc

921 635 1135 684 properas?
1190 636 1322 672 ANTE.
1355 636 1497 685 rogas?

171 698 263 750 quia
292 712 378 738 erus
409 712 481 738 nos
501 700 607 749 apud
628 700 767 738 aedem
790 698 954 737 Veneris
985 707 1144 737 mantat.
1205 701 1308 737 Ama.
1342 707 1496 737 maneat

1232 764 1308 814 pol.
1368 777 1492 803 mane.

82 834 146 879 265
170 829 283 867 turba
303 838 360 868 est
382 843 486 868 nunc
507 831 612 880 apud
633 843 749 867 aram.
809 843 859 867 an
881 837 917 867 tc
940 828 992 867 ibi
1010 829 1069 867 uis
1086 829 1185 868 inter
1201 828 1291 867 ista'ts
1308 829 1497 868 uorsarier

169 895 366 945 prosedas,
390 894 581 945 pistorum
601 894 761 941 amicas,
781 894 932 945 reginas
953 893 1138 941 alicarias,

170 960 328 999 miseras
350 961 525 999 schoeno
546 959 741 998 delibutas
763 958 1001 998 seruilicolas
1023 959 1210 1006 sordidas,
1514 967 1556 999 60

168 1037 270 1075 quac
300 1024 370 1063 tibi
398 1026 505 1063 olant
534 1024 731 1062 stabulum
760 1031 994 1074 statumque,
1026 1025 1159 1063 sellam
1192 1032 1229 1062 et
1259 1024 1492 1063 sessibulum

1332 1103 1494 1137 merum,

167 1167 263 1205 quas
288 1155 390 1194 adeo
415 1156 492 1193 hau
520 1155 727 1205 quisquam
756 1167 944 1204 umquam
967 1155 1064 1192 liber
1085 1154 1208 1205 tetigit
1231 1167 1359 1205 neque
1386 1154 1496 1193 duxit

1317 1220 1479 1258 domum

80 1285 148 1319 270
167 1275 409 1312 seruolorum
431 1273 721 1313 sordidulorum
744 1281 869 1313 scorta
891 1273 1137 1312 diobolaria?
1484 1251 1493 1268 '

169 1340 239 1376 311.
273 1338 283 1376 i
304 1339 343 1376 in
366 1340 509 1377 malam
531 1352 686 1377 crucem
708 1342 714 1377 !
744 1346 813 1377 tun
834 1339 957 1377 audes
978 1337 1093 1377 etiam
1118 1351 1250 1377 seruos
1272 1351 1466 1388 spernere,

166 1403 438 1455 propudium?
467 1403 577 1454 quasi
599 1404 701 1442 bella
722 1403 780 1451 sit,
804 1403 915 1453 quasi
936 1416 1095 1453 eampse
1116 1417 1224 1453 reges
1245 1403 1450 1451 ductitent,
1513 1409 1553 1450 65

166 1476 386 1508 monstrum
408 1468 591 1516 mulieris,
617 1468 767 1507 tantilla
790 1476 897 1506 tanta
921 1468 1041 1507 uerba
1065 1468 1244 1516 funditat‚

165 1534 308 1586 quoius
329 1546 402 1584 ego
422 1533 580 1572 nebulai
601 1534 743 1584 cyatho
764 1541 915 1584 septem
936 1541 1073 1572 noctes
1094 1547 1174 1572 non
1191 1546 1330 1572 emam.

79 1614 144 1650 275
166 1602 240 1638 AG.
264 1598 304 1638 di
318 1599 543 1638 inmortales
557 1598 861 1649 omnipotentes,
877 1598 972 1648 quid
986 1606 1044 1637 est
1059 1600 1165 1649 apud
1182 1611 1253 1637 uos
1267 1598 1494 1649 pulchrius?

165 1664 261 1714 quid
283 1663 435 1702 habetis
457 1663 523 1714 qui
545 1676 656 1714 mage
677 1663 893 1702 inmortalis
915 1676 986 1702 uos
1008 1664 1164 1702 credam
1182 1676 1266 1702 esse
1282 1676 1399 1713 quarn
1422 1676 1494 1714 ego

1397 1741 1493 1767 Siem

166 1794 232 1846 qui
263 1797 360 1834 haec
386 1802 494 1833 tanta
519 1794 642 1833 oculis
674 1795 778 1833 bona
808 1794 1021 1845 concipio?
1052 1807 1142 1832 nam
1165 1795 1300 1833 Venus
1328 1807 1408 1832 non
1436 1802 1494 1833 est
1516 1806 1554 1840 70

1332 1861 1467 1898 Venus
1486 1873 1493 1897 :

167 1927 268 1965 hanc
307 1925 492 1977 equidem
524 1927 721 1964 Venerem
757 1925 975 1964 uenerabor
1015 1938 1076 1964 me
1116 1933 1158 1963 ut
1192 1932 1295 1963 amet
1330 1925 1494 1974 posthac

1314 1988 1491 2039 propitia.

169 2056 349 2107 Milphio,
365 2057 474 2105 heus,
493 2055 674 2106 Milphio,
697 2054 764 2094 ubi
785 2057 855 2094 es?
911 2057 981 2093 M1.
1005 2068 1136 2094 assum
1157 2056 1264 2105 apud
1286 2062 1322 2093 te
1343 2067 1491 2094 eccum.

915 2122 989 2158 AG.
1021 2128 1060 2158 at
1080 2133 1153 2170 ego
1173 2119 1295 2159 elixus
1317 2119 1367 2158 sis
1388 2119 1490 2158 uolo.

211 2215 276 2245 260
308 2214 356 2245 vel
377 2214 480 2254 opino
629 2213 687 2243 261
715 2212 906 2253 opstipuisti
939 2212 1173 2243 Camerarius:
1210 2212 1393 2252 opstituisti
1425 2211 1494 2243 cod.

168 2268 206 2289 ac
223 2262 297 2289 tace
315 2258 527 2289 Camerarius
542 2268 548 2287 :
572 2261 681 2288 aetate
698 2256 764 2287 cod.
900 2257 963 2294 264
989 2260 1115 2286 mantet
1131 2255 1186 2295 pol
1204 2254 1332 2286 Rz'lschl
1431 2256 1494 2287 266

169 2302 303 2341 reginas
327 2300 397 2342 (T)
423 2301 474 2332 vel
494 2299 650 2340 reliquias
677 2299 782 2341 (PBG)
805 2299 871 2331 cod.
997 2301 1058 2338 267
1083 2298 1301 2330 seruulicolas
1320 2298 1489 2339 Gruterus,

167 2345 226 2376 sed
237 2345 275 2384 cf.
294 2344 434 2376 Skutsch
453 2343 583 2383 (Jahrb.
611 2343 713 2374 class.
740 2343 857 2374 Pln‘lol.
881 2342 986 2383 suppl.
1015 2352 1065 2382 27,
1088 2348 1163 2382 1035
1281 2352 1344 2381 270
1368 2343 1492 2374 duobo-

169 2387 250 2420 laria
265 2388 332 2420 cod.
467 2388 531 2426 278
554 2388 697 2427 posthac
723 2386 953 2417 Camerarius:
981 2385 1051 2427 [ac]
1075 2386 1126 2425 (at
1149 2385 1237 2427 PBC)
1256 2386 1397 2426 posthac
1415 2386 1493 2426 (pos

169 2431 247 2472 hac)
265 2431 330 2463 cod.
351 2432 411 2474 (iv.
427 2433 463 2471 3)
597 2440 661 2470 279
686 2429 828 2469 Milphio
844 2429 898 2460 all.
919 2428 976 2459 del.
994 2428 1096 2459 Bothe
