1783 2707
139 157 206 193 IV.
228 166 258 191 v

176 994 214 1015 10

167 1154 214 1191 vi

180 1976 220 1999 10

645 154 690 191 T.
725 152 905 192 MACCI
936 153 1140 189 PLAVTI

791 304 1002 340 BALLIO

339 393 482 430 Hahae
503 394 509 429 1
539 405 646 429 nunc
667 392 829 429 demum
852 389 904 427 mi
925 389 1079 427 animus
1101 388 1140 426 in
1162 396 1247 427 tuto
1268 390 1403 435 locost,

338 464 549 507 postquam
570 456 642 494 iste
664 455 755 493 hinc
775 454 871 492 abiit
891 462 1010 504 atque
1031 454 1195 492 abduxit
1216 454 1431 492 mulierem.

340 521 431 560 iube
453 524 559 559 mine
580 521 714 559 uenire
736 520 989 565 Pseudolum,
1014 521 1205 557 scelerum
1227 526 1355 568 caput,

340 595 378 625 et
398 587 595 625 abducere
615 599 638 624 a
660 599 721 623 me
743 584 946 623 mulierem
968 584 1139 622 fallaciis.
1583 596 1668 633 1055

339 651 540 701 conceptis
562 653 692 689 hercle
712 649 852 695 uerbis,
877 649 959 687 sati'
979 656 1086 687 certo
1107 649 1199 697 scio,

337 731 410 767 ego
431 717 621 766 peiiurare
643 729 705 753 me
727 716 936 752 mauellem
958 714 1111 752 miliens

338 796 457 832 quam
480 781 575 819 mihi
597 781 705 819 illum
728 781 849 819 uerba
869 793 937 829 per
958 779 1218 818 deridiculum
1241 780 1343 818 dare.

339 861 445 885 nunc
466 846 658 885 deridebo
679 847 808 884 hercle
830 845 1045 892 hominem,
1069 845 1100 882 si
1121 858 1373 892 conuener03

340 926 477 950 uerum
499 911 537 949 in
559 910 724 960 pistrino
746 911 878 957 credo,
900 917 941 947 ut
962 909 1160 957 conuenit,
1184 911 1276 947 fore.
1586 913 1674 947 1060

341 991 446 1015 nunc
468 990 541 1027 ego
562 976 765 1014 Simonem
788 974 840 1012 mi
862 974 1021 1013 obuiam
1043 974 1176 1013 ueniat
1196 974 1326 1022 uelim,

341 1050 382 1080 ut
404 1056 491 1081 mea
511 1041 657 1081 laetitia
677 1043 800 1080 laetus
821 1040 1058 1091 promiscam
1080 1040 1162 1079 siet.

663 1154 802 1192 SiMo
914 1154 1126 1190 BALL10

341 1238 458 1275 Smo.
491 1236 608 1274 Visso
629 1235 725 1285 quid
747 1249 874 1273 rerum
896 1248 1006 1273 meus
1028 1234 1161 1272 Vlixes
1183 1233 1311 1284 egerit,

342 1302 471 1340 iamne
491 1302 635 1339 habeat
656 1300 810 1351 signum
832 1315 878 1339 ex
898 1313 985 1338 arce
1008 1299 1210 1338 Ballionia.

344 1370 412 1405 BA.
446 1381 469 1405 O
490 1368 697 1413 fortunate,
720 1367 821 1404 cedo
842 1367 1079 1403 fortunatam
1101 1378 1274 1410 manum,
1582 1367 1669 1411 1065

342 1433 461 1471 Simo.
521 1434 639 1470 SIMO.
671 1433 767 1481 quid
797 1433 884 1469 est?
942 1432 1012 1468 BA.
1044 1429 1295 1468 iam—Simo.
1328 1428 1423 1479 quid
1453 1429 1561 1466 iam?

557 1498 626 1534 BA.
660 1496 756 1534 nihil
778 1503 836 1534 est
857 1497 965 1545 quod
986 1502 1147 1533 metuas.
1208 1496 1324 1533 Snuo.
1358 1493 1453 1543 quid
1474 1494 1564 1532 est?

343 1562 504 1602 uenitne
525 1564 646 1600 homo
666 1563 717 1600 ad
738 1563 805 1599 te?
854 1563 923 1599 BA.
956 1574 1048 1599 non.
1086 1562 1221 1599 ‘SIMQ
1255 1558 1350 1609 quid
1372 1566 1429 1597 est
1450 1558 1564 1608 igitur

1440 1623 1564 1661 boni?

344 1697 414 1733 BA.
448 1693 577 1732 minae
599 1692 736 1743 uiginti
758 1706 876 1730 sanae
898 1699 935 1730 et
956 1693 1088 1730 saluae
1109 1698 1200 1729 sunt
1220 1689 1302 1736 tibi,

342 1759 462 1798 hodie
483 1771 580 1809 quas
601 1771 670 1807 aps
692 1766 729 1796 te
751 1765 808 1796 est
830 1757 1080 1806 instipulatus
1102 1756 1333 1794 Pseudolus.

344 1827 461 1864 SIMO.
485 1824 603 1862 uelim
621 1823 782 1873 quidem
799 1813 940 1861 hercle.
993 1824 1064 1860 BA.
1087 1835 1179 1872 roga
1195 1835 1256 1860 me
1272 1819 1410 1871 uiginti
1425 1819 1560 1867 minas,
1586 1831 1676 1865 1070

345 1890 374 1928 si
397 1891 459 1928 ille
480 1888 599 1928 hodie
620 1888 684 1926 illa
705 1888 753 1926 sit
773 1888 920 1938 potitus
941 1887 1103 1925 muliere

346 1956 428 1994 siue
449 1969 535 1994 eam
556 1962 624 1993 tuo
645 1962 763 2004 gnato
784 1953 914 2000 hodie,
938 1960 980 1991 ut
1001 1952 1188 2003 promisit,
1212 1951 1331 1991 dabit.

344 2034 446 2071 roga,
470 2033 634 2070 opsecro
656 2021 785 2058 hercle
801 2034 811 2067 3
839 2018 963 2069 gestio
984 2018 1221 2069 promittere,

281 2110 362 2140 1052
387 2100 466 2130 mihi
485 2100 649 2140 demUle
667 2099 699 2129 A
844 2103 894 2130 est
912 2098 984 2129 loco
1001 2098 1034 2128 Ρ
1219 2107 1301 2136 1054
1326 2096 1419 2137 iube]
1437 2096 1518 2127 libet
1535 2096 1568 2126 Ρ

237 2156 318 2185 1057
337 2143 514 2175 mauellem
532 2154 585 2173 me
610 2143 727 2183 Psort.
747 2147 823 2173 recle
977 2151 1060 2181 1059
1084 2141 1128 2182 si]
1149 2141 1255 2180 (cum)
1274 2140 1324 2171 vel
1336 2140 1563 2179 similitergubi

238 2189 349 2224 Goelz]
364 2189 396 2219 A
522 2189 604 2218 1060
621 2187 816 2226 pristrinum
830 2186 862 2216 Ρ
985 2187 1063 2216 1061
1084 2190 1162 2215 ueni
1176 2186 1208 2225 (i.
1220 2195 1241 2215 e.
1259 2184 1386 2220 ueniat)
1409 2188 1444 2214 ut
1455 2183 1516 2214 vid.
1535 2183 1568 2214 P

237 2233 380 2271 (uenitat
398 2231 437 2268 B,
452 2231 569 2262 uenire
587 2230 674 2270 PCD)
783 2231 864 2260 1062
883 2228 1097 2269 promiscaP
1195 2231 1275 2267 1063
1293 2227 1392 2267 quiP
1452 2237 1562 2258 meum

244 2287 321 2307 corr.
337 2286 431 2307 meus
443 2280 479 2306 ut
492 2274 554 2305 vid.
568 2275 600 2305 Ρ
722 2275 804 2312 1064
822 2273 1012 2303 ballionaP
1115 2273 1196 2310 1065
1223 2272 1242 2302 f.
1263 2272 1362 2311 modo
1379 2281 1510 2302 manum
1529 2271 1562 2300 A

236 2321 293 2359 (iv.
314 2322 348 2359 3)
471 2320 554 2349 1066
579 2318 674 2349 Simo
693 2342 699 2349 .
720 2341 726 2348 .
745 2341 751 2348 .
772 2316 916 2357 metuas]
949 2317 1029 2355 quid
1049 2315 1128 2356 ἣρω
1141 2316 1220 2354 quid
1236 2320 1301 2350 (est
1316 2315 1418 2355 quo)d
1433 2321 1562 2345 metuas

234 2364 267 2394 A
327 2363 419 2394 Simo
437 2362 495 2393 del.
516 2361 648 2401 Bentley
663 2363 736 2401 (seq.
754 2361 859 2393 Snviol
969 2361 1049 2398 1067
1075 2360 1177 2398 igitur
1195 2363 1246 2388 est
1262 2358 1294 2387 A
1403 2359 1486 2397 1069
1509 2363 1562 2388 θεῖ

236 2407 451 2446 instipulatus
469 2406 658 2436 Priscianus
678 2416 704 2444 1,
723 2406 786 2443 388
808 2416 814 2435 z
839 2404 919 2434 inde
936 2409 986 2434 est
1004 2402 1218 2442 instipulatus
1235 2401 1286 2431 P:
1311 2406 1362 2431 est
1383 2401 1562 2440 stipulatus

235 2451 269 2481 A

378 2460 456 2489 1071
484 2450 532 2479 vel
543 2450 570 2480 si
585 2449 651 2479 illic
729 2448 784 2479 vix
800 2448 900 2478 hodie
983 2447 1033 2477 vel
1045 2447 1109 2477 siet
1216 2454 1298 2484 1073
1324 2445 1374 2485 (cf.
1398 2445 1471 2484 116>
1489 2445 1556 2475 secl.

237 2495 364 2525 Lorenz
467 2497 583 2531 rogato
600 2492 633 2522 Ρ
649 2493 697 2532 (rs.
719 2491 765 2522 ad
777 2491 873 2522 Stich.
894 2492 989 2533 2562
