1731 2713
746 67 970 106 RVDENS
1472 69 1515 104 V.
1538 68 1582 104 iii

194 180 270 217 DA.
311 177 387 217 iam
429 177 480 216 ab
525 177 623 215 istoc
665 177 814 215 auferre
860 176 966 214 haud
1008 175 1146 223 ausim,
1188 176 1218 214 si
1262 175 1389 214 istunc
1428 189 1517 215 con-

1261 242 1515 281 demnauero.

192 307 431 360 promisistin
459 308 550 347 huic
570 308 804 359 argentum?
863 307 931 344 LA.
965 307 1097 346 fateor.
1161 308 1234 344 DA.
1268 307 1377 356 quod
1405 319 1519 345 seruo

1396 371 1523 423 (meo)

87 447 173 492 1385
195 439 405 490 promisisti
427 452 558 477 meum
580 451 665 477 esse
686 445 852 488 oportet,
877 451 925 476 ne
947 445 999 484 tu,
1024 439 1124 484 leno,
1149 438 1323 488 postules

195 513 232 543 te
253 504 316 543 hic
338 505 415 543 fide
435 503 593 542 lenonia
613 502 668 541 uti
687 518 692 540 :
724 516 804 540 non
826 510 948 553 potes.
1010 503 1087 541 GR.
1120 501 1195 540 iam
1218 510 1255 541 te
1275 504 1390 541 ratu’s
1541 516 1582 547 30

196 577 353 608 nactum
385 567 586 607 hominem
620 580 738 617 quem
771 568 1028 606 defrudares?
1067 568 1245 606 dandum
1276 568 1354 606 huc
1387 580 1520 618 argen-

1144 640 1227 670 tum
1249 640 1307 672 est
1327 633 1496 684 probum
1515 647 1521 671 :

195 700 235 739 id
256 712 329 750 ego
348 699 538 738 continuo
560 698 650 737 huic
671 699 777 738 dabo
797 699 899 737 adeo
921 697 983 736 me
1004 706 1046 736 ut
1067 697 1130 736 hic
1152 698 1304 737 emittat
1324 711 1455 737 manu.

199 767 275 803 m.
307 765 468 815 quando
497 777 588 814 ergo
618 778 708 814 erga
743 772 780 802 te
810 763 1004 814 benignus
1032 762 1141 816 (ego)
1170 763 1221 803 fui
1257 770 1376 814 atque
1405 776 1524 814 opera

1436 841 1523 866 mea

90 905 180 942 1390
197 896 295 935 haec
325 894 394 934 tibi
423 902 513 934 sunt
540 902 739 934 seruata—
750 896 770 931 (
774 897 826 933 ¹11³.
859 894 982 933 immo
1010 895 1140 933 hercle
1161 907 1259 941 mea,
1282 907 1332 933 ne
1353 900 1394 933 tu
1415 893 1523 932 dicas

1443 966 1520 996 tua.

200 1028 274 1065 DA.
309 1025 358 1077 (si
378 1026 516 1076 sapies,
539 1025 705 1075 tacebis)
727 1033 810 1063 tum
832 1033 869 1064 te
891 1024 987 1063 mihi
1009 1023 1177 1075 benigne
1198 1023 1335 1063 itidem
1356 1024 1523 1063 addecet
1544 1040 1584 1073 35

198 1092 300 1132 bene
321 1091 485 1131 merenti
505 1092 608 1131 bene
629 1092 769 1130 referre
789 1090 963 1141 gratiam.
1024 1092 1094 1128 LA.
1127 1091 1258 1140 nemp’
1279 1103 1350 1140 pro
1370 1102 1461 1128 meo

199 1158 279 1197 iure
310 1158 425 1197 oras?
484 1158 558 1195 DA.
593 1156 734 1195 mirum
763 1156 858 1207 quin
887 1163 997 1194 tuom
1025 1155 1084 1194 ius
1113 1168 1203 1194 meo
1224 1155 1371 1206 periclo
1397 1168 1467 1206 aps
1488 1163 1525 1193 te

1331 1228 1522 1272 expetam.

200 1290 277 1329 GR.
309 1289 439 1327 saluos
460 1301 561 1335 sum,
582 1289 673 1327 leno
694 1287 867 1334 labascit,
891 1287 1050 1326 libertas
1071 1286 1326 1337 portenditur.

92 1364 177 1403 1395
202 1357 276 1394 DA.
323 1354 502 1394 uidulum
531 1354 659 1393 istunc
689 1353 753 1392 ille
780 1353 942 1400 inuenit,
976 1352 1071 1392 illud
1107 1352 1362 1403 mancupium
1394 1365 1527 1392 meum

1451 1426 1528 1465 est;

199 1500 272 1538 ego
292 1485 364 1525 tibi
384 1487 490 1525 hunc
511 1498 626 1536 porro
647 1485 801 1525 seruaui
822 1497 913 1523 cum
935 1497 1076 1534 magna
1096 1483 1273 1535 pecunia.
1548 1502 1590 1532 40

201 1554 271 1591 LA.
302 1550 464 1603 gratiam
486 1551 615 1590 habeo
636 1558 673 1590 et
699 1552 749 1590 de
770 1551 918 1599 talento
938 1551 1046 1588 nulla
1066 1562 1204 1588 caussa
1224 1556 1282 1588 est
1298 1548 1394 1600 quin
1415 1550 1526 1596 feras,

201 1617 310 1668 quod
340 1616 402 1656 isti
433 1629 520 1656 sum
550 1615 706 1655 iuratus.
768 1617 844 1654 GR.
878 1616 975 1654 heus
1005 1616 1072 1654 tu!
1111 1614 1208 1652 mihi
1236 1615 1331 1654 dato
1362 1627 1465 1666 ergo,
1497 1614 1529 1653 si

1411 1679 1526 1731 sapis.

204 1751 279 1787 DA.
312 1756 426 1788 tacen
446 1762 497 1788 an
518 1750 629 1788 non?
686 1749 762 1787 GR.
795 1754 836 1786 tu
866 1759 994 1786 meam
1022 1759 1103 1785 rem
1132 1744 1291 1785 simulas
1311 1758 1436 1796 agere,
1451 1744 1530 1784 tibi

1227 1809 1373 1864 mu<nis
1394 1809 1526 1862 uiam).

96 1891 187 1925 1400
204 1893 284 1919 non
309 1881 439 1919 hercle
460 1879 558 1919 istoc
579 1893 642 1918 me
664 1879 908 1925 interuortes,
931 1876 963 1916 si
983 1876 1100 1915 aliam
1122 1877 1308 1927 praedam
1330 1874 1494 1926 perdidi.

251 1984 332 2023 1383
356 1983 446 2014 haud
465 1983 576 2022 (haut)
594 1983 701 2014 ausim
716 1982 830 2023 scripsi
843 1981 1048 2012 dubitanter:
1073 1985 1131 2012 aut
1150 1981 1212 2012 sim
1229 1978 1295 2011 cod.
1313 1991 1320 2010 :
1343 1979 1424 2011 haut
1440 1979 1531 2020 potis

203 2027 266 2059 sim
279 2026 345 2058 Leo
437 2027 519 2066 1384
542 2027 727 2067 promisisti
744 2025 830 2057 cod.:
856 2035 934 2056 corr.
953 2025 1034 2056 Reiz
1100 2025 1208 2055 fateor
1219 2023 1315 2055 Ital.:
1340 2023 1450 2054 inteor
1463 2023 1530 2055 cod.

205 2080 281 2102 meo
297 2069 374 2102 add.
391 2069 532 2110 Pylades
623 2071 705 2110 1385
729 2069 883 2110 promisti
899 2068 976 2099 PCD
1072 2069 1153 2107 1386
1177 2067 1348 2099 fidelenon
1365 2067 1444 2098 lauti
1461 2066 1527 2098 cod.

210 2115 290 2154 1387
314 2113 582 2145 defraudandum
599 2124 676 2145 corr.
695 2114 810 2144 -dares
824 2112 891 2144 cod.
911 2115 949 2142 ut
962 2111 1023 2142 vicl.
1110 2111 1188 2142 huic
1205 2110 1280 2141 PCD
1296 2110 1350 2150 (cs.
1369 2110 1416 2142 ad
1432 2119 1529 2150 1409:

211 2158 292 2197 1388
309 2157 360 2188 vel
366 2158 442 2188 med
536 2159 619 2197 1389
638 2162 671 2188 te
685 2158 853 2196 benignus
865 2155 1094 2188 Camerarius:
1120 2155 1316 2193 tibenignus
1327 2154 1393 2185 cod.
1414 2157 1450 2184 ut
1465 2153 1528 2185 vid.

206 2211 272 2240 ego
290 2200 444 2233 Gm'etus:
469 2211 535 2233 om.
552 2201 619 2233 cod.
639 2201 822 2243 (perperam
838 2201 942 2240 script.
963 2209 1056 2238 ergo,
1071 2202 1143 2228 tum
1161 2198 1299 2229 deletum
1312 2199 1337 2231 ἲ)
1451 2207 1529 2236 1391

206 2244 354 2276 benione
370 2244 485 2276 itidem
502 2244 622 2275 addem
639 2244 704 2276 cod.
719 2256 725 2275 ε
753 2254 830 2276 corr.
848 2243 923 2274 Ital.
1068 2251 1149 2282 1392
1173 2241 1302 2272 referre
1318 2240 1508 2272 Lambinus
1527 2252 1533 2270 :

207 2287 296 2319 ferre
319 2287 387 2320 cod.
524 2298 604 2328 1395
629 2289 740 2320 istunc
763 2287 902 2318 Dousa:
927 2286 1000 2317 istic
1022 2285 1088 2317 cod.
1225 2294 1308 2325 1399
1329 2289 1400 2316 tum
1425 2293 1534 2316 meam

208 2341 244 2364 re
261 2330 350 2364 cod.:
373 2342 452 2365 corr.
473 2332 648 2367 Fleckeisen
745 2329 877 2376 mu(nis
894 2328 1106 2374 uiam)Koch
1120 2329 1169 2370 (cf
1191 2328 1224 2359 ii.
1244 2329 1280 2370 5)

1379 2377 1441 2410 25*
