1783 2707
111 135 224 173 III.i
628 134 674 171 T.
707 131 889 170 MACCI
920 130 1124 168 PLAVTI

214 250 253 281 et
272 243 381 292 quod
401 241 441 279 in
462 241 564 280 dinis
584 241 700 280 rebus
722 253 852 278 sumas
873 238 1018 289 sumpti
1040 236 1204 287 sapienti
1224 237 1378 274 lucrost.
1561 239 1627 283 675

153 317 195 346 So
214 309 334 347 deum
348 307 490 345 uirtute
507 314 565 345 est
582 314 619 344 te
635 307 742 343 unde
759 304 931 354 hospitio
947 302 1137 353 accipiam
1154 302 1260 352 apud
1277 315 1339 339 me
1356 299 1519 338 comiter
1535 315 1542 338 ;

215 386 266 420 es,
303 372 407 420 bibe,
442 371 576 410 animo
607 383 825 421 opsequere
856 382 1012 407 mecum
1047 374 1165 417 atque
1200 379 1319 404 onera
1352 373 1390 404 te
1419 364 1544 402 hilari-

1393 429 1541 467 tudine.

215 502 360 541 liberae
381 509 471 540 sunt
492 502 621 547 aedes,
646 500 744 538 liber
765 513 850 537 sum
873 505 1004 536 autem
1027 511 1126 547 ego3
1155 509 1217 534 me
1239 496 1331 534 uolo
1352 494 1495 533 uiuere.

215 581 306 605 nam
329 566 435 613 mihi,
459 567 577 604 deum
600 564 743 602 uirtute
765 564 906 610 dicam,
930 570 1088 612 propter
1109 560 1264 600 diuitias
1286 572 1392 598 meas

215 631 323 669 licuit
344 644 503 668 uxorem
526 631 701 668 dotatam
723 641 864 678 genere
886 640 1041 664 summo
1062 627 1205 664 ducere
1223 639 1233 672 3
1563 628 1634 662 680

157 707 197 745 85
218 697 287 734 sed
308 697 401 733 nolo
423 694 474 732 mi
496 693 785 732 oblatratricem
808 692 847 729 in
868 691 977 729 aedis
998 690 1099 728 intro
1122 689 1284 728 mittere.

218 763 287 799 PA.
320 774 391 810 qur
411 773 491 797 non
513 759 603 797 uis?
633 771 724 796 nam
746 770 949 807 procreare
970 755 1114 793 liberos
1134 754 1346 804 lepidumst
1367 767 1476 804 opus.

218 828 286 864 PE.
319 826 448 863 hercle
469 837 563 862 uero
584 823 750 862 liberum
773 836 858 861 esse
879 829 967 867 tete,
991 820 1031 858 id
1053 821 1177 858 multo
1197 819 1392 870 lepidiust.

219 893 287 929 PA.
321 892 361 928 tii
383 891 504 928 homo
525 896 563 927 et
583 887 693 926 alteri
715 887 910 937 sapienter
930 885 1033 936 potis
1055 898 1095 922 es
1117 886 1321 922 consulere
1337 892 1374 922 et
1395 883 1476 921 tibi.

220 958 288 994 PE.
321 968 413 993 nam
433 955 539 993 bona
560 967 655 992 uxor
676 966 797 991 suaue
818 953 988 997 ductust‚
1011 950 1043 988 si
1064 949 1112 988 sit
1131 962 1296 999 usquam
1318 948 1493 999 gentium
1567 953 1632 998 685

158 1038 200 1071 90
220 1021 288 1060 ubi
309 1035 354 1059 ea
374 1020 496 1070 possit
518 1018 710 1066 inueniri;
739 1031 876 1056 uerum
898 1029 1022 1067 egone
1043 1028 1130 1054 eam
1152 1016 1295 1053 ducam
1316 1016 1480 1053 domum

220 1100 321 1138 quae
349 1085 443 1124 mihi
472 1097 689 1135 numquam
715 1084 792 1121 hoc
819 1082 925 1121 dicat
952 1084 1071 1127 ‘eme‚
1099 1079 1152 1118 mi
1183 1079 1251 1127 uir,
1284 1081 1424 1127 lanam,
1457 1079 1549 1116 und'

1297 1144 1367 1183 tibi
1388 1143 1549 1194 pallium

221 1219 415 1256 malacum
437 1224 475 1255 et
498 1215 669 1254 calidum
691 1213 922 1253 conficiatur
943 1212 1178 1262 tunicaeque
1199 1210 1386 1248 hibernae
1408 1209 1548 1256 bonae,

219 1297 270 1323 ne
303 1284 432 1332 algeas
471 1283 545 1320 hac
583 1280 736 1319 hieme'
767 1279 863 1331 (hoc
897 1290 1115 1327 numquam
1150 1276 1316 1315 uerbum
1351 1289 1397 1313 ex
1431 1288 1550 1313 uxore

1381 1339 1546 1392 audias),

221 1428 358 1454 uerum
380 1412 478 1464 priu'
500 1425 618 1463 quam
639 1410 728 1462 galli
750 1417 909 1449 cantent
930 1422 1031 1459 quae
1052 1421 1115 1447 me
1136 1421 1156 1446 e
1177 1419 1319 1446 somno
1340 1405 1509 1453 suscitet,
1567 1409 1639 1453 690

157 1492 199 1526 95
222 1480 327 1519 dicat
350 1480 432 1526 ‘da‚
457 1478 509 1516 mi
530 1477 597 1524 uir,
627 1475 800 1516 calendis
822 1488 951 1513 meam
972 1474 1039 1524 qui
1061 1481 1224 1511 matrem
1246 1485 1483 1518 moenerem,

222 1547 274 1584 da
294 1544 361 1596 qui
382 1544 522 1583 faciam
545 1542 811 1588 condimenta,
836 1542 886 1579 da
907 1541 1016 1590 quod
1037 1540 1128 1578 dem
1151 1537 1466 1588 quinquatrubus

264 1652 327 1689 675
353 1649 441 1679 dinis
459 1649 493 1687 (ι’.
508 1659 529 1679 e.
551 1647 695 1683 diuinis;
720 1646 765 1676 ita
784 1645 867 1683 cod.)
887 1649 1072 1686 suspectum
1175 1647 1285 1673 sumat
1305 1641 1410 1680 Goetz,
1430 1641 1555 1672 Sclzoell

222 1694 342 1733 sumpti
359 1692 464 1728 Goetz,
478 1691 622 1722 Sclzoell:
649 1695 785 1730 sumptu
799 1689 863 1720 cod.
885 1690 971 1729 (-tus
987 1688 1052 1727 ΒΖ)
1069 1699 1075 1718 :
1101 1687 1159 1719 del.
1181 1687 1391 1718 Camerarius
1409 1697 1415 1716 ε
1440 1695 1552 1725 sump-

221 1742 323 1768 tumst
342 1736 415 1777 (del.
435 1736 563 1774 sumas)
583 1734 720 1765 Ritsclzl·
789 1734 952 1764 lucrumst
971 1733 1035 1763 Leo
1056 1732 1106 1771 (cf.
1127 1731 1220 1762 Merc.
1240 1731 1318 1769 553)
1429 1730 1493 1768 676
1517 1734 1550 1759 te

222 1782 309 1812 unde
323 1781 458 1821 Haupt:
484 1779 629 1810 eundem
641 1777 730 1808 codd.
744 1776 919 1816 Nom'i415
936 1788 943 1808 ε
969 1775 1158 1807 tasenunde
1171 1774 1237 1805 cod.
1253 1776 1277 1815 (2
1289 1774 1322 1804 ii.
1335 1785 1353 1812 4
1369 1784 1376 1812 ;
1400 1773 1437 1813 cf.
1450 1773 1551 1802 comi-

223 1831 273 1856 tas
286 1824 390 1865 infra)
438 1823 601 1862 accipiem
617 1821 682 1852 cod.
699 1822 769 1859 (vix
781 1820 1059 1860 antiquasorma)
1126 1819 1265 1850 comitas
1275 1817 1340 1848 cod.
1355 1818 1427 1857 (pro
1438 1814 1547 1856 comit,

224 1871 276 1899 tle.
292 1869 370 1901 -terl
491 1869 552 1905 677
579 1870 631 1896 est
651 1865 716 1896 cod.
812 1865 1029 1895 hilaritudine
1056 1862 1182 1893 Nonius
1206 1872 1288 1892 120·
1322 1860 1475 1891 hilaritus
1499 1869 1553 1890 me

227 1911 441 1950 (hilarissime
465 1910 507 1945 Β)
530 1909 594 1941 cod.
729 1909 792 1948 678
818 1919 903 1948 ego;
929 1919 983 1939 me
1006 1919 1039 1939 u.
1061 1906 1189 1948 scripsi:
1208 1909 1341 1945 egomet
1365 1905 1466 1935 uuolo
1487 1903 1553 1934 cod.

228 1958 272 1995 (v.
294 1957 347 1988 105
365 1967 370 1986 z
393 1965 455 1993 ego
473 1966 480 1992 3
505 1954 569 1984 mei
588 1964 618 1984 u.
642 1953 725 1984 Leo:
753 1963 816 1991 ego
835 1957 867 1983 et
886 1963 916 1983 u.
934 1951 1069 1992 Sfflffi'rt
1149 1951 1265 1980 uiuere
1283 1948 1403 1987 Haupt
1419 1959 1425 1978 :
1451 1947 1553 1977 libere

223 1999 288 2030 cod.
311 1999 441 2039 (bibere
458 1997 520 2037 3²)
600 1998 741 2027 liberum
760 2002 870 2027 autem
891 2006 956 2035 ego
973 2006 1025 2026 me
1046 1995 1121 2025 uolo
1139 1995 1258 2024 uiuere
1275 1991 1402 2023 Lorenz
1490 1992 1554 2029 679

226 2043 384 2073 uirtutem
402 2041 467 2073 cod.
490 2043 584 2081 (corr.
606 2040 667 2079 ΒΞ)
784 2041 843 2081 683
873 2039 1029 2070 acceditA
1121 2038 1339 2068 introducere
1357 2036 1388 2066 A
1407 2035 1458 2074 (cf
1473 2035 1552 2073 680)

225 2088 289 2117 682
309 2087 357 2117 vel
368 2086 426 2117 PL.
519 2085 651 2125 lepidus
670 2095 773 2116 sonus
794 2085 826 2115 Ρ
841 2083 1132 2124 (lepidissimumst
1151 2082 1214 2122 ΒΞ)
1232 2092 1238 2112 :
1264 2080 1445 2119 lepidumst
1468 2088 1554 2108 onus

226 2131 358 2170 Lipsius
481 2129 545 2168 683
570 2134 638 2159 tete
657 2139 721 2159 om.
742 2128 775 2159 Ρ
862 2132 914 2158 est
932 2127 1075 2166 lepidius
1092 2124 1125 2155 P
1253 2125 1317 2162 684
1344 2127 1395 2153 est
1412 2122 1444 2153 P
1459 2123 1551 2162 (corr.

227 2174 300 2213 Bt),
318 2174 350 2203 A
367 2185 399 2204 n.
412 2173 432 2204 l.
538 2174 601 2211 685
627 2183 686 2202 sua
700 2173 879 2202 deductust
897 2171 981 2201 situs
998 2180 1096 2209 quam
1115 2168 1147 2199 P
1161 2169 1197 2208 (i.
1219 2178 1236 2207 5
1254 2179 1261 2207 ;
1286 2168 1330 2198 iii.
1351 2168 1384 2205 35
1489 2166 1554 2195 686

229 2217 319 2257 possi
337 2217 481 2258 (possim
495 2216 541 2257 Β)
558 2217 592 2246 Ρ
688 2217 750 2254 687
777 2217 886 2245 lanam
905 2214 979 2245 Ital.
999 2226 1006 2245 ;
1031 2215 1140 2244 ianam
1154 2212 1185 2242 A
1204 2224 1210 2243 :
1229 2217 1342 2242 tanam
1357 2210 1390 2240 Ρ
1489 2209 1554 2239 688

229 2262 425 2292 malamcum
438 2261 471 2290 Ρ
558 2260 637 2290 mihi
655 2259 780 2289 berriae
798 2258 831 2288 Ρ
846 2259 939 2296 (corr.
956 2257 1016 2296 32)
1140 2259 1205 2295 690
1230 2267 1248 2286 e
1268 2266 1332 2286 om.
1355 2254 1385 2285 P
1490 2254 1552 2291 691

229 2315 402 2335 munet-em
425 2304 457 2334 A
476 2315 482 2334 :
507 2303 636 2333 uenerit
652 2302 686 2332 P
813 2303 876 2341 692
901 2301 1017 2331 faciam
1042 2300 1185 2330 Ritschl:
1211 2299 1309 2329 saciat
1333 2297 1460 2336 P‚sorl.
1482 2299 1556 2326 recte

230 2349 275 2385 (A
292 2360 323 2379 n.
341 2349 380 2383 l.)
440 2348 665 2384 condimenta,
687 2347 726 2376 da
741 2345 882 2375 Rz'tschl:
908 2344 1044 2375 condiat
1068 2344 1109 2374 da
1134 2344 1214 2384 (dan
1240 2342 1323 2380 ΡΟ),
1344 2346 1405 2381 pro
1422 2341 1503 2379 dal)
1526 2338 1559 2368 P

231 2393 283 2434 (cs
305 2391 393 2422 Rud.
420 2401 482 2430 574
502 2391 587 2421 nesti
600 2395 662 2430 pro
679 2389 893 2426 uestimenti;
920 2399 949 2427 v,
971 2399 1002 2427 p.
1023 2388 1097 2426 106)
1189 2387 1245 2416 det
1262 2385 1295 2415 P
1308 2387 1401 2425 (corr.
1421 2382 1488 2423 Βῖ)

1003 2524 1026 2534 ι
