<?xml version="1.0" encoding="UTF-8"?>
<!DOCTYPE html PUBLIC "-//W3C//DTD XHTML 1.0 Transitional//EN"
    "http://www.w3.org/TR/xhtml1/DTD/xhtml1-transitional.dtd">
<html xmlns="http://www.w3.org/1999/xhtml" xml:lang="en" lang="en">
 <head>
  <title>
</title>
<meta http-equiv="Content-Type" content="text/html;charset=utf-8" />
  <meta name='ocr-system' content='tesseract 3.04.00' />
  <meta name='ocr-capabilities' content='ocr_page ocr_carea ocr_par ocr_line ocrx_word'/>
</head>
<body>
  <div class='ocr_page' id='page_1' title='image "./tmacciplauticomo02plauuoft_0176.png"; bbox 0 0 1783 2707; ppageno 0'>
   <div class='ocr_carea' id='block_1_1' title="bbox 194 115 1190 153">
    <p class='ocr_par' dir='ltr' id='par_1_1' title="bbox 194 115 1190 153">
     <span class='ocr_line' id='line_1_1' title="bbox 194 115 1190 153; baseline 0.001 -2"><span class='ocrx_word' id='word_1_1' title='bbox 194 115 246 151; x_wconf 93' lang='lat' dir='ltr'>II.</span> <span class='ocrx_word' id='word_1_2' title='bbox 272 125 302 151; x_wconf 89' lang='lat' dir='ltr'>v</span> <span class='ocrx_word' id='word_1_3' title='bbox 694 116 738 152; x_wconf 93' lang='lat' dir='ltr'>T.</span> <span class='ocrx_word' id='word_1_4' title='bbox 774 115 954 153; x_wconf 84' lang='lat' dir='ltr'><strong>MACCI</strong></span> <span class='ocrx_word' id='word_1_5' title='bbox 987 116 1190 152; x_wconf 80' lang='lat' dir='ltr'><strong>PLAVTI</strong></span> 
     </span>
    </p>
   </div>
   <div class='ocr_carea' id='block_1_2' title="bbox 217 223 1683 533">
    <p class='ocr_par' dir='ltr' id='par_1_2' title="bbox 217 223 1683 533">
     <span class='ocr_line' id='line_1_2' title="bbox 258 223 1598 275; baseline 0.002 -14"><span class='ocrx_word' id='word_1_6' title='bbox 258 240 261 244; x_wconf 92' lang='lat'>·</span> <span class='ocrx_word' id='word_1_7' title='bbox 274 231 392 273; x_wconf 81' lang='lat' dir='ltr'>atque</span> <span class='ocrx_word' id='word_1_8' title='bbox 400 223 472 272; x_wconf 79' lang='lat' dir='ltr'>ego</span> <span class='ocrx_word' id='word_1_9' title='bbox 489 236 606 261; x_wconf 86' lang='lat' dir='ltr'>omne</span> <span class='ocrx_word' id='word_1_10' title='bbox 620 224 823 273; x_wconf 77' lang='lat' dir='ltr'>argentum</span> <span class='ocrx_word' id='word_1_11' title='bbox 839 223 908 261; x_wconf 86' lang='lat' dir='ltr'>tibi</span> <span class='ocrx_word' id='word_1_12' title='bbox 923 225 998 262; x_wconf 87' lang='lat' dir='ltr'>hoc</span> <span class='ocrx_word' id='word_1_13' title='bbox 1012 232 1187 262; x_wconf 86' lang='lat' dir='ltr'>actutum</span> <span class='ocrx_word' id='word_1_14' title='bbox 1202 224 1400 263; x_wconf 88' lang='lat' dir='ltr'>incolume</span> <span class='ocrx_word' id='word_1_15' title='bbox 1408 225 1598 275; x_wconf 79' lang='lat' dir='ltr'>redigam;</span> 
     </span>
     <span class='ocr_line' id='line_1_3' title="bbox 276 288 1683 339; baseline 0.002 -14"><span class='ocrx_word' id='word_1_16' title='bbox 276 302 366 326; x_wconf 85' lang='lat' dir='ltr'>nam</span> <span class='ocrx_word' id='word_1_17' title='bbox 388 288 464 326; x_wconf 82' lang='lat' dir='ltr'>iam</span> <span class='ocrx_word' id='word_1_18' title='bbox 487 289 615 326; x_wconf 82' lang='lat' dir='ltr'>omnis</span> <span class='ocrx_word' id='word_1_19' title='bbox 638 289 914 338; x_wconf 74' lang='lat' dir='ltr'>sycophantias</span> <span class='ocrx_word' id='word_1_20' title='bbox 936 289 1097 327; x_wconf 82' lang='lat' dir='ltr'>instruxi</span> <span class='ocrx_word' id='word_1_21' title='bbox 1119 297 1156 327; x_wconf 90' lang='lat' dir='ltr'>et</span> <span class='ocrx_word' id='word_1_22' title='bbox 1177 290 1402 339; x_wconf 83' lang='lat' dir='ltr'>comparaui</span> <span class='ocrx_word' id='word_1_23' title='bbox 1619 297 1683 333; x_wconf 86' lang='lat'>325</span> 
     </span>
     <span class='ocr_line' id='line_1_4' title="bbox 217 348 1598 404; baseline 0.003 -16"><span class='ocrx_word' id='word_1_24' title='bbox 217 367 252 398; x_wconf 78' lang='lat'>25</span> <span class='ocrx_word' id='word_1_25' title='bbox 275 366 354 403; x_wconf 86' lang='lat' dir='ltr'>quo</span> <span class='ocrx_word' id='word_1_26' title='bbox 385 361 500 402; x_wconf 85' lang='lat' dir='ltr'>pacto</span> <span class='ocrx_word' id='word_1_27' title='bbox 530 354 580 391; x_wconf 85' lang='lat' dir='ltr'>ab</span> <span class='ocrx_word' id='word_1_28' title='bbox 610 355 752 392; x_wconf 83' lang='lat' dir='ltr'>lenone</span> <span class='ocrx_word' id='word_1_29' title='bbox 782 355 955 392; x_wconf 87' lang='lat' dir='ltr'>auferam</span> <span class='ocrx_word' id='word_1_30' title='bbox 991 355 1067 392; x_wconf 84' lang='lat' dir='ltr'>hoc</span> <span class='ocrx_word' id='word_1_31' title='bbox 1101 348 1468 404; x_wconf 48' lang='lat' dir='ltr'>argentum—Sim(</span> <span class='ocrx_word' id='word_1_32' title='bbox 1489 362 1598 392; x_wconf 85' lang='lat' dir='ltr'>tanto</span> 
     </span>
     <span class='ocr_line' id='line_1_5' title="bbox 1449 419 1594 457; baseline 0 -1"><span class='ocrx_word' id='word_1_33' title='bbox 1449 419 1594 457; x_wconf 88' lang='lat' dir='ltr'>melior.</span> 
     </span>
     <span class='ocr_line' id='line_1_6' title="bbox 273 482 1537 533; baseline 0 -13"><span class='ocrx_word' id='word_1_34' title='bbox 273 484 347 520; x_wconf 84' lang='lat' dir='ltr'>To.</span> <span class='ocrx_word' id='word_1_35' title='bbox 380 490 417 521; x_wconf 88' lang='lat' dir='ltr'>et</span> <span class='ocrx_word' id='word_1_36' title='bbox 439 482 577 520; x_wconf 89' lang='lat' dir='ltr'>mulier</span> <span class='ocrx_word' id='word_1_37' title='bbox 598 490 639 520; x_wconf 87' lang='lat' dir='ltr'>ut</span> <span class='ocrx_word' id='word_1_38' title='bbox 661 483 707 521; x_wconf 89' lang='lat' dir='ltr'>sit</span> <span class='ocrx_word' id='word_1_39' title='bbox 730 483 849 521; x_wconf 80' lang='lat' dir='ltr'>libera</span> <span class='ocrx_word' id='word_1_40' title='bbox 870 491 989 533; x_wconf 84' lang='lat' dir='ltr'>atque</span> <span class='ocrx_word' id='word_1_41' title='bbox 1010 483 1093 533; x_wconf 89' lang='lat' dir='ltr'>ipse</span> <span class='ocrx_word' id='word_1_42' title='bbox 1115 485 1215 521; x_wconf 89' lang='lat' dir='ltr'>ultro</span> <span class='ocrx_word' id='word_1_43' title='bbox 1237 485 1303 522; x_wconf 87' lang='lat' dir='ltr'>det</span> <span class='ocrx_word' id='word_1_44' title='bbox 1324 491 1537 533; x_wconf 82' lang='lat' dir='ltr'>argentum.</span> 
     </span>
    </p>
   </div>
   <div class='ocr_carea' id='block_1_3' title="bbox 272 548 1599 652">
    <p class='ocr_par' dir='ltr' id='par_1_3' title="bbox 272 548 1599 652">
     <span class='ocr_line' id='line_1_7' title="bbox 272 548 1596 598; baseline 0 -12"><span class='ocrx_word' id='word_1_45' title='bbox 272 549 340 586; x_wconf 87' lang='lat' dir='ltr'>sed</span> <span class='ocrx_word' id='word_1_46' title='bbox 359 561 520 598; x_wconf 86' lang='lat' dir='ltr'>sequere</span> <span class='ocrx_word' id='word_1_47' title='bbox 539 561 600 586; x_wconf 88' lang='lat' dir='ltr'>me</span> <span class='ocrx_word' id='word_1_48' title='bbox 621 564 626 586; x_wconf 95' lang='lat'>:</span> <span class='ocrx_word' id='word_1_49' title='bbox 648 549 697 586; x_wconf 82' lang='lat' dir='ltr'>ad</span> <span class='ocrx_word' id='word_1_50' title='bbox 720 562 805 586; x_wconf 86' lang='lat' dir='ltr'>eam</span> <span class='ocrx_word' id='word_1_51' title='bbox 823 562 903 587; x_wconf 87' lang='lat' dir='ltr'>rem</span> <span class='ocrx_word' id='word_1_52' title='bbox 922 562 1014 586; x_wconf 80' lang='lat' dir='ltr'>usus</span> <span class='ocrx_word' id='word_1_53' title='bbox 1036 556 1092 587; x_wconf 88' lang='lat' dir='ltr'>est</span> <span class='ocrx_word' id='word_1_54' title='bbox 1114 556 1180 587; x_wconf 88' lang='lat' dir='ltr'>tua</span> <span class='ocrx_word' id='word_1_55' title='bbox 1201 548 1296 586; x_wconf 82' lang='lat' dir='ltr'>mihi</span> <span class='ocrx_word' id='word_1_56' title='bbox 1317 550 1596 598; x_wconf 69' lang='lat' dir='ltr'>opera—SAG.</span> 
     </span>
     <span class='ocr_line' id='line_1_8' title="bbox 1284 612 1599 652; baseline -0.006 0"><span class='ocrx_word' id='word_1_57' title='bbox 1284 621 1391 652; x_wconf 86' lang='lat' dir='ltr'>utere</span> <span class='ocrx_word' id='word_1_58' title='bbox 1412 621 1454 651; x_wconf 94' lang='lat' dir='ltr'>ut</span> <span class='ocrx_word' id='word_1_59' title='bbox 1472 612 1599 651; x_wconf 87' lang='lat' dir='ltr'>uis.—</span> 
     </span>
    </p>
   </div>
   <div class='ocr_carea' id='block_1_4' title="bbox 731 819 1137 868">
    <p class='ocr_par' dir='ltr' id='par_1_4' title="bbox 731 819 1137 868">
     <span class='ocr_line' id='line_1_9' title="bbox 731 819 1137 868; baseline -0.002 -1"><span class='ocrx_word' id='word_1_60' title='bbox 731 819 991 868; x_wconf 78' lang='lat' dir='ltr'>ACTVS</span> <span class='ocrx_word' id='word_1_61' title='bbox 1045 820 1137 866; x_wconf 94' lang='lat' dir='ltr'>III</span> 
     </span>
    </p>
   </div>
   <div class='ocr_carea' id='block_1_5' title="bbox 145 917 1200 958">
    <p class='ocr_par' dir='ltr' id='par_1_5' title="bbox 145 917 1200 958">
     <span class='ocr_line' id='line_1_10' title="bbox 145 917 1200 958; baseline 0.003 -3"><span class='ocrx_word' id='word_1_62' title='bbox 145 917 251 955; x_wconf 89' lang='lat' dir='ltr'>III.i</span> <span class='ocrx_word' id='word_1_63' title='bbox 662 920 908 957; x_wconf 77' lang='lat' dir='ltr'>SATVRIO</span> <span class='ocrx_word' id='word_1_64' title='bbox 1018 921 1200 958; x_wconf 84' lang='lat' dir='ltr'><strong>VIRGO</strong></span> 
     </span>
    </p>
   </div>
   <div class='ocr_carea' id='block_1_6' title="bbox 207 1006 1684 2162">
    <p class='ocr_par' dir='ltr' id='par_1_6' title="bbox 375 1006 1684 1251">
     <span class='ocr_line' id='line_1_11' title="bbox 378 1006 1546 1055; baseline 0.002 -11"><span class='ocrx_word' id='word_1_65' title='bbox 378 1008 468 1045; x_wconf 77' lang='lat' dir='ltr'><strong>SAT.</strong></span> <span class='ocrx_word' id='word_1_66' title='bbox 503 1007 616 1055; x_wconf 83' lang='lat' dir='ltr'>Quae</span> <span class='ocrx_word' id='word_1_67' title='bbox 637 1019 695 1044; x_wconf 87' lang='lat' dir='ltr'>res</span> <span class='ocrx_word' id='word_1_68' title='bbox 716 1007 818 1044; x_wconf 89' lang='lat' dir='ltr'>bene</span> <span class='ocrx_word' id='word_1_69' title='bbox 840 1013 968 1045; x_wconf 90' lang='lat' dir='ltr'>uortat</span> <span class='ocrx_word' id='word_1_70' title='bbox 984 1006 1079 1044; x_wconf 86' lang='lat' dir='ltr'>mihi</span> <span class='ocrx_word' id='word_1_71' title='bbox 1101 1013 1138 1044; x_wconf 88' lang='lat' dir='ltr'>et</span> <span class='ocrx_word' id='word_1_72' title='bbox 1159 1006 1229 1045; x_wconf 91' lang='lat' dir='ltr'>tibi</span> <span class='ocrx_word' id='word_1_73' title='bbox 1251 1013 1288 1045; x_wconf 86' lang='lat' dir='ltr'>et</span> <span class='ocrx_word' id='word_1_74' title='bbox 1309 1006 1435 1046; x_wconf 86' lang='lat' dir='ltr'>uentri</span> <span class='ocrx_word' id='word_1_75' title='bbox 1456 1019 1546 1046; x_wconf 88' lang='lat' dir='ltr'>meo</span> 
     </span>
     <span class='ocr_line' id='line_1_12' title="bbox 376 1071 1684 1121; baseline -0.001 -13"><span class='ocrx_word' id='word_1_76' title='bbox 376 1071 688 1121; x_wconf 73' lang='lat' dir='ltr'>perennitatique</span> <span class='ocrx_word' id='word_1_77' title='bbox 710 1072 810 1110; x_wconf 88' lang='lat' dir='ltr'>adeo</span> <span class='ocrx_word' id='word_1_78' title='bbox 832 1071 933 1118; x_wconf 89' lang='lat' dir='ltr'>huic,</span> <span class='ocrx_word' id='word_1_79' title='bbox 957 1079 1148 1121; x_wconf 87' lang='lat' dir='ltr'>perpetuo</span> <span class='ocrx_word' id='word_1_80' title='bbox 1169 1071 1279 1110; x_wconf 86' lang='lat' dir='ltr'>cibus</span> <span class='ocrx_word' id='word_1_81' title='bbox 1616 1083 1684 1118; x_wconf 81' lang='lat'>330</span> 
     </span>
     <span class='ocr_line' id='line_1_13' title="bbox 375 1136 1220 1186; baseline 0.001 -13"><span class='ocrx_word' id='word_1_82' title='bbox 375 1144 417 1174; x_wconf 88' lang='lat' dir='ltr'>ut</span> <span class='ocrx_word' id='word_1_83' title='bbox 439 1136 534 1174; x_wconf 84' lang='lat' dir='ltr'>mihi</span> <span class='ocrx_word' id='word_1_84' title='bbox 555 1136 732 1186; x_wconf 77' lang='lat' dir='ltr'>supersit,</span> <span class='ocrx_word' id='word_1_85' title='bbox 757 1144 952 1186; x_wconf 76' lang='lat' dir='ltr'>suppetat,</span> <span class='ocrx_word' id='word_1_86' title='bbox 973 1136 1220 1186; x_wconf 85' lang='lat' dir='ltr'>superstitet:</span> 
     </span>
     <span class='ocr_line' id='line_1_14' title="bbox 375 1201 1452 1251; baseline 0 -12"><span class='ocrx_word' id='word_1_87' title='bbox 375 1215 537 1251; x_wconf 77' lang='lat' dir='ltr'>sequere</span> <span class='ocrx_word' id='word_1_88' title='bbox 559 1202 643 1247; x_wconf 87' lang='lat' dir='ltr'>hac,</span> <span class='ocrx_word' id='word_1_89' title='bbox 668 1215 755 1240; x_wconf 85' lang='lat' dir='ltr'>mea</span> <span class='ocrx_word' id='word_1_90' title='bbox 776 1209 903 1250; x_wconf 82' lang='lat' dir='ltr'>gnata,</span> <span class='ocrx_word' id='word_1_91' title='bbox 928 1214 1003 1248; x_wconf 77' lang='lat' dir='ltr'>me,</span> <span class='ocrx_word' id='word_1_92' title='bbox 1025 1215 1114 1239; x_wconf 90' lang='lat' dir='ltr'>cum</span> <span class='ocrx_word' id='word_1_93' title='bbox 1137 1201 1196 1240; x_wconf 90' lang='lat' dir='ltr'>dis</span> <span class='ocrx_word' id='word_1_94' title='bbox 1217 1201 1452 1240; x_wconf 85' lang='lat' dir='ltr'>uolentibus.</span> 
     </span>
    </p>

    <p class='ocr_par' dir='ltr' id='par_1_7' title="bbox 229 1265 1678 1578">
     <span class='ocr_line' id='line_1_15' title="bbox 229 1265 1309 1316; baseline 0 -12"><span class='ocrx_word' id='word_1_95' title='bbox 229 1283 245 1314; x_wconf 85' lang='lat'>5</span> <span class='ocrx_word' id='word_1_96' title='bbox 376 1266 468 1316; x_wconf 80' lang='lat' dir='ltr'>quoi</span> <span class='ocrx_word' id='word_1_97' title='bbox 491 1266 543 1305; x_wconf 87' lang='lat' dir='ltr'>rei</span> <span class='ocrx_word' id='word_1_98' title='bbox 565 1279 683 1316; x_wconf 88' lang='lat' dir='ltr'>opera</span> <span class='ocrx_word' id='word_1_99' title='bbox 704 1267 818 1304; x_wconf 89' lang='lat' dir='ltr'>detur</span> <span class='ocrx_word' id='word_1_100' title='bbox 838 1265 927 1314; x_wconf 47' lang='lat' dir='ltr'>scis&gt;</span> <span class='ocrx_word' id='word_1_101' title='bbox 948 1273 1069 1312; x_wconf 87' lang='lat' dir='ltr'>tenes,</span> <span class='ocrx_word' id='word_1_102' title='bbox 1093 1266 1309 1316; x_wconf 80' lang='lat' dir='ltr'>intellegis3</span> 
     </span>
     <span class='ocr_line' id='line_1_16' title="bbox 374 1330 1166 1371; baseline -0.003 -1"><span class='ocrx_word' id='word_1_103' title='bbox 374 1331 666 1371; x_wconf 89' lang='lat' dir='ltr'>communicaui</span> <span class='ocrx_word' id='word_1_104' title='bbox 687 1339 818 1370; x_wconf 88' lang='lat' dir='ltr'>tecum</span> <span class='ocrx_word' id='word_1_105' title='bbox 839 1330 1003 1370; x_wconf 86' lang='lat' dir='ltr'>consilia</span> <span class='ocrx_word' id='word_1_106' title='bbox 1023 1331 1166 1369; x_wconf 85' lang='lat' dir='ltr'>omnia.</span> 
     </span>
     <span class='ocr_line' id='line_1_17' title="bbox 374 1397 1678 1447; baseline -0.002 -11"><span class='ocrx_word' id='word_1_107' title='bbox 374 1411 418 1436; x_wconf 84' lang='lat' dir='ltr'>ea</span> <span class='ocrx_word' id='word_1_108' title='bbox 440 1400 576 1435; x_wconf 74' lang='lat' dir='ltr'>caussa</span> <span class='ocrx_word' id='word_1_109' title='bbox 596 1398 647 1435; x_wconf 89' lang='lat' dir='ltr'>ad</span> <span class='ocrx_word' id='word_1_110' title='bbox 668 1398 744 1435; x_wconf 92' lang='lat' dir='ltr'>hoc</span> <span class='ocrx_word' id='word_1_111' title='bbox 765 1398 989 1447; x_wconf 85' lang='lat' dir='ltr'>exemplum</span> <span class='ocrx_word' id='word_1_112' title='bbox 1011 1403 1049 1434; x_wconf 86' lang='lat' dir='ltr'>te</span> <span class='ocrx_word' id='word_1_113' title='bbox 1070 1397 1255 1435; x_wconf 80' lang='lat' dir='ltr'>exornaui</span> <span class='ocrx_word' id='word_1_114' title='bbox 1275 1410 1358 1446; x_wconf 83' lang='lat' dir='ltr'>ego.</span> <span class='ocrx_word' id='word_1_115' title='bbox 1613 1407 1678 1445; x_wconf 84' lang='lat'>335</span> 
     </span>
     <span class='ocr_line' id='line_1_18' title="bbox 374 1461 1412 1512; baseline 0 -12"><span class='ocrx_word' id='word_1_116' title='bbox 374 1462 527 1501; x_wconf 87' lang='lat' dir='ltr'>uenibis</span> <span class='ocrx_word' id='word_1_117' title='bbox 549 1470 589 1500; x_wconf 91' lang='lat' dir='ltr'>tu</span> <span class='ocrx_word' id='word_1_118' title='bbox 611 1461 740 1509; x_wconf 89' lang='lat' dir='ltr'>hodie,</span> <span class='ocrx_word' id='word_1_119' title='bbox 766 1461 885 1512; x_wconf 86' lang='lat' dir='ltr'>uirgo.</span> <span class='ocrx_word' id='word_1_120' title='bbox 948 1464 981 1498; x_wconf 86' lang='lat' dir='ltr'>V</span> <span class='ocrx_word' id='word_1_121' title='bbox 987 1474 1008 1499; x_wconf 94' lang='lat'>1.</span> <span class='ocrx_word' id='word_1_122' title='bbox 1042 1461 1195 1509; x_wconf 88' lang='lat' dir='ltr'>amabo,</span> <span class='ocrx_word' id='word_1_123' title='bbox 1220 1461 1272 1499; x_wconf 89' lang='lat' dir='ltr'>mi</span> <span class='ocrx_word' id='word_1_124' title='bbox 1293 1469 1412 1512; x_wconf 84' lang='lat' dir='ltr'>pater,</span> 
     </span>
     <span class='ocr_line' id='line_1_19' title="bbox 373 1526 1259 1578; baseline -0.002 -12"><span class='ocrx_word' id='word_1_125' title='bbox 373 1541 614 1578; x_wconf 88' lang='lat' dir='ltr'>quamquam</span> <span class='ocrx_word' id='word_1_126' title='bbox 635 1528 816 1566; x_wconf 85' lang='lat' dir='ltr'>lubenter</span> <span class='ocrx_word' id='word_1_127' title='bbox 836 1527 935 1566; x_wconf 89' lang='lat' dir='ltr'>escis</span> <span class='ocrx_word' id='word_1_128' title='bbox 956 1526 1092 1565; x_wconf 85' lang='lat' dir='ltr'>alienis</span> <span class='ocrx_word' id='word_1_129' title='bbox 1114 1528 1259 1574; x_wconf 86' lang='lat' dir='ltr'>studes,</span> 
     </span>
    </p>

    <p class='ocr_par' dir='ltr' id='par_1_8' title="bbox 209 1592 1681 1903">
     <span class='ocr_line' id='line_1_20' title="bbox 209 1592 1250 1631; baseline -0.002 0"><span class='ocrx_word' id='word_1_130' title='bbox 209 1611 245 1631; x_wconf 91' lang='lat'>10</span> <span class='ocrx_word' id='word_1_131' title='bbox 373 1593 457 1631; x_wconf 92' lang='lat' dir='ltr'>tuin</span> <span class='ocrx_word' id='word_1_132' title='bbox 479 1592 625 1631; x_wconf 75' lang='lat' dir='ltr'>uentris</span> <span class='ocrx_word' id='word_1_133' title='bbox 645 1606 783 1631; x_wconf 79' lang='lat' dir='ltr'>caussa</span> <span class='ocrx_word' id='word_1_134' title='bbox 802 1592 922 1631; x_wconf 88' lang='lat' dir='ltr'>filiam</span> <span class='ocrx_word' id='word_1_135' title='bbox 943 1593 1092 1630; x_wconf 86' lang='lat' dir='ltr'>uendas</span> <span class='ocrx_word' id='word_1_136' title='bbox 1114 1594 1250 1630; x_wconf 84' lang='lat' dir='ltr'>tuam?</span> 
     </span>
     <span class='ocr_line' id='line_1_21' title="bbox 373 1657 1446 1708; baseline 0 -12"><span class='ocrx_word' id='word_1_137' title='bbox 373 1660 463 1696; x_wconf 84' lang='lat' dir='ltr'>SAT.</span> <span class='ocrx_word' id='word_1_138' title='bbox 496 1658 636 1696; x_wconf 89' lang='lat' dir='ltr'>mirum</span> <span class='ocrx_word' id='word_1_139' title='bbox 658 1657 754 1708; x_wconf 84' lang='lat' dir='ltr'>quin</span> <span class='ocrx_word' id='word_1_140' title='bbox 775 1657 864 1708; x_wconf 85' lang='lat' dir='ltr'>regi&#39;</span> <span class='ocrx_word' id='word_1_141' title='bbox 887 1657 1059 1708; x_wconf 81' lang='lat' dir='ltr'>Philippi</span> <span class='ocrx_word' id='word_1_142' title='bbox 1081 1671 1218 1696; x_wconf 80' lang='lat' dir='ltr'>caussa</span> <span class='ocrx_word' id='word_1_143' title='bbox 1237 1665 1304 1696; x_wconf 86' lang='lat' dir='ltr'>aut</span> <span class='ocrx_word' id='word_1_144' title='bbox 1325 1658 1446 1697; x_wconf 84' lang='lat' dir='ltr'>Attali</span> 
     </span>
     <span class='ocr_line' id='line_1_22' title="bbox 372 1722 1681 1774; baseline -0.001 -13"><span class='ocrx_word' id='word_1_145' title='bbox 372 1731 408 1762; x_wconf 92' lang='lat' dir='ltr'>te</span> <span class='ocrx_word' id='word_1_146' title='bbox 430 1723 559 1774; x_wconf 86' lang='lat' dir='ltr'>potius</span> <span class='ocrx_word' id='word_1_147' title='bbox 580 1725 751 1762; x_wconf 86' lang='lat' dir='ltr'>uendam</span> <span class='ocrx_word' id='word_1_148' title='bbox 773 1737 892 1773; x_wconf 88' lang='lat' dir='ltr'>quam</span> <span class='ocrx_word' id='word_1_149' title='bbox 913 1737 1010 1770; x_wconf 86' lang='lat' dir='ltr'>mea,</span> <span class='ocrx_word' id='word_1_150' title='bbox 1035 1736 1135 1773; x_wconf 87' lang='lat' dir='ltr'>quae</span> <span class='ocrx_word' id='word_1_151' title='bbox 1155 1722 1206 1761; x_wconf 87' lang='lat' dir='ltr'>sis</span> <span class='ocrx_word' id='word_1_152' title='bbox 1228 1737 1324 1762; x_wconf 89' lang='lat' dir='ltr'>mea.</span> <span class='ocrx_word' id='word_1_153' title='bbox 1611 1734 1681 1771; x_wconf 86' lang='lat'>340</span> 
     </span>
     <span class='ocr_line' id='line_1_23' title="bbox 371 1788 1372 1839; baseline 0 -12"><span class='ocrx_word' id='word_1_154' title='bbox 371 1791 434 1827; x_wconf 88' lang='lat' dir='ltr'>V1.</span> <span class='ocrx_word' id='word_1_155' title='bbox 467 1797 597 1827; x_wconf 88' lang='lat' dir='ltr'>utrum</span> <span class='ocrx_word' id='word_1_156' title='bbox 618 1802 689 1838; x_wconf 92' lang='lat' dir='ltr'>pro</span> <span class='ocrx_word' id='word_1_157' title='bbox 709 1788 851 1827; x_wconf 87' lang='lat' dir='ltr'>ancilla</span> <span class='ocrx_word' id='word_1_158' title='bbox 872 1788 935 1827; x_wconf 76' lang='lat' dir='ltr'>me</span> <span class='ocrx_word' id='word_1_159' title='bbox 958 1789 1080 1827; x_wconf 89' lang='lat' dir='ltr'>habes</span> <span class='ocrx_word' id='word_1_160' title='bbox 1101 1802 1150 1826; x_wconf 86' lang='lat' dir='ltr'>an</span> <span class='ocrx_word' id='word_1_161' title='bbox 1172 1802 1242 1839; x_wconf 91' lang='lat' dir='ltr'>pro</span> <span class='ocrx_word' id='word_1_162' title='bbox 1264 1788 1372 1827; x_wconf 80' lang='lat' dir='ltr'>filia?</span> 
     </span>
     <span class='ocr_line' id='line_1_24' title="bbox 370 1853 1481 1903; baseline -0.001 -11"><span class='ocrx_word' id='word_1_163' title='bbox 370 1855 460 1892; x_wconf 82' lang='lat' dir='ltr'>SAT.</span> <span class='ocrx_word' id='word_1_164' title='bbox 494 1861 624 1892; x_wconf 88' lang='lat' dir='ltr'>utrum</span> <span class='ocrx_word' id='word_1_165' title='bbox 645 1855 775 1892; x_wconf 89' lang='lat' dir='ltr'>hercle</span> <span class='ocrx_word' id='word_1_166' title='bbox 798 1853 919 1903; x_wconf 86' lang='lat' dir='ltr'>magis</span> <span class='ocrx_word' id='word_1_167' title='bbox 942 1853 981 1892; x_wconf 90' lang='lat' dir='ltr'>in</span> <span class='ocrx_word' id='word_1_168' title='bbox 1004 1854 1150 1892; x_wconf 82' lang='lat' dir='ltr'>uentris</span> <span class='ocrx_word' id='word_1_169' title='bbox 1172 1867 1252 1892; x_wconf 91' lang='lat' dir='ltr'>rem</span> <span class='ocrx_word' id='word_1_170' title='bbox 1274 1853 1481 1892; x_wconf 88' lang='lat' dir='ltr'>uidebitur.</span> 
     </span>
    </p>

    <p class='ocr_par' dir='ltr' id='par_1_9' title="bbox 207 1917 1673 2162">
     <span class='ocr_line' id='line_1_25' title="bbox 207 1917 1489 1972; baseline -0.001 -14"><span class='ocrx_word' id='word_1_171' title='bbox 207 1938 241 1970; x_wconf 84' lang='lat'>15</span> <span class='ocrx_word' id='word_1_172' title='bbox 371 1933 513 1966; x_wconf 85' lang='lat' dir='ltr'>meum,</span> <span class='ocrx_word' id='word_1_173' title='bbox 537 1919 668 1969; x_wconf 87' lang='lat' dir='ltr'>opino,</span> <span class='ocrx_word' id='word_1_174' title='bbox 692 1919 937 1969; x_wconf 85' lang='lat' dir='ltr'>imperiumst</span> <span class='ocrx_word' id='word_1_175' title='bbox 957 1919 996 1957; x_wconf 91' lang='lat' dir='ltr'>in</span> <span class='ocrx_word' id='word_1_176' title='bbox 1018 1926 1067 1966; x_wconf 83' lang='lat' dir='ltr'>te,</span> <span class='ocrx_word' id='word_1_177' title='bbox 1090 1933 1171 1958; x_wconf 89' lang='lat' dir='ltr'>non</span> <span class='ocrx_word' id='word_1_178' title='bbox 1192 1919 1231 1957; x_wconf 83' lang='lat' dir='ltr'>in</span> <span class='ocrx_word' id='word_1_179' title='bbox 1253 1932 1316 1958; x_wconf 83' lang='lat' dir='ltr'>me</span> <span class='ocrx_word' id='word_1_180' title='bbox 1336 1917 1489 1972; x_wconf 87' lang='lat' dir='ltr'>tibi[st].</span> 
     </span>
     <span class='ocr_line' id='line_1_26' title="bbox 370 1984 1458 2035; baseline -0.002 -12"><span class='ocrx_word' id='word_1_181' title='bbox 370 1987 433 2023; x_wconf 84' lang='lat' dir='ltr'>Vl.</span> <span class='ocrx_word' id='word_1_182' title='bbox 466 1992 532 2023; x_wconf 85' lang='lat' dir='ltr'>tua</span> <span class='ocrx_word' id='word_1_183' title='bbox 553 1984 671 2023; x_wconf 86' lang='lat' dir='ltr'>istae&#39;c</span> <span class='ocrx_word' id='word_1_184' title='bbox 693 1992 866 2035; x_wconf 88' lang='lat' dir='ltr'>potestas</span> <span class='ocrx_word' id='word_1_185' title='bbox 887 1992 955 2032; x_wconf 83' lang='lat' dir='ltr'>est,</span> <span class='ocrx_word' id='word_1_186' title='bbox 979 1992 1097 2035; x_wconf 88' lang='lat' dir='ltr'>pater.</span> <span class='ocrx_word' id='word_1_187' title='bbox 1157 1998 1293 2023; x_wconf 88' lang='lat' dir='ltr'>uerum</span> <span class='ocrx_word' id='word_1_188' title='bbox 1315 1991 1458 2030; x_wconf 83' lang='lat' dir='ltr'>tamen,</span> 
     </span>
     <span class='ocr_line' id='line_1_27' title="bbox 369 2050 1673 2100; baseline -0.001 -12"><span class='ocrx_word' id='word_1_189' title='bbox 369 2063 611 2100; x_wconf 85' lang='lat' dir='ltr'>quamquam</span> <span class='ocrx_word' id='word_1_190' title='bbox 633 2064 692 2088; x_wconf 86' lang='lat' dir='ltr'>res</span> <span class='ocrx_word' id='word_1_191' title='bbox 714 2058 868 2088; x_wconf 83' lang='lat' dir='ltr'>nostrae</span> <span class='ocrx_word' id='word_1_192' title='bbox 889 2057 989 2096; x_wconf 87' lang='lat' dir='ltr'>sunt,</span> <span class='ocrx_word' id='word_1_193' title='bbox 1013 2057 1132 2100; x_wconf 82' lang='lat' dir='ltr'>pater,</span> <span class='ocrx_word' id='word_1_194' title='bbox 1155 2050 1428 2099; x_wconf 72' lang='lat' dir='ltr'>pauperculae,</span> <span class='ocrx_word' id='word_1_195' title='bbox 1610 2059 1673 2096; x_wconf 85' lang='lat'>345</span> 
     </span>
     <span class='ocr_line' id='line_1_28' title="bbox 370 2114 1286 2162; baseline -0.002 -8"><span class='ocrx_word' id='word_1_196' title='bbox 370 2115 526 2154; x_wconf 87' lang='lat' dir='ltr'>modice</span> <span class='ocrx_word' id='word_1_197' title='bbox 547 2122 585 2153; x_wconf 89' lang='lat' dir='ltr'>et</span> <span class='ocrx_word' id='word_1_198' title='bbox 606 2116 786 2154; x_wconf 82' lang='lat' dir='ltr'>modeste</span> <span class='ocrx_word' id='word_1_199' title='bbox 807 2115 963 2153; x_wconf 89' lang='lat' dir='ltr'>meliust</span> <span class='ocrx_word' id='word_1_200' title='bbox 984 2115 1105 2153; x_wconf 87' lang='lat' dir='ltr'>uitam</span> <span class='ocrx_word' id='word_1_201' title='bbox 1128 2114 1261 2153; x_wconf 87' lang='lat' dir='ltr'>uiuere</span> <span class='ocrx_word' id='word_1_202' title='bbox 1276 2129 1286 2162; x_wconf 75' lang='lat'><em>3</em></span> 
     </span>
    </p>
   </div>
   <div class='ocr_carea' id='block_1_7' title="bbox 261 2216 1587 2476">
    <p class='ocr_par' dir='ltr' id='par_1_10' title="bbox 261 2216 1587 2476">
     <span class='ocr_line' id='line_1_29' title="bbox 305 2216 1587 2260; baseline -0.001 -10"><span class='ocrx_word' id='word_1_203' title='bbox 305 2229 364 2258; x_wconf 80' lang='lat'>324</span> <span class='ocrx_word' id='word_1_204' title='bbox 394 2220 457 2250; x_wconf 90' lang='lat' dir='ltr'>hoc</span> <span class='ocrx_word' id='word_1_205' title='bbox 487 2224 593 2250; x_wconf 87' lang='lat' dir='ltr'>tutum</span> <span class='ocrx_word' id='word_1_206' title='bbox 624 2219 702 2257; x_wconf 67' lang='lat' dir='ltr'>(hoc</span> <span class='ocrx_word' id='word_1_207' title='bbox 735 2223 840 2249; x_wconf 84' lang='lat' dir='ltr'>totum</span> <span class='ocrx_word' id='word_1_208' title='bbox 866 2217 912 2254; x_wconf 71' lang='lat' dir='ltr'>T)</span> <span class='ocrx_word' id='word_1_209' title='bbox 936 2218 969 2248; x_wconf 82' lang='lat' dir='ltr'><em>P</em></span> <span class='ocrx_word' id='word_1_210' title='bbox 1054 2216 1163 2260; x_wconf 77' lang='lat' dir='ltr'>(hoc)</span> <span class='ocrx_word' id='word_1_211' title='bbox 1180 2228 1209 2248; x_wconf 91' lang='lat'>0.</span> <span class='ocrx_word' id='word_1_212' title='bbox 1229 2228 1257 2248; x_wconf 87' lang='lat' dir='ltr'>a.</span> <span class='ocrx_word' id='word_1_213' title='bbox 1278 2222 1300 2249; x_wconf 90' lang='lat' dir='ltr'>t.</span> <span class='ocrx_word' id='word_1_214' title='bbox 1319 2218 1381 2248; x_wconf 90' lang='lat' dir='ltr'>hoc</span> <span class='ocrx_word' id='word_1_215' title='bbox 1403 2219 1435 2258; x_wconf 76' lang='lat' dir='ltr'>(i.</span> <span class='ocrx_word' id='word_1_216' title='bbox 1460 2229 1482 2248; x_wconf 79' lang='lat' dir='ltr'>e.</span> <span class='ocrx_word' id='word_1_217' title='bbox 1508 2218 1587 2256; x_wconf 69' lang='lat' dir='ltr'>huc)</span> 
     </span>
     <span class='ocr_line' id='line_1_30' title="bbox 262 2260 1586 2302; baseline -0.001 -10"><span class='ocrx_word' id='word_1_218' title='bbox 262 2263 400 2293; x_wconf 79' lang='lat' dir='ltr'>Mueller</span> <span class='ocrx_word' id='word_1_219' title='bbox 470 2273 533 2302; x_wconf 84' lang='lat'>325</span> <span class='ocrx_word' id='word_1_220' title='bbox 551 2264 683 2294; x_wconf 83' lang='lat' dir='ltr'>omneis</span> <span class='ocrx_word' id='word_1_221' title='bbox 697 2262 729 2293; x_wconf 82' lang='lat' dir='ltr'><em>A</em></span> <span class='ocrx_word' id='word_1_222' title='bbox 820 2263 884 2301; x_wconf 86' lang='lat'>328</span> <span class='ocrx_word' id='word_1_223' title='bbox 901 2262 1001 2292; x_wconf 83' lang='lat' dir='ltr'>velmi</span> <span class='ocrx_word' id='word_1_224' title='bbox 1067 2265 1143 2292; x_wconf 86' lang='lat' dir='ltr'>uter</span> <span class='ocrx_word' id='word_1_225' title='bbox 1159 2261 1191 2291; x_wconf 85' lang='lat' dir='ltr'><em>A</em></span> <span class='ocrx_word' id='word_1_226' title='bbox 1273 2271 1337 2300; x_wconf 86' lang='lat'>330</span> <span class='ocrx_word' id='word_1_227' title='bbox 1352 2260 1586 2301; x_wconf 85' lang='lat' dir='ltr'>perennitatis-</span> 
     </span>
     <span class='ocr_line' id='line_1_31' title="bbox 262 2304 1586 2346; baseline -0.002 -9"><span class='ocrx_word' id='word_1_228' title='bbox 262 2317 328 2346; x_wconf 85' lang='lat' dir='ltr'>que</span> <span class='ocrx_word' id='word_1_229' title='bbox 341 2306 374 2337; x_wconf 90' lang='lat' dir='ltr'><em>P</em></span> <span class='ocrx_word' id='word_1_230' title='bbox 438 2307 512 2337; x_wconf 87' lang='lat' dir='ltr'>cibo</span> <span class='ocrx_word' id='word_1_231' title='bbox 525 2306 613 2338; x_wconf 86' lang='lat' dir='ltr'>codd.</span> <span class='ocrx_word' id='word_1_232' title='bbox 633 2318 639 2337; x_wconf 92' lang='lat'>:</span> <span class='ocrx_word' id='word_1_233' title='bbox 655 2317 734 2337; x_wconf 76' lang='lat' dir='ltr'>corr.</span> <span class='ocrx_word' id='word_1_234' title='bbox 751 2304 818 2336; x_wconf 81' lang='lat' dir='ltr'>Leo</span> <span class='ocrx_word' id='word_1_235' title='bbox 883 2305 1190 2345; x_wconf 84' lang='lat' dir='ltr'>perennitassitque</span> <span class='ocrx_word' id='word_1_236' title='bbox 1204 2305 1289 2336; x_wconf 87' lang='lat' dir='ltr'>adeo</span> <span class='ocrx_word' id='word_1_237' title='bbox 1300 2305 1375 2335; x_wconf 87' lang='lat' dir='ltr'>huic</span> <span class='ocrx_word' id='word_1_238' title='bbox 1389 2310 1586 2345; x_wconf 85' lang='lat' dir='ltr'>perpetuom</span> 
     </span>
     <span class='ocr_line' id='line_1_32' title="bbox 262 2348 1584 2389; baseline -0.001 -10"><span class='ocrx_word' id='word_1_239' title='bbox 262 2351 373 2380; x_wconf 87' lang='lat' dir='ltr'>cibum</span> <span class='ocrx_word' id='word_1_240' title='bbox 385 2350 558 2381; x_wconf 77' lang='lat' dir='ltr'>Buecheler</span> <span class='ocrx_word' id='word_1_241' title='bbox 673 2359 736 2389; x_wconf 86' lang='lat'>335</span> <span class='ocrx_word' id='word_1_242' title='bbox 753 2353 950 2388; x_wconf 87' lang='lat' dir='ltr'>exemptum</span> <span class='ocrx_word' id='word_1_243' title='bbox 963 2349 996 2378; x_wconf 90' lang='lat' dir='ltr'><em>A</em></span> <span class='ocrx_word' id='word_1_244' title='bbox 1121 2350 1185 2387; x_wconf 89' lang='grc'>338</span> <span class='ocrx_word' id='word_1_245' title='bbox 1203 2348 1250 2379; x_wconf 89' lang='lat' dir='ltr'>tui</span> <span class='ocrx_word' id='word_1_246' title='bbox 1262 2349 1391 2379; x_wconf 85' lang='lat' dir='ltr'>uentris</span> <span class='ocrx_word' id='word_1_247' title='bbox 1404 2359 1539 2379; x_wconf 85' lang='lat' dir='ltr'>causam</span> <span class='ocrx_word' id='word_1_248' title='bbox 1552 2349 1584 2378; x_wconf 90' lang='lat' dir='ltr'><em>A</em></span> 
     </span>
     <span class='ocr_line' id='line_1_33' title="bbox 263 2392 1584 2433; baseline -0.002 -9"><span class='ocrx_word' id='word_1_249' title='bbox 263 2393 524 2433; x_wconf 68' lang='lat' dir='ltr'>uendisP(2pr0</span> <span class='ocrx_word' id='word_1_250' title='bbox 536 2394 680 2429; x_wconf 85' lang='lat' dir='ltr'>uendes)</span> <span class='ocrx_word' id='word_1_251' title='bbox 771 2403 831 2432; x_wconf 87' lang='lat'>341</span> <span class='ocrx_word' id='word_1_252' title='bbox 858 2403 889 2423; x_wconf 89' lang='lat' dir='ltr'>u.</span> <span class='ocrx_word' id='word_1_253' title='bbox 910 2398 944 2423; x_wconf 92' lang='lat' dir='ltr'>tu</span> <span class='ocrx_word' id='word_1_254' title='bbox 961 2402 1021 2432; x_wconf 87' lang='lat' dir='ltr'>pro</span> <span class='ocrx_word' id='word_1_255' title='bbox 1038 2392 1078 2433; x_wconf 84' lang='lat' dir='ltr'>P,</span> <span class='ocrx_word' id='word_1_256' title='bbox 1097 2392 1155 2422; x_wconf 81' lang='lat' dir='ltr'>sed</span> <span class='ocrx_word' id='word_1_257' title='bbox 1169 2395 1277 2422; x_wconf 70' lang='lat' dir='ltr'>utrum</span> <span class='ocrx_word' id='word_1_258' title='bbox 1295 2397 1330 2422; x_wconf 89' lang='lat' dir='ltr'>tu</span> <span class='ocrx_word' id='word_1_259' title='bbox 1348 2392 1584 2431; x_wconf 78' lang='lat' dir='ltr'>vixferendmn</span> 
     </span>
     <span class='ocr_line' id='line_1_34' title="bbox 261 2435 1584 2476; baseline -0.002 -9"><span class='ocrx_word' id='word_1_260' title='bbox 261 2447 324 2476; x_wconf 83' lang='lat'>343</span> <span class='ocrx_word' id='word_1_261' title='bbox 350 2437 469 2476; x_wconf 86' lang='lat' dir='ltr'>opinor</span> <span class='ocrx_word' id='word_1_262' title='bbox 486 2436 574 2468; x_wconf 87' lang='lat' dir='ltr'>codd.</span> <span class='ocrx_word' id='word_1_263' title='bbox 647 2436 706 2467; x_wconf 92' lang='lat' dir='ltr'>tibi</span> <span class='ocrx_word' id='word_1_264' title='bbox 723 2436 755 2467; x_wconf 90' lang='lat' dir='ltr'><em>A</em></span> <span class='ocrx_word' id='word_1_265' title='bbox 833 2437 897 2475; x_wconf 84' lang='lat'>346</span> <span class='ocrx_word' id='word_1_266' title='bbox 921 2436 1075 2467; x_wconf 88' lang='lat' dir='ltr'>modeste</span> <span class='ocrx_word' id='word_1_267' title='bbox 1093 2440 1144 2467; x_wconf 85' lang='lat' dir='ltr'>est</span> <span class='ocrx_word' id='word_1_268' title='bbox 1162 2435 1281 2466; x_wconf 84' lang='lat' dir='ltr'>melius</span> <span class='ocrx_word' id='word_1_269' title='bbox 1298 2435 1385 2467; x_wconf 83' lang='lat' dir='ltr'><em>codd.</em></span> <span class='ocrx_word' id='word_1_270' title='bbox 1404 2435 1509 2466; x_wconf 80' lang='lat' dir='ltr'>Nom&#39;i</span> <span class='ocrx_word' id='word_1_271' title='bbox 1520 2445 1584 2474; x_wconf 86' lang='lat'>342</span> 
     </span>
    </p>
   </div>
   <div class='ocr_carea' id='block_1_8' title="bbox 987 2529 1010 2539">
    <p class='ocr_par' dir='ltr' id='par_1_11' title="bbox 987 2529 1010 2539">
     <span class='ocr_line' id='line_1_35' title="bbox 987 2529 1010 2539; baseline 0 0"><span class='ocrx_word' id='word_1_272' title='bbox 987 2529 1010 2539; x_wconf 69' lang='lat' dir='ltr'><em>l</em></span> 
     </span>
    </p>
   </div>
  </div>
 </body>
</html>
