<?xml version="1.0" encoding="UTF-8"?>
<!DOCTYPE html PUBLIC "-//W3C//DTD XHTML 1.0 Transitional//EN"
    "http://www.w3.org/TR/xhtml1/DTD/xhtml1-transitional.dtd">
<html xmlns="http://www.w3.org/1999/xhtml" xml:lang="en" lang="en">
 <head>
  <title>
</title>
<meta http-equiv="Content-Type" content="text/html;charset=utf-8" />
  <meta name='ocr-system' content='tesseract 3.04.00' />
  <meta name='ocr-capabilities' content='ocr_page ocr_carea ocr_par ocr_line ocrx_word'/>
</head>
<body>
  <div class='ocr_page' id='page_1' title='image "./tmacciplauticomo02plauuoft_0177.png"; bbox 0 0 1731 2713; ppageno 0'>
   <div class='ocr_carea' id='block_1_1' title="bbox 63 496 131 533">
    <p class='ocr_par' dir='ltr' id='par_1_1' title="bbox 63 496 131 533">
     <span class='ocr_line' id='line_1_1' title="bbox 63 496 131 533; baseline 0 0"><span class='ocrx_word' id='word_1_1' title='bbox 63 496 131 533; x_wconf 87' lang='lat'>350</span> 
     </span>
    </p>
   </div>
   <div class='ocr_carea' id='block_1_2' title="bbox 60 819 124 856">
    <p class='ocr_par' dir='ltr' id='par_1_2' title="bbox 60 819 124 856">
     <span class='ocr_line' id='line_1_2' title="bbox 60 819 124 856; baseline 0.016 -1"><span class='ocrx_word' id='word_1_2' title='bbox 60 819 124 856; x_wconf 82' lang='lat'>355</span> 
     </span>
    </p>
   </div>
   <div class='ocr_carea' id='block_1_3' title="bbox 55 1598 120 1643">
    <p class='ocr_par' dir='ltr' id='par_1_3' title="bbox 55 1598 120 1643">
     <span class='ocr_line' id='line_1_3' title="bbox 55 1598 120 1643; baseline 0.015 -1"><span class='ocrx_word' id='word_1_3' title='bbox 55 1598 120 1643; x_wconf 84' lang='lat'>365</span> 
     </span>
    </p>
   </div>
   <div class='ocr_carea' id='block_1_4' title="bbox 55 1929 123 1965">
    <p class='ocr_par' dir='ltr' id='par_1_4' title="bbox 55 1929 123 1965">
     <span class='ocr_line' id='line_1_4' title="bbox 55 1929 123 1965; baseline -0.015 0"><span class='ocrx_word' id='word_1_4' title='bbox 55 1929 123 1965; x_wconf 88' lang='lat'>370</span> 
     </span>
    </p>
   </div>
   <div class='ocr_carea' id='block_1_5' title="bbox 724 113 1507 151">
    <p class='ocr_par' dir='ltr' id='par_1_5' title="bbox 724 113 1507 151">
     <span class='ocr_line' id='line_1_5' title="bbox 724 113 1507 151; baseline -0.001 0"><span class='ocrx_word' id='word_1_5' title='bbox 724 114 901 151; x_wconf 76' lang='lat' dir='ltr'><strong>PERSA</strong></span> <span class='ocrx_word' id='word_1_6' title='bbox 1395 115 1472 151; x_wconf 92' lang='lat' dir='ltr'>III.</span> <span class='ocrx_word' id='word_1_7' title='bbox 1493 113 1507 150; x_wconf 92' lang='lat' dir='ltr'>i</span> 
     </span>
    </p>
   </div>
   <div class='ocr_carea' id='block_1_6' title="bbox 246 223 1536 2089">
    <p class='ocr_par' dir='ltr' id='par_1_6' title="bbox 246 223 1536 2089">
     <span class='ocr_line' id='line_1_6' title="bbox 257 223 1215 276; baseline -0.004 -11"><span class='ocrx_word' id='word_1_8' title='bbox 257 240 347 264; x_wconf 87' lang='lat' dir='ltr'>nam</span> <span class='ocrx_word' id='word_1_9' title='bbox 370 227 419 265; x_wconf 86' lang='lat' dir='ltr'>ad</span> <span class='ocrx_word' id='word_1_10' title='bbox 441 231 708 276; x_wconf 77' lang='lat' dir='ltr'>paupertatem</span> <span class='ocrx_word' id='word_1_11' title='bbox 731 223 760 261; x_wconf 87' lang='lat' dir='ltr'>si</span> <span class='ocrx_word' id='word_1_12' title='bbox 782 224 1001 274; x_wconf 79' lang='lat' dir='ltr'>admigrant</span> <span class='ocrx_word' id='word_1_13' title='bbox 1022 224 1215 270; x_wconf 76' lang='lat' dir='ltr'>infamiae,</span> 
     </span>
     <span class='ocr_line' id='line_1_7' title="bbox 255 289 1536 341; baseline -0.003 -12"><span class='ocrx_word' id='word_1_14' title='bbox 255 291 407 341; x_wconf 83' lang='lat' dir='ltr'>grauior</span> <span class='ocrx_word' id='word_1_15' title='bbox 428 298 634 341; x_wconf 72' lang='lat' dir='ltr'>paupertas</span> <span class='ocrx_word' id='word_1_16' title='bbox 657 291 708 336; x_wconf 84' lang='lat' dir='ltr'>slt,</span> <span class='ocrx_word' id='word_1_17' title='bbox 732 290 829 327; x_wconf 82' lang='lat' dir='ltr'>fides</span> <span class='ocrx_word' id='word_1_18' title='bbox 851 289 1068 327; x_wconf 75' lang='lat' dir='ltr'>sublestior.</span> <span class='ocrx_word' id='word_1_19' title='bbox 1496 304 1536 325; x_wconf 86' lang='lat'>20</span> 
     </span>
     <span class='ocr_line' id='line_1_8' title="bbox 257 354 1474 403; baseline -0.003 -9"><span class='ocrx_word' id='word_1_20' title='bbox 257 358 346 394; x_wconf 58' lang='lat' dir='ltr'>er.</span> <span class='ocrx_word' id='word_1_21' title='bbox 371 355 473 394; x_wconf 83' lang='lat' dir='ltr'>enim</span> <span class='ocrx_word' id='word_1_22' title='bbox 497 368 590 393; x_wconf 86' lang='lat' dir='ltr'>uero</span> <span class='ocrx_word' id='word_1_23' title='bbox 611 354 749 392; x_wconf 83' lang='lat' dir='ltr'>odiosa</span> <span class='ocrx_word' id='word_1_24' title='bbox 769 367 820 392; x_wconf 88' lang='lat' dir='ltr'>es.</span> <span class='ocrx_word' id='word_1_25' title='bbox 862 356 925 391; x_wconf 78' lang='lat' dir='ltr'>V1.</span> <span class='ocrx_word' id='word_1_26' title='bbox 951 368 1029 391; x_wconf 89' lang='lat' dir='ltr'>non</span> <span class='ocrx_word' id='word_1_27' title='bbox 1052 367 1137 391; x_wconf 91' lang='lat' dir='ltr'>sum</span> <span class='ocrx_word' id='word_1_28' title='bbox 1155 367 1284 403; x_wconf 87' lang='lat' dir='ltr'>neque</span> <span class='ocrx_word' id='word_1_29' title='bbox 1307 367 1368 391; x_wconf 91' lang='lat' dir='ltr'>me</span> <span class='ocrx_word' id='word_1_30' title='bbox 1390 366 1474 391; x_wconf 79' lang='lat' dir='ltr'>csse</span> 
     </span>
     <span class='ocr_line' id='line_1_9' title="bbox 1298 418 1471 464; baseline -0.006 -8"><span class='ocrx_word' id='word_1_31' title='bbox 1298 418 1471 464; x_wconf 84' lang='lat' dir='ltr'>arbitror,</span> 
     </span>
     <span class='ocr_line' id='line_1_10' title="bbox 256 483 1112 535; baseline -0.004 -12"><span class='ocrx_word' id='word_1_32' title='bbox 256 498 376 535; x_wconf 87' lang='lat' dir='ltr'>quom</span> <span class='ocrx_word' id='word_1_33' title='bbox 399 498 519 535; x_wconf 85' lang='lat' dir='ltr'>parua</span> <span class='ocrx_word' id='word_1_34' title='bbox 540 492 633 522; x_wconf 85' lang='lat' dir='ltr'>natu</span> <span class='ocrx_word' id='word_1_35' title='bbox 655 490 759 521; x_wconf 84' lang='lat' dir='ltr'>recte</span> <span class='ocrx_word' id='word_1_36' title='bbox 780 483 978 533; x_wconf 83' lang='lat' dir='ltr'>praecipio</span> <span class='ocrx_word' id='word_1_37' title='bbox 1003 483 1112 533; x_wconf 85' lang='lat' dir='ltr'>patri.</span> 
     </span>
     <span class='ocr_line' id='line_1_11' title="bbox 254 547 1227 588; baseline -0.004 0"><span class='ocrx_word' id='word_1_38' title='bbox 254 564 346 588; x_wconf 91' lang='lat' dir='ltr'>nam</span> <span class='ocrx_word' id='word_1_39' title='bbox 368 549 516 588; x_wconf 90' lang='lat' dir='ltr'>inimici</span> <span class='ocrx_word' id='word_1_40' title='bbox 537 550 683 586; x_wconf 88' lang='lat' dir='ltr'>famam</span> <span class='ocrx_word' id='word_1_41' title='bbox 704 561 784 585; x_wconf 89' lang='lat' dir='ltr'>non</span> <span class='ocrx_word' id='word_1_42' title='bbox 806 547 859 585; x_wconf 84' lang='lat' dir='ltr'>ita</span> <span class='ocrx_word' id='word_1_43' title='bbox 880 555 921 585; x_wconf 90' lang='lat' dir='ltr'>ut</span> <span class='ocrx_word' id='word_1_44' title='bbox 942 555 1068 585; x_wconf 78' lang='lat' dir='ltr'>natast</span> <span class='ocrx_word' id='word_1_45' title='bbox 1089 549 1227 585; x_wconf 87' lang='lat' dir='ltr'>ferunt.</span> 
     </span>
     <span class='ocr_line' id='line_1_12' title="bbox 254 613 1307 663; baseline -0.004 -10"><span class='ocrx_word' id='word_1_46' title='bbox 254 617 344 653; x_wconf 69' lang='lat' dir='ltr'>SAT.</span> <span class='ocrx_word' id='word_1_47' title='bbox 377 616 501 653; x_wconf 87' lang='lat' dir='ltr'>ferant</span> <span class='ocrx_word' id='word_1_48' title='bbox 521 620 692 663; x_wconf 78' lang='lat' dir='ltr'>eantque</span> <span class='ocrx_word' id='word_1_49' title='bbox 713 625 937 650; x_wconf 79' lang='lat' dir='ltr'>maxumam</span> <span class='ocrx_word' id='word_1_50' title='bbox 959 613 1101 649; x_wconf 90' lang='lat' dir='ltr'>malam</span> <span class='ocrx_word' id='word_1_51' title='bbox 1124 625 1278 650; x_wconf 90' lang='lat' dir='ltr'>crucem</span> <span class='ocrx_word' id='word_1_52' title='bbox 1297 626 1307 659; x_wconf 79' lang='lat'><em>3</em></span> 
     </span>
     <span class='ocr_line' id='line_1_13' title="bbox 254 676 1534 730; baseline -0.005 -12"><span class='ocrx_word' id='word_1_53' title='bbox 254 694 334 718; x_wconf 88' lang='lat' dir='ltr'>non</span> <span class='ocrx_word' id='word_1_54' title='bbox 354 693 427 730; x_wconf 86' lang='lat' dir='ltr'>ego</span> <span class='ocrx_word' id='word_1_55' title='bbox 448 678 670 717; x_wconf 76' lang='lat' dir='ltr'>inimicitias</span> <span class='ocrx_word' id='word_1_56' title='bbox 692 677 821 716; x_wconf 84' lang='lat' dir='ltr'>omnis</span> <span class='ocrx_word' id='word_1_57' title='bbox 842 679 951 727; x_wconf 84' lang='lat' dir='ltr'>plure</span> <span class='ocrx_word' id='word_1_58' title='bbox 971 676 1164 715; x_wconf 86' lang='lat' dir='ltr'>existumo</span> <span class='ocrx_word' id='word_1_59' title='bbox 1496 689 1534 723; x_wconf 85' lang='lat'>25</span> 
     </span>
     <span class='ocr_line' id='line_1_14' title="bbox 253 741 1223 794; baseline -0.002 -12"><span class='ocrx_word' id='word_1_60' title='bbox 253 758 372 794; x_wconf 85' lang='lat' dir='ltr'>quam</span> <span class='ocrx_word' id='word_1_61' title='bbox 394 758 529 782; x_wconf 85' lang='lat' dir='ltr'>mensa</span> <span class='ocrx_word' id='word_1_62' title='bbox 550 742 677 781; x_wconf 88' lang='lat' dir='ltr'>inanis</span> <span class='ocrx_word' id='word_1_63' title='bbox 698 755 804 780; x_wconf 93' lang='lat' dir='ltr'>nunc</span> <span class='ocrx_word' id='word_1_64' title='bbox 825 741 855 779; x_wconf 86' lang='lat' dir='ltr'>si</span> <span class='ocrx_word' id='word_1_65' title='bbox 877 749 1097 791; x_wconf 83' lang='lat' dir='ltr'>apponatur</span> <span class='ocrx_word' id='word_1_66' title='bbox 1117 741 1223 780; x_wconf 80' lang='lat' dir='ltr'>mihi.</span> 
     </span>
     <span class='ocr_line' id='line_1_15' title="bbox 252 806 1220 860; baseline -0.002 -13"><span class='ocrx_word' id='word_1_67' title='bbox 252 811 316 847; x_wconf 78' lang='lat' dir='ltr'>Vi.</span> <span class='ocrx_word' id='word_1_68' title='bbox 349 817 467 860; x_wconf 84' lang='lat' dir='ltr'>pater,</span> <span class='ocrx_word' id='word_1_69' title='bbox 491 808 698 846; x_wconf 87' lang='lat' dir='ltr'>hominum</span> <span class='ocrx_word' id='word_1_70' title='bbox 719 806 936 845; x_wconf 84' lang='lat' dir='ltr'>inmortalis</span> <span class='ocrx_word' id='word_1_71' title='bbox 957 814 1015 844; x_wconf 83' lang='lat' dir='ltr'>est</span> <span class='ocrx_word' id='word_1_72' title='bbox 1036 806 1220 854; x_wconf 82' lang='lat' dir='ltr'>infamia;</span> 
     </span>
     <span class='ocr_line' id='line_1_16' title="bbox 253 873 1228 922; baseline -0.003 -10"><span class='ocrx_word' id='word_1_73' title='bbox 253 874 370 912; x_wconf 90' lang='lat' dir='ltr'>etiam</span> <span class='ocrx_word' id='word_1_74' title='bbox 392 882 474 911; x_wconf 88' lang='lat' dir='ltr'>tum</span> <span class='ocrx_word' id='word_1_75' title='bbox 497 873 594 911; x_wconf 91' lang='lat' dir='ltr'>uiuit</span> <span class='ocrx_word' id='word_1_76' title='bbox 616 885 737 922; x_wconf 87' lang='lat' dir='ltr'>quom</span> <span class='ocrx_word' id='word_1_77' title='bbox 760 885 844 910; x_wconf 85' lang='lat' dir='ltr'>esse</span> <span class='ocrx_word' id='word_1_78' title='bbox 866 873 1001 909; x_wconf 87' lang='lat' dir='ltr'>credas</span> <span class='ocrx_word' id='word_1_79' title='bbox 1023 878 1228 910; x_wconf 87' lang='lat' dir='ltr'>mortuam.</span> 
     </span>
     <span class='ocr_line' id='line_1_17' title="bbox 252 937 1470 989; baseline -0.003 -11"><span class='ocrx_word' id='word_1_80' title='bbox 252 942 343 979; x_wconf 74' lang='lat' dir='ltr'>SAT.</span> <span class='ocrx_word' id='word_1_81' title='bbox 375 939 500 989; x_wconf 87' lang='lat' dir='ltr'>quid?</span> <span class='ocrx_word' id='word_1_82' title='bbox 535 937 675 976; x_wconf 89' lang='lat' dir='ltr'>metuis</span> <span class='ocrx_word' id='word_1_83' title='bbox 707 950 757 975; x_wconf 84' lang='lat' dir='ltr'>ne</span> <span class='ocrx_word' id='word_1_84' title='bbox 790 944 827 975; x_wconf 87' lang='lat' dir='ltr'>te</span> <span class='ocrx_word' id='word_1_85' title='bbox 857 938 1062 975; x_wconf 83' lang='lat' dir='ltr'>uendam?</span> <span class='ocrx_word' id='word_1_86' title='bbox 1117 938 1182 974; x_wconf 89' lang='lat' dir='ltr'>V1.</span> <span class='ocrx_word' id='word_1_87' title='bbox 1214 951 1294 975; x_wconf 89' lang='lat' dir='ltr'>non</span> <span class='ocrx_word' id='word_1_88' title='bbox 1326 944 1470 983; x_wconf 86' lang='lat' dir='ltr'>metuo,</span> 
     </span>
     <span class='ocr_line' id='line_1_18' title="bbox 1351 1009 1469 1052; baseline 0.008 -13"><span class='ocrx_word' id='word_1_89' title='bbox 1351 1009 1469 1052; x_wconf 84' lang='lat' dir='ltr'>pater.</span> 
     </span>
     <span class='ocr_line' id='line_1_19' title="bbox 251 1066 1534 1116; baseline -0.002 -8"><span class='ocrx_word' id='word_1_90' title='bbox 251 1083 387 1109; x_wconf 89' lang='lat' dir='ltr'>uerum</span> <span class='ocrx_word' id='word_1_91' title='bbox 409 1067 623 1107; x_wconf 84' lang='lat' dir='ltr'>insimulari</span> <span class='ocrx_word' id='word_1_92' title='bbox 645 1069 748 1105; x_wconf 87' lang='lat' dir='ltr'>nolo.</span> <span class='ocrx_word' id='word_1_93' title='bbox 809 1069 898 1105; x_wconf 74' lang='lat' dir='ltr'><strong>SAT.</strong></span> <span class='ocrx_word' id='word_1_94' title='bbox 930 1074 969 1104; x_wconf 86' lang='lat' dir='ltr'>at</span> <span class='ocrx_word' id='word_1_95' title='bbox 990 1066 1230 1116; x_wconf 83' lang='lat' dir='ltr'>nequiquam</span> <span class='ocrx_word' id='word_1_96' title='bbox 1252 1066 1373 1105; x_wconf 87' lang='lat' dir='ltr'>neuis.</span> <span class='ocrx_word' id='word_1_97' title='bbox 1492 1075 1534 1106; x_wconf 82' lang='lat'>30</span> 
     </span>
     <span class='ocr_line' id='line_1_20' title="bbox 251 1132 1082 1184; baseline -0.007 -9"><span class='ocrx_word' id='word_1_98' title='bbox 251 1149 342 1175; x_wconf 84' lang='lat' dir='ltr'>meo</span> <span class='ocrx_word' id='word_1_99' title='bbox 360 1136 484 1174; x_wconf 90' lang='lat' dir='ltr'>modo</span> <span class='ocrx_word' id='word_1_100' title='bbox 502 1134 604 1172; x_wconf 84' lang='lat' dir='ltr'>istuc</span> <span class='ocrx_word' id='word_1_101' title='bbox 623 1132 755 1184; x_wconf 85' lang='lat' dir='ltr'>potius</span> <span class='ocrx_word' id='word_1_102' title='bbox 775 1133 842 1171; x_wconf 88' lang='lat' dir='ltr'>fiet</span> <span class='ocrx_word' id='word_1_103' title='bbox 863 1145 981 1182; x_wconf 83' lang='lat' dir='ltr'>quam</span> <span class='ocrx_word' id='word_1_104' title='bbox 1003 1139 1082 1170; x_wconf 91' lang='lat' dir='ltr'>tuo.</span> 
     </span>
     <span class='ocr_line' id='line_1_21' title="bbox 250 1196 1472 1249; baseline -0.004 -10"><span class='ocrx_word' id='word_1_105' title='bbox 250 1204 314 1241; x_wconf 92' lang='lat' dir='ltr'>V1.</span> <span class='ocrx_word' id='word_1_106' title='bbox 346 1202 422 1239; x_wconf 82' lang='lat' dir='ltr'>siat.</span> <span class='ocrx_word' id='word_1_107' title='bbox 483 1202 574 1238; x_wconf 86' lang='lat' dir='ltr'><strong>SAT.</strong></span> <span class='ocrx_word' id='word_1_108' title='bbox 606 1212 708 1249; x_wconf 84' lang='lat' dir='ltr'>quae</span> <span class='ocrx_word' id='word_1_109' title='bbox 739 1199 814 1236; x_wconf 84' lang='lat' dir='ltr'>hae</span> <span class='ocrx_word' id='word_1_110' title='bbox 852 1211 912 1236; x_wconf 86' lang='lat' dir='ltr'>res</span> <span class='ocrx_word' id='word_1_111' title='bbox 951 1198 1074 1236; x_wconf 88' lang='lat' dir='ltr'>sunt?</span> <span class='ocrx_word' id='word_1_112' title='bbox 1130 1199 1197 1236; x_wconf 91' lang='lat' dir='ltr'>V1.</span> <span class='ocrx_word' id='word_1_113' title='bbox 1231 1196 1359 1247; x_wconf 84' lang='lat' dir='ltr'>cogita</span> <span class='ocrx_word' id='word_1_114' title='bbox 1396 1198 1472 1235; x_wconf 87' lang='lat' dir='ltr'>hoc</span> 
     </span>
     <span class='ocr_line' id='line_1_22' title="bbox 1141 1262 1472 1311; baseline -0.003 -11"><span class='ocrx_word' id='word_1_115' title='bbox 1141 1262 1317 1308; x_wconf 87' lang='lat' dir='ltr'>uerbum,</span> <span class='ocrx_word' id='word_1_116' title='bbox 1339 1268 1472 1311; x_wconf 83' lang='lat' dir='ltr'>pater:</span> 
     </span>
     <span class='ocr_line' id='line_1_23' title="bbox 250 1329 1060 1374; baseline -0.005 -5"><span class='ocrx_word' id='word_1_117' title='bbox 250 1333 328 1369; x_wconf 86' lang='lat' dir='ltr'>eru&#39;</span> <span class='ocrx_word' id='word_1_118' title='bbox 349 1330 379 1368; x_wconf 84' lang='lat' dir='ltr'>si</span> <span class='ocrx_word' id='word_1_119' title='bbox 401 1329 572 1368; x_wconf 79' lang='lat' dir='ltr'>minatus</span> <span class='ocrx_word' id='word_1_120' title='bbox 593 1336 651 1367; x_wconf 84' lang='lat' dir='ltr'>est</span> <span class='ocrx_word' id='word_1_121' title='bbox 672 1329 820 1366; x_wconf 85' lang='lat' dir='ltr'>malum</span> <span class='ocrx_word' id='word_1_122' title='bbox 841 1341 957 1366; x_wconf 86' lang='lat' dir='ltr'>seruo</span> <span class='ocrx_word' id='word_1_123' title='bbox 977 1341 1060 1374; x_wconf 88' lang='lat' dir='ltr'>suo,</span> 
     </span>
     <span class='ocr_line' id='line_1_24' title="bbox 249 1393 1376 1443; baseline -0.005 -9"><span class='ocrx_word' id='word_1_124' title='bbox 249 1404 328 1434; x_wconf 91' lang='lat' dir='ltr'>tam</span> <span class='ocrx_word' id='word_1_125' title='bbox 350 1395 421 1434; x_wconf 80' lang='lat' dir='ltr'>etsi</span> <span class='ocrx_word' id='word_1_126' title='bbox 442 1395 482 1433; x_wconf 88' lang='lat' dir='ltr'>id</span> <span class='ocrx_word' id='word_1_127' title='bbox 503 1396 678 1432; x_wconf 90' lang='lat' dir='ltr'>futurum</span> <span class='ocrx_word' id='word_1_128' title='bbox 699 1407 780 1431; x_wconf 93' lang='lat' dir='ltr'>non</span> <span class='ocrx_word' id='word_1_129' title='bbox 801 1401 870 1440; x_wconf 80' lang='lat' dir='ltr'>est,</span> <span class='ocrx_word' id='word_1_130' title='bbox 893 1393 962 1432; x_wconf 90' lang='lat' dir='ltr'>ubi</span> <span class='ocrx_word' id='word_1_131' title='bbox 983 1399 1181 1443; x_wconf 84' lang='lat' dir='ltr'>captumst</span> <span class='ocrx_word' id='word_1_132' title='bbox 1201 1393 1376 1441; x_wconf 83' lang='lat' dir='ltr'>flagrum,</span> 
     </span>
     <span class='ocr_line' id='line_1_25' title="bbox 249 1457 1528 1509; baseline -0.002 -11"><span class='ocrx_word' id='word_1_133' title='bbox 249 1462 344 1499; x_wconf 89' lang='lat' dir='ltr'>dum</span> <span class='ocrx_word' id='word_1_134' title='bbox 366 1460 517 1498; x_wconf 84' lang='lat' dir='ltr'>tunicas</span> <span class='ocrx_word' id='word_1_135' title='bbox 537 1458 661 1509; x_wconf 87' lang='lat' dir='ltr'>ponit,</span> <span class='ocrx_word' id='word_1_136' title='bbox 685 1466 832 1508; x_wconf 84' lang='lat' dir='ltr'>quanta</span> <span class='ocrx_word' id='word_1_137' title='bbox 851 1458 1032 1496; x_wconf 81' lang='lat' dir='ltr'>adficitur</span> <span class='ocrx_word' id='word_1_138' title='bbox 1053 1457 1229 1495; x_wconf 79' lang='lat' dir='ltr'>miseria!</span> <span class='ocrx_word' id='word_1_139' title='bbox 1489 1464 1528 1497; x_wconf 81' lang='lat'>35</span> 
     </span>
     <span class='ocr_line' id='line_1_26' title="bbox 249 1523 1268 1577; baseline -0.004 -13"><span class='ocrx_word' id='word_1_140' title='bbox 249 1540 321 1577; x_wconf 89' lang='lat' dir='ltr'>ego</span> <span class='ocrx_word' id='word_1_141' title='bbox 342 1539 447 1563; x_wconf 91' lang='lat' dir='ltr'>nunc</span> <span class='ocrx_word' id='word_1_142' title='bbox 468 1526 577 1575; x_wconf 90' lang='lat' dir='ltr'>quod</span> <span class='ocrx_word' id='word_1_143' title='bbox 598 1538 680 1562; x_wconf 87' lang='lat' dir='ltr'>non</span> <span class='ocrx_word' id='word_1_144' title='bbox 701 1525 913 1561; x_wconf 85' lang='lat' dir='ltr'>futurumst</span> <span class='ocrx_word' id='word_1_145' title='bbox 934 1523 1103 1561; x_wconf 88' lang='lat' dir='ltr'>formido</span> <span class='ocrx_word' id='word_1_146' title='bbox 1125 1530 1268 1561; x_wconf 86' lang='lat' dir='ltr'>tamen.</span> 
     </span>
     <span class='ocr_line' id='line_1_27' title="bbox 249 1587 1322 1640; baseline -0.004 -11"><span class='ocrx_word' id='word_1_147' title='bbox 249 1594 339 1630; x_wconf 68' lang='lat' dir='ltr'><strong>SAT.</strong></span> <span class='ocrx_word' id='word_1_148' title='bbox 372 1590 481 1640; x_wconf 82' lang='lat' dir='ltr'>uirgo</span> <span class='ocrx_word' id='word_1_149' title='bbox 501 1597 620 1639; x_wconf 85' lang='lat' dir='ltr'>atque</span> <span class='ocrx_word' id='word_1_150' title='bbox 642 1588 781 1627; x_wconf 86' lang='lat' dir='ltr'>mulier</span> <span class='ocrx_word' id='word_1_151' title='bbox 806 1589 913 1626; x_wconf 82' lang='lat' dir='ltr'>nulla</span> <span class='ocrx_word' id='word_1_152' title='bbox 934 1587 1005 1626; x_wconf 88' lang='lat' dir='ltr'>erit</span> <span class='ocrx_word' id='word_1_153' title='bbox 1026 1587 1120 1637; x_wconf 89' lang='lat' dir='ltr'>quin</span> <span class='ocrx_word' id='word_1_154' title='bbox 1142 1587 1190 1626; x_wconf 90' lang='lat' dir='ltr'>sit</span> <span class='ocrx_word' id='word_1_155' title='bbox 1211 1588 1322 1634; x_wconf 85' lang='lat' dir='ltr'>mala,</span> 
     </span>
     <span class='ocr_line' id='line_1_28' title="bbox 249 1652 1215 1706; baseline -0.003 -13"><span class='ocrx_word' id='word_1_156' title='bbox 249 1669 349 1706; x_wconf 84' lang='lat' dir='ltr'>quae</span> <span class='ocrx_word' id='word_1_157' title='bbox 370 1663 521 1706; x_wconf 84' lang='lat' dir='ltr'>praeter</span> <span class='ocrx_word' id='word_1_158' title='bbox 541 1653 665 1704; x_wconf 85' lang='lat' dir='ltr'>sapiet</span> <span class='ocrx_word' id='word_1_159' title='bbox 686 1667 805 1704; x_wconf 84' lang='lat' dir='ltr'>quam</span> <span class='ocrx_word' id='word_1_160' title='bbox 827 1654 956 1703; x_wconf 85' lang='lat' dir='ltr'>placet</span> <span class='ocrx_word' id='word_1_161' title='bbox 977 1652 1215 1703; x_wconf 81' lang='lat' dir='ltr'>parentibus,</span> 
     </span>
     <span class='ocr_line' id='line_1_29' title="bbox 246 1717 1295 1769; baseline -0.003 -11"><span class='ocrx_word' id='word_1_162' title='bbox 246 1723 310 1758; x_wconf 87' lang='lat' dir='ltr'>V1.</span> <span class='ocrx_word' id='word_1_163' title='bbox 343 1720 453 1769; x_wconf 85' lang='lat' dir='ltr'>uirgo</span> <span class='ocrx_word' id='word_1_164' title='bbox 473 1727 592 1769; x_wconf 84' lang='lat' dir='ltr'>atque</span> <span class='ocrx_word' id='word_1_165' title='bbox 614 1719 752 1757; x_wconf 88' lang='lat' dir='ltr'>mulier</span> <span class='ocrx_word' id='word_1_166' title='bbox 773 1721 879 1757; x_wconf 84' lang='lat' dir='ltr'>nulla</span> <span class='ocrx_word' id='word_1_167' title='bbox 902 1718 973 1757; x_wconf 91' lang='lat' dir='ltr'>erit</span> <span class='ocrx_word' id='word_1_168' title='bbox 998 1717 1093 1768; x_wconf 88' lang='lat' dir='ltr'>quin</span> <span class='ocrx_word' id='word_1_169' title='bbox 1114 1717 1161 1755; x_wconf 89' lang='lat' dir='ltr'>sit</span> <span class='ocrx_word' id='word_1_170' title='bbox 1182 1718 1295 1764; x_wconf 73' lang='lat' dir='ltr'>mala,</span> 
     </span>
     <span class='ocr_line' id='line_1_30' title="bbox 247 1783 1534 1836; baseline -0.003 -12"><span class='ocrx_word' id='word_1_171' title='bbox 247 1799 347 1836; x_wconf 85' lang='lat' dir='ltr'>quae</span> <span class='ocrx_word' id='word_1_172' title='bbox 368 1785 502 1824; x_wconf 87' lang='lat' dir='ltr'>reticet</span> <span class='ocrx_word' id='word_1_173' title='bbox 523 1784 553 1822; x_wconf 89' lang='lat' dir='ltr'>si</span> <span class='ocrx_word' id='word_1_174' title='bbox 575 1784 671 1834; x_wconf 88' lang='lat' dir='ltr'>quid</span> <span class='ocrx_word' id='word_1_175' title='bbox 692 1784 773 1822; x_wconf 86' lang='lat' dir='ltr'>fieri</span> <span class='ocrx_word' id='word_1_176' title='bbox 795 1797 980 1834; x_wconf 86' lang='lat' dir='ltr'>peruorse</span> <span class='ocrx_word' id='word_1_177' title='bbox 1001 1783 1121 1822; x_wconf 87' lang='lat' dir='ltr'>uidet.</span> <span class='ocrx_word' id='word_1_178' title='bbox 1491 1795 1534 1825; x_wconf 91' lang='lat'>40</span> 
     </span>
     <span class='ocr_line' id='line_1_31' title="bbox 248 1847 1345 1890; baseline -0.003 -1"><span class='ocrx_word' id='word_1_179' title='bbox 248 1853 339 1890; x_wconf 88' lang='lat' dir='ltr'>SAT.</span> <span class='ocrx_word' id='word_1_180' title='bbox 372 1852 475 1888; x_wconf 89' lang='lat' dir='ltr'>malo</span> <span class='ocrx_word' id='word_1_181' title='bbox 497 1862 636 1887; x_wconf 82' lang='lat' dir='ltr'>cauere</span> <span class='ocrx_word' id='word_1_182' title='bbox 659 1848 814 1886; x_wconf 82' lang='lat' dir='ltr'>meliust</span> <span class='ocrx_word' id='word_1_183' title='bbox 835 1856 883 1887; x_wconf 87' lang='lat' dir='ltr'>te.</span> <span class='ocrx_word' id='word_1_184' title='bbox 945 1851 1008 1886; x_wconf 84' lang='lat' dir='ltr'>V1.</span> <span class='ocrx_word' id='word_1_185' title='bbox 1041 1855 1080 1886; x_wconf 87' lang='lat' dir='ltr'>at</span> <span class='ocrx_word' id='word_1_186' title='bbox 1101 1847 1131 1886; x_wconf 89' lang='lat' dir='ltr'>si</span> <span class='ocrx_word' id='word_1_187' title='bbox 1152 1861 1233 1886; x_wconf 91' lang='lat' dir='ltr'>non</span> <span class='ocrx_word' id='word_1_188' title='bbox 1254 1847 1345 1886; x_wconf 90' lang='lat' dir='ltr'>licet</span> 
     </span>
     <span class='ocr_line' id='line_1_32' title="bbox 248 1913 1296 1964; baseline -0.003 -10"><span class='ocrx_word' id='word_1_189' title='bbox 248 1929 396 1961; x_wconf 84' lang='lat' dir='ltr'>cauere,</span> <span class='ocrx_word' id='word_1_190' title='bbox 421 1914 517 1964; x_wconf 86' lang='lat' dir='ltr'>quid</span> <span class='ocrx_word' id='word_1_191' title='bbox 537 1915 683 1963; x_wconf 80' lang='lat' dir='ltr'>agam?</span> <span class='ocrx_word' id='word_1_192' title='bbox 712 1927 804 1951; x_wconf 86' lang='lat' dir='ltr'>nam</span> <span class='ocrx_word' id='word_1_193' title='bbox 826 1927 899 1963; x_wconf 87' lang='lat' dir='ltr'>ego</span> <span class='ocrx_word' id='word_1_194' title='bbox 920 1913 991 1952; x_wconf 87' lang='lat' dir='ltr'>tibi</span> <span class='ocrx_word' id='word_1_195' title='bbox 1012 1921 1171 1951; x_wconf 81' lang='lat' dir='ltr'>cautum</span> <span class='ocrx_word' id='word_1_196' title='bbox 1193 1914 1296 1951; x_wconf 91' lang='lat' dir='ltr'>uolo.</span> 
     </span>
     <span class='ocr_line' id='line_1_33' title="bbox 248 1978 1470 2029; baseline -0.002 -10"><span class='ocrx_word' id='word_1_197' title='bbox 248 1983 338 2020; x_wconf 85' lang='lat' dir='ltr'><strong>SAT.</strong></span> <span class='ocrx_word' id='word_1_198' title='bbox 358 1981 528 2018; x_wconf 83' lang='lat' dir='ltr'>malu&#39;ne</span> <span class='ocrx_word' id='word_1_199' title='bbox 545 1979 618 2029; x_wconf 74' lang='lat' dir='ltr'>ego</span> <span class='ocrx_word' id='word_1_200' title='bbox 633 1981 749 2017; x_wconf 84' lang='lat' dir='ltr'>sum?</span> <span class='ocrx_word' id='word_1_201' title='bbox 779 1981 843 2017; x_wconf 87' lang='lat' dir='ltr'>V1.</span> <span class='ocrx_word' id='word_1_202' title='bbox 868 1993 948 2017; x_wconf 90' lang='lat' dir='ltr'>non</span> <span class='ocrx_word' id='word_1_203' title='bbox 971 1993 1011 2017; x_wconf 85' lang='lat' dir='ltr'>es</span> <span class='ocrx_word' id='word_1_204' title='bbox 1034 1992 1163 2029; x_wconf 88' lang='lat' dir='ltr'>neque</span> <span class='ocrx_word' id='word_1_205' title='bbox 1184 1992 1247 2017; x_wconf 87' lang='lat' dir='ltr'>me</span> <span class='ocrx_word' id='word_1_206' title='bbox 1269 1978 1470 2028; x_wconf 86' lang='lat' dir='ltr'>dignumst</span> 
     </span>
     <span class='ocr_line' id='line_1_34' title="bbox 1326 2042 1465 2089; baseline 0 -7"><span class='ocrx_word' id='word_1_207' title='bbox 1326 2042 1465 2089; x_wconf 89' lang='lat' dir='ltr'>dicere,</span> 
     </span>
    </p>
   </div>
   <div class='ocr_carea' id='block_1_7' title="bbox 139 2146 1474 2437">
    <p class='ocr_par' dir='ltr' id='par_1_7' title="bbox 139 2146 1474 2437">
     <span class='ocr_line' id='line_1_35' title="bbox 183 2146 1470 2188; baseline -0.002 -8"><span class='ocrx_word' id='word_1_208' title='bbox 183 2159 244 2188; x_wconf 84' lang='lat'>347</span> <span class='ocrx_word' id='word_1_209' title='bbox 270 2149 458 2188; x_wconf 85' lang='lat' dir='ltr'>immigrant</span> <span class='ocrx_word' id='word_1_210' title='bbox 484 2147 551 2178; x_wconf 83' lang='lat' dir='ltr'>cod.</span> <span class='ocrx_word' id='word_1_211' title='bbox 580 2147 670 2178; x_wconf 77' lang='lat' dir='ltr'><em>Festi</em></span> <span class='ocrx_word' id='word_1_212' title='bbox 690 2158 752 2186; x_wconf 81' lang='lat'>294</span> <span class='ocrx_word' id='word_1_213' title='bbox 857 2158 933 2178; x_wconf 89' lang='lat' dir='ltr'>nam</span> <span class='ocrx_word' id='word_1_214' title='bbox 960 2149 1014 2178; x_wconf 86' lang='lat' dir='ltr'>ubi</span> <span class='ocrx_word' id='word_1_215' title='bbox 1041 2149 1082 2179; x_wconf 93' lang='lat' dir='ltr'>ad</span> <span class='ocrx_word' id='word_1_216' title='bbox 1106 2158 1136 2187; x_wconf 90' lang='lat' dir='ltr'>p.</span> <span class='ocrx_word' id='word_1_217' title='bbox 1162 2147 1305 2179; x_wconf 81' lang='lat' dir='ltr'>accessit</span> <span class='ocrx_word' id='word_1_218' title='bbox 1334 2146 1470 2177; x_wconf 85' lang='lat' dir='ltr'>infamia</span> 
     </span>
     <span class='ocr_line' id='line_1_36' title="bbox 139 2191 1470 2232; baseline -0.002 -10"><span class='ocrx_word' id='word_1_219' title='bbox 139 2191 270 2223; x_wconf 82' lang='lat' dir='ltr'>Nonius</span> <span class='ocrx_word' id='word_1_220' title='bbox 289 2203 360 2232; x_wconf 84' lang='lat'><em>177,</em></span> <span class='ocrx_word' id='word_1_221' title='bbox 377 2191 434 2222; x_wconf 77' lang='lat' dir='ltr'>vix</span> <span class='ocrx_word' id='word_1_222' title='bbox 450 2195 526 2221; x_wconf 78' lang='lat' dir='ltr'>recte</span> <span class='ocrx_word' id='word_1_223' title='bbox 646 2192 710 2229; x_wconf 86' lang='lat'>348</span> <span class='ocrx_word' id='word_1_224' title='bbox 734 2196 916 2230; x_wconf 82' lang='lat' dir='ltr'>paupertas</span> <span class='ocrx_word' id='word_1_225' title='bbox 937 2192 1071 2230; x_wconf 85' lang='lat' dir='ltr'>grauior</span> <span class='ocrx_word' id='word_1_226' title='bbox 1086 2191 1174 2222; x_wconf 86' lang='lat' dir='ltr'><strong><em>codd.</em></strong></span> <span class='ocrx_word' id='word_1_227' title='bbox 1195 2191 1300 2221; x_wconf 78' lang='lat' dir='ltr'>Nonii</span> <span class='ocrx_word' id='word_1_228' title='bbox 1406 2200 1470 2229; x_wconf 86' lang='lat'>349</span> 
     </span>
     <span class='ocr_line' id='line_1_37' title="bbox 140 2233 1474 2276; baseline -0.002 -10"><span class='ocrx_word' id='word_1_229' title='bbox 140 2245 192 2266; x_wconf 83' lang='lat' dir='ltr'>me</span> <span class='ocrx_word' id='word_1_230' title='bbox 209 2246 275 2266; x_wconf 86' lang='lat' dir='ltr'>om.</span> <span class='ocrx_word' id='word_1_231' title='bbox 293 2236 326 2265; x_wconf 87' lang='lat' dir='ltr'><em>A</em></span> <span class='ocrx_word' id='word_1_232' title='bbox 421 2244 485 2273; x_wconf 83' lang='lat'>350</span> <span class='ocrx_word' id='word_1_233' title='bbox 508 2244 587 2273; x_wconf 89' lang='lat' dir='ltr'>qum</span> <span class='ocrx_word' id='word_1_234' title='bbox 606 2234 637 2263; x_wconf 88' lang='lat' dir='ltr'><em>A</em></span> <span class='ocrx_word' id='word_1_235' title='bbox 736 2244 799 2272; x_wconf 85' lang='lat'>352</span> <span class='ocrx_word' id='word_1_236' title='bbox 824 2234 892 2276; x_wconf 85' lang='lat' dir='ltr'>[in]</span> <span class='ocrx_word' id='word_1_237' title='bbox 911 2245 997 2266; x_wconf 86' lang='lat' dir='ltr'>max.</span> <span class='ocrx_word' id='word_1_238' title='bbox 1017 2235 1049 2265; x_wconf 82' lang='lat' dir='ltr'><em>P</em></span> <span class='ocrx_word' id='word_1_239' title='bbox 1131 2244 1195 2273; x_wconf 85' lang='lat'>353</span> <span class='ocrx_word' id='word_1_240' title='bbox 1220 2234 1315 2273; x_wconf 84' lang='lat' dir='ltr'>plure</span> <span class='ocrx_word' id='word_1_241' title='bbox 1331 2233 1474 2264; x_wconf 79' lang='lat' dir='ltr'>Charisii</span> 
     </span>
     <span class='ocr_line' id='line_1_38' title="bbox 143 2276 1469 2317; baseline -0.002 -9"><span class='ocrx_word' id='word_1_242' title='bbox 143 2288 213 2317; x_wconf 69' lang='lat'>109,</span> <span class='ocrx_word' id='word_1_243' title='bbox 234 2288 293 2308; x_wconf 88' lang='lat'>211</span> <span class='ocrx_word' id='word_1_244' title='bbox 315 2278 377 2308; x_wconf 76' lang='lat' dir='ltr'>huc</span> <span class='ocrx_word' id='word_1_245' title='bbox 393 2278 513 2308; x_wconf 72' lang='lat' dir='ltr'>rettulit</span> <span class='ocrx_word' id='word_1_246' title='bbox 524 2276 681 2317; x_wconf 79' lang='lat' dir='ltr'>Seyffert:</span> <span class='ocrx_word' id='word_1_247' title='bbox 705 2277 814 2316; x_wconf 84' lang='lat' dir='ltr'>pluris</span> <span class='ocrx_word' id='word_1_248' title='bbox 824 2277 913 2308; x_wconf 85' lang='lat' dir='ltr'><em>codd.</em></span> <span class='ocrx_word' id='word_1_249' title='bbox 1016 2278 1157 2308; x_wconf 88' lang='lat' dir='ltr'>aestimo</span> <span class='ocrx_word' id='word_1_250' title='bbox 1168 2278 1308 2317; x_wconf 80' lang='lat' dir='ltr'>Pylades</span> <span class='ocrx_word' id='word_1_251' title='bbox 1404 2278 1469 2315; x_wconf 87' lang='lat'>362</span> 
     </span>
     <span class='ocr_line' id='line_1_39' title="bbox 140 2320 1466 2361; baseline -0.002 -10"><span class='ocrx_word' id='word_1_252' title='bbox 140 2321 318 2351; x_wconf 78' lang='lat' dir='ltr'>tamenetsi</span> <span class='ocrx_word' id='word_1_253' title='bbox 337 2321 384 2351; x_wconf 88' lang='lat' dir='ltr'>P:</span> <span class='ocrx_word' id='word_1_254' title='bbox 410 2320 578 2351; x_wconf 84' lang='lat' dir='ltr'>tamenesi</span> <span class='ocrx_word' id='word_1_255' title='bbox 596 2320 731 2360; x_wconf 75' lang='lat' dir='ltr'>A,fort.</span> <span class='ocrx_word' id='word_1_256' title='bbox 754 2324 828 2350; x_wconf 75' lang='lat' dir='ltr'>recte</span> <span class='ocrx_word' id='word_1_257' title='bbox 845 2321 878 2354; x_wconf 83' lang='lat' dir='ltr'>(i.</span> <span class='ocrx_word' id='word_1_258' title='bbox 891 2331 916 2350; x_wconf 81' lang='lat' dir='ltr'>e.</span> <span class='ocrx_word' id='word_1_259' title='bbox 934 2325 1044 2351; x_wconf 89' lang='lat' dir='ltr'>tamen</span> <span class='ocrx_word' id='word_1_260' title='bbox 1062 2321 1104 2361; x_wconf 85' lang='lat' dir='ltr'>si)</span> <span class='ocrx_word' id='word_1_261' title='bbox 1248 2321 1281 2351; x_wconf 94' lang='lat' dir='ltr'>id</span> <span class='ocrx_word' id='word_1_262' title='bbox 1304 2320 1466 2361; x_wconf 88' lang='lat' dir='ltr'>futurum]</span> 
     </span>
     <span class='ocr_line' id='line_1_40' title="bbox 139 2362 1466 2404; baseline 0 -10"><span class='ocrx_word' id='word_1_263' title='bbox 139 2374 241 2394; x_wconf 82' lang='lat' dir='ltr'>aurus</span> <span class='ocrx_word' id='word_1_264' title='bbox 257 2364 290 2393; x_wconf 83' lang='lat' dir='ltr'><em>A</em></span> <span class='ocrx_word' id='word_1_265' title='bbox 297 2364 302 2379; x_wconf 80' lang='lat'><strong>¹</strong></span> <span class='ocrx_word' id='word_1_266' title='bbox 324 2364 394 2404; x_wconf 76' lang='lat' dir='ltr'>(vix</span> <span class='ocrx_word' id='word_1_267' title='bbox 407 2368 469 2403; x_wconf 82' lang='lat' dir='ltr'>pro</span> <span class='ocrx_word' id='word_1_268' title='bbox 490 2362 680 2404; x_wconf 83' lang='lat' dir='ltr'>habiturus)</span> <span class='ocrx_word' id='word_1_269' title='bbox 771 2365 834 2402; x_wconf 87' lang='lat'>367</span> <span class='ocrx_word' id='word_1_270' title='bbox 859 2368 932 2394; x_wconf 84' lang='lat' dir='ltr'>erat</span> <span class='ocrx_word' id='word_1_271' title='bbox 949 2363 981 2394; x_wconf 81' lang='lat' dir='ltr'><em>P</em></span> <span class='ocrx_word' id='word_1_272' title='bbox 1075 2365 1140 2403; x_wconf 88' lang='lat'>369</span> <span class='ocrx_word' id='word_1_273' title='bbox 1163 2363 1305 2394; x_wconf 86' lang='lat' dir='ltr'>liceatA</span> <span class='ocrx_word' id='word_1_274' title='bbox 1404 2372 1466 2402; x_wconf 88' lang='lat'>371</span> 
     </span>
     <span class='ocr_line' id='line_1_41' title="bbox 141 2407 239 2437; baseline 0 -1"><span class='ocrx_word' id='word_1_275' title='bbox 141 2412 191 2437; x_wconf 87' lang='lat' dir='ltr'>est</span> <span class='ocrx_word' id='word_1_276' title='bbox 208 2407 239 2436; x_wconf 81' lang='lat' dir='ltr'><em>A</em></span> 
     </span>
    </p>
   </div>
   <div class='ocr_carea' id='block_1_8' title="bbox 185 2461 1379 2493">
    <p class='ocr_par' dir='ltr' id='par_1_8' title="bbox 185 2461 1379 2493">
     <span class='ocr_line' id='line_1_42' title="bbox 185 2461 1379 2493; baseline -0.003 -3"><span class='ocrx_word' id='word_1_277' title='bbox 185 2470 302 2490; x_wconf 77' lang='lat' dir='ltr'>PLAVT.</span> <span class='ocrx_word' id='word_1_278' title='bbox 325 2470 348 2490; x_wconf 82' lang='lat'>11</span> <span class='ocrx_word' id='word_1_279' title='bbox 1341 2461 1353 2491; x_wconf 86' lang='lat'>1</span> <span class='ocrx_word' id='word_1_280' title='bbox 1363 2461 1379 2493; x_wconf 91' lang='lat'>1</span> 
     </span>
    </p>
   </div>
  </div>
 </body>
</html>
