1731 2713
685 379 922 429 ACTVS
975 380 993 426 Ι

488 495 739 532 Toxlrvs
850 491 1197 528 SAGARlsTIO
1528 483 1594 521 I.i

236 596 309 634 To.
343 593 422 643 Qui
451 606 587 632 amans
617 603 735 642 egens
766 589 960 639 ingressus
991 594 1048 627 est
1078 586 1260 637 princeps
1290 585 1329 624 in
1352 583 1508 624 Amoris

1427 648 1510 686 uias

343 722 540 774 superauit
561 719 758 761 aerumnis
832 718 910 758 suis
931 731 1137 757 aerumnas
1156 714 1389 767 Hercul<e>i.

184 803 273 829 nam
291 802 380 828 cum
402 790 527 835 leone,
545 800 635 826 curn
653 792 820 833 excetra,
834 797 925 823 cum
947 796 1075 830 cerno,
1095 784 1184 821 crim
1206 793 1300 831 apro
1316 778 1507 824 Aetolico,

147 892 154 898 ,
184 869 274 894 cum
295 854 434 893 auibus
457 850 744 903 Stymphalicis,
767 862 858 888 cum
881 850 1037 887 Antaeo
1058 845 1245 886 deluctari
1267 843 1452 883 mauelim

147 934 163 971 5
184 933 302 971 quam
323 921 414 958 etim
435 921 605 957 Amore:
637 916 689 955 ita
711 917 761 954 fio
783 914 900 953 miser
920 913 1148 963 quaerendo
1169 917 1329 961 argento
1351 916 1489 948 mutuo
1532 918 1549 950 5

184 998 256 1025 nec
286 984 498 1036 quicquam
528 982 601 1021 nisi
630 987 728 1020 ‘non
759 981 838 1019 est'
860 979 988 1018 sciunt
1019 976 1115 1016 mihi
1146 975 1382 1026 respondere
1412 986 1511 1024 quos

1405 1051 1509 1089 rogo.

292 1117 383 1155 SAG.
416 1115 483 1166 qui
504 1128 569 1153 ero
591 1127 662 1152 suo
684 1111 828 1152 seruire
850 1112 932 1150 uolt
955 1111 1057 1149 bene
1079 1120 1212 1147 seruos
1234 1105 1473 1151 seruitutem,

293 1195 342 1220 ne
363 1181 471 1219 illum
493 1180 635 1230 edepol
658 1179 780 1217 multa
802 1177 841 1215 in
864 1183 1023 1227 pectore
1045 1187 1117 1213 suo
1132 1174 1340 1212 conlocare
1361 1176 1515 1221 oportet

187 1260 288 1298 quae
308 1259 375 1285 ero
395 1248 547 1297 placere
568 1252 726 1284 censeat
748 1241 943 1294 praesenti
964 1248 1083 1290 atque
1103 1236 1256 1290 apsenti
1277 1249 1359 1276 suo.

127 1328 170 1354 ιο
189 1325 261 1363 ego
281 1324 409 1362 neque
430 1311 610 1350 lubenter
630 1309 758 1349 seruio
780 1321 909 1358 neque
930 1306 1012 1346 sati’
1034 1319 1120 1344 sum
1142 1317 1208 1344 ero
1229 1317 1275 1343 ex
1296 1300 1499 1348 sententia,
1538 1312 1577 1335 10

189 1378 258 1416 sed
287 1377 397 1427 quasi
429 1376 537 1427 lippo
558 1377 675 1414 oculo
703 1388 766 1414 me
794 1375 872 1412 eru’
895 1385 1005 1411 meus
1030 1383 1191 1410 manum
1219 1367 1414 1419 apstinere
1439 1367 1516 1404 hau

1279 1432 1363 1484 quit
1385 1439 1517 1470 tamen

189 1511 284 1562 quin
307 1510 358 1548 mi
382 1509 555 1558 imperet,
579 1506 675 1558 quin
698 1519 760 1544 nie
782 1504 860 1543 suis
883 1502 1049 1553 negotiis
1071 1499 1309 1552 praefulciat‚

243 1578 317 1614 To.
350 1574 436 1626 quis
457 1573 535 1612 illic
556 1581 612 1611 est
634 1572 701 1623 qui
723 1578 859 1610 contra
881 1582 943 1608 me
963 1568 1092 1607 astat?
1145 1567 1237 1605 SAG.
1270 1564 1357 1614 quis
1377 1562 1441 1601 hic
1462 1569 1519 1600 est

988 1632 1054 1684 qui
1077 1631 1132 1671 sic
1153 1637 1288 1669 contra
1310 1642 1373 1668 me
1393 1628 1521 1666 astat?

244 1710 318 1748 To.
351 1707 486 1747 similis
525 1712 582 1745 est
621 1703 903 1756 Sagaristionis.
966 1702 1056 1740 SAG.
1091 1698 1262 1748 Toxilus„
1293 1694 1520 1746 hicquidem

1212 1776 1322 1802 meus
1343 1761 1520 1801 amicust.

131 1846 170 1883 15
245 1841 319 1878 To.
352 1839 383 1877 is
413 1845 470 1877 est
500 1838 687 1889 profecto.
747 1838 840 1876 SAG.
873 1848 965 1874 eum
1001 1846 1086 1872 esse
1118 1830 1267 1882 opinor.
1327 1829 1401 1866 To.
1433 1839 1524 1865 con·
1548 1835 1582 1865 15

768 1901 929 1952 grediar.
991 1901 1083 1938 SAG.
1119 1903 1255 1936 contra
1277 1891 1520 1944 adgredibor.

238 2019 251 2040 1
278 2018 315 2040 es
331 2007 364 2039 P
449 2008 537 2039 uiam
553 2006 640 2038 codd.
661 2005 849 2038 scholt'aslae
865 2005 898 2035 in
919 2002 1011 2044 Vcaeg.
1031 2002 1110 2033 Buc.
1133 2010 1182 2040 10,
1197 2001 1240 2039 69
1258 1997 1303 2041 (A
1325 2008 1356 2029 n.
1377 1996 1416 2037 Ι.)
1505 2005 1525 2026 2

195 2055 280 2095 suis]
299 2056 332 2086 in
350 2054 422 2086 suis
439 2052 528 2084 codd.
547 2051 645 2082 schol.
670 2049 761 2091 Verg.
1319 2050 1340 2081 3
1364 2039 1431 2082 [et]
1449 2048 1524 2070 cum

192 2108 222 2129 e.
245 2096 274 2127 Ρ
431 2107 450 2135 4
476 2106 528 2126 me
546 2094 608 2126 del.
630 2093 812 2125 malueram
831 2092 843 2130 <
844 2097 906 2133 pro
923 2090 981 2121 —im
993 2091 1017 2129 ἓ)
1037 2088 1132 2120 schol.
1159 2087 1264 2129 Veag„
1287 2083 1374 2116 unde
1380 2083 1426 2124 fit
1440 2093 1519 2114 vers.

193 2140 419 2181 anapaesticus
571 2140 592 2169 8
614 2136 738 2176 edepol
759 2136 850 2167 illum
868 2134 900 2166 P
1059 2143 1080 2172 9
1103 2134 1266 2173 q‘uae‘ro
1284 2128 1316 2160 A
1485 2135 1525 2156 10

193 2183 284 2215 serui
300 2183 333 2214 A
472 2192 510 2213 12
535 2180 624 2221 Quid
642 2180 674 2212 P
815 2189 863 2218 13.
889 2188 927 2218 14
952 2177 1078 2208 inverso
1094 2175 1205 2207 ordine
1221 2174 1254 2205 A
1277 2174 1321 2214 (v.
1344 2181 1382 2211 13
1394 2172 1528 2212 propter

193 2226 417 2258 lzomoeoarcle.
433 2225 682 2266 praetermissus
704 2227 792 2262 erat3
817 2223 848 2254 ii.
867 2222 901 2260 6)
1082 2229 1120 2259 13
1144 2218 1199 2259 qui
1225 2217 1274 2249 sic
1296 2214 1443 2248 Scltoell:
1467 2214 1524 2253 qui

194 2271 222 2302 si
238 2270 270 2302 A
288 2281 296 2302 ε
319 2269 375 2310 qui
392 2269 425 2301 P
439 2268 542 2310 (unde
555 2268 630 2308 quis
647 2267 714 2299 illic
731 2272 781 2299 est
798 2266 854 2306 qui
871 2263 976 2303 Baclt)
1112 2273 1150 2301 14
1175 2257 1390 2300 sagaristioni
1407 2255 1451 2295 A,
1471 2256 1529 2288 vix

195 2313 394 2388 [Zatthgrunz'
566 2322 603 2352 15
627 2311 677 2342 vel
690 2311 793 2350 opino
935 2319 961 2339 c.
979 2306 1160 2347 adgredior·
1178 2304 1210 2335 P
1226 2303 1295 2334 f'vr'x
1307 2307 1368 2343 pro
1385 2304 1526 2332 contran

195 2367 213 2391 a
239 2367 298 2397 gre
324 2367 373 2388 ror
388 2362 407 2388 ἢ
