1783 2707
172 87 226 125 II.

192 601 230 623 20

193 1511 233 1543 30

247 98 275 123 v
661 86 706 123 T.
742 86 783 122 M
790 86 921 124 ACCI
956 85 1158 121 PLAVTI

248 197 315 233 ΡΑ.
348 194 434 245 quis
455 208 527 246 ego
548 208 634 233 sum
656 194 779 245 igitur,
803 193 835 231 si
862 195 968 231 hunc
995 192 1180 242 ignoras?
1238 194 1311 230 PH.
1344 191 1439 230 mihi
1467 191 1574 230 odio-

1224 270 1298 303 SUS,
1323 255 1498 306 quisquis
1520 269 1572 302 es,

247 333 285 364 et
320 334 360 362 tu
395 332 432 363 et
467 323 540 362 hic.
601 326 661 362 Sc.
695 336 775 361 non
810 336 882 360 nos
918 321 1092 360 nouisti?
1151 322 1224 358 PH.
1258 328 1449 359 neutrum.
1509 322 1571 359 SC.

1226 392 1360 424 metuo
1380 398 1572 431 maxume,

250 457 316 492 Pi.
350 453 444 504 quid
467 452 636 492 metuis?
694 456 754 491 SC.
789 451 893 490 enim
917 465 965 489 ne
987 449 1096 502 (nos)
1114 457 1270 488 nosmet
1291 448 1574 500 perdiderimus

1399 513 1550 564 uspiam
1565 527 1575 561 ,-

250 599 340 623 nam
363 598 435 623 nec
457 592 492 622 te
514 597 643 634 neque
665 597 727 621 me
749 582 907 620 nouisse
928 581 981 619 ait
1008 582 1115 620 haec.
1178 582 1245 618 ΡΑ.
1278 578 1485 630 persectari
1512 578 1575 617 hic
1593 592 1663 628 430

1470 645 1573 690 uolo,

249 716 441 762 Sceledre,
466 728 537 754 nos
559 712 680 752 nostri
700 726 750 751 an
772 712 888 751 alieni
911 711 1043 758 simus,
1067 725 1116 749 ne
1138 712 1233 749 dum
1256 709 1450 761 quispiam

249 794 320 819 nos
341 780 560 819 uicinorum
582 777 828 829 inprudentis
849 776 989 826 aliquis
1012 775 1290 814 immutauerit.

249 847 310 883 SC.
343 852 446 884 certe
477 843 663 894 equidem
693 849 826 881 noster
855 855 955 880 sum.
1015 842 1082 878 ΡΑ.
1117 848 1154 878 et
1183 841 1249 890 pol
1281 853 1365 891 ego.
1424 838 1576 890 quaeris

1168 912 1219 952 tu,
1244 904 1393 952 mulier,
1417 906 1574 943 malum.

250 974 319 1014 tibi
358 988 431 1025 ego
471 974 572 1021 dico,
614 974 723 1020 heus,
767 970 1124 1011 Philocomasium!
1198 972 1271 1008 PH.
1309 983 1410 1020 quae
1449 976 1486 1008 te
1524 968 1578 1007 in-

1210 1034 1421 1086 temperiae
1442 1041 1578 1074 tenent

189 1123 224 1143 :-
249 1105 316 1156 qui
334 1119 395 1144 me
417 1119 619 1156 perperam
642 1105 826 1155 perplexo
849 1102 1009 1142 nomine
1030 1102 1233 1153 appelles?
1292 1103 1357 1138 ΡΑ.
1391 1101 1491 1140 eho!
1598 1112 1663 1149 435

250 1170 336 1221 quis
357 1170 471 1220 igitur
492 1171 662 1209 uocare?
721 1171 792 1206 PH.
829 1168 976 1207 Diceae
997 1181 1144 1206 nomen
1165 1174 1233 1205 est.
1294 1169 1354 1204 SC.
1385 1164 1563 1212 iniuria's,

251 1238 389 1275 falsum
411 1250 557 1275 nomen
579 1234 789 1286 possidere,
816 1232 1163 1280 Philocomasium,
1188 1232 1360 1282 postulas
1377 1245 1386 1278 3

250 1303 371 1342 ἄδικος
391 1315 431 1340 es
453 1310 505 1348 tu,
529 1315 610 1340 non
631 1301 761 1346 δικαία,
785 1307 823 1338 et
845 1313 933 1338 meo
955 1313 1020 1337 ero
1042 1297 1136 1337 facis
1157 1295 1349 1335 iniuriam.

251 1370 324 1406 PH.
349 1368 502 1417 egone?
569 1368 630 1407 Sc.
664 1365 801 1419 tu<ne).
863 1366 935 1402 PH.
961 1363 1061 1414 quae
1082 1361 1165 1401 heri
1186 1361 1353 1400 Athenis
1376 1362 1577 1411 Ephesum

1261 1425 1406 1465 adueni
1428 1424 1578 1476 uesperi

252 1511 341 1536 cum
391 1509 480 1535 meo
527 1503 710 1541 amatore,
761 1495 1013 1533 adulescente
1057 1489 1320 1531 Atheniensi?
1406 1491 1473 1528 ΡΑ.
1515 1489 1579 1528 dic
1598 1501 1667 1535 440

1472 1554 1578 1602 mihi,

253 1627 348 1679 quid
369 1626 433 1666 hic
454 1625 525 1665 tibi
552 1625 591 1664 in
618 1626 778 1676 Epheso
800 1631 857 1663 est
884 1622 1046 1674 negoti?
1104 1624 1176 1660 PH.
1210 1620 1407 1672 geminam
1436 1633 1582 1671 germa-

1340 1699 1431 1724 nam
1455 1698 1580 1724 meam

253 1758 316 1797 hic
355 1771 528 1796 sororem
568 1770 651 1794 esse
691 1754 908 1802 indaudiui,
950 1767 1037 1792 eam
1077 1752 1168 1792 ueni
1212 1751 1443 1802 quaesitum.
1517 1753 1577 1790 SC.
1617 1754 1618 1757 ’

1405 1818 1506 1855 mala
1527 1829 1578 1855 es.

259 1890 329 1926 PH.
362 1888 484 1926 immo
505 1895 657 1926 ecastor
677 1889 794 1925 stulta
816 1888 982 1925 multum
1005 1899 1106 1935 quae
1127 1883 1333 1923 uobiscum
1356 1882 1514 1922 fabuler.

299 2003 361 2032 427
387 1993 473 2023 hunc
496 1990 657 2032 Pylades:
695 1990 764 2031 [tu]
793 1992 882 2021 hunc
914 1989 980 2020 cod.
1011 1991 1107 2029 &pro
1134 1989 1222 2019 hunc
1246 1988 1296 2029 tu)
1431 1987 1493 2025 428
1518 1986 1578 2017 ΡΑ.

258 2042 370 2068 metuo
387 2035 521 2066 Ribbeck
542 2038 586 2075 (et
601 2036 635 2065 in
652 2045 716 2074 429
741 2035 795 2066 Sc.
813 2035 894 2073 quid
915 2059 920 2065 .
940 2059 946 2064 .
965 2057 972 2065 .
994 2033 1052 2064 PA.
1073 2033 1180 2070 enim)
1335 2041 1398 2071 429
1421 2040 1484 2061 nos
1505 2029 1581 2060 add.

258 2080 338 2111 Reiz
447 2089 511 2117 430
534 2078 695 2119 hic1sort.
720 2079 781 2109 hac
893 2087 951 2116 431
980 2088 1023 2107 ne
1041 2076 1124 2107 clam
1142 2075 1244 2106 Bothe
1354 2084 1416 2113 433
1439 2083 1582 2113 quaeres

257 2123 326 2155 cod.
460 2124 524 2161 436
549 2122 696 2153 Dicaeae
722 2120 864 2161 (Δικαὶᾳ)
888 2120 1028 2161 Spengel
1048 2120 1178 2158 (melius
1203 2129 1278 2155 -ce-‚
1307 2121 1344 2148 nt
1366 2117 1578 2158 ‘prehendo’

255 2172 316 2207 pro
334 2169 342 2183 ‘
355 2166 570 2207 praehendo'
588 2176 595 2202 ;
616 2166 654 2205 cf.
669 2176 696 2197 v.
711 2166 810 2205 808):
832 2164 945 2196 dicere
956 2163 1022 2195 cod.
1039 2175 1046 2195 :
1070 2164 1235 2202 Glycerae
1247 2161 1374 2192 Parens
1463 2161 1582 2192 iniuria

260 2216 312 2241 est
337 2211 386 2250 (e)
411 2210 475 2241 cod.
502 2210 552 2250 (cf
571 2209 650 2240 Isid.
687 2213 780 2248 egym.
809 2218 840 2248 5,
858 2209 909 2247 26,
932 2209 985 2248 10)
1161 2207 1225 2245 438
1250 2216 1269 2236 a
1297 2206 1370 2236 dice
1398 2209 1484 2235 testu
1513 2214 1579 2234 non

259 2254 348 2285 dicat
370 2254 400 2284 ei
423 2258 455 2284 et
471 2253 535 2284 cod.
552 2264 558 2284 :
585 2263 661 2283 corr.
683 2252 824 2293 Spengel
839 2265 845 2282 :
869 2251 1031 2292 Ἀγλυκὴ5
1048 2261 1084 2281 es
1102 2255 1147 2290 tu,
1169 2260 1236 2280 non
1254 2248 1387 2289 γλυκεῖα
1404 2253 1437 2278 et
1454 2247 1585 2287 Haspcr

260 2296 359 2339 [non]
386 2297 468 2328 sacis
491 2295 580 2327 cod.:
605 2307 671 2327 non
696 2295 753 2327 del.
778 2295 852 2327 Ital.
995 2305 1059 2334 439
1083 2305 1126 2324 ne
1150 2292 1225 2324 add.
1252 2291 1378 2323 Ritsclzl
1518 2301 1581 2329 442

260 2341 406 2371 inaudiui
439 2343 475 2370 ut
504 2339 565 2371 vid.
600 2339 666 2372 cod.
695 2338 757 2379 (Β1
787 2350 817 2370 11.
836 2339 875 2378 l.)
965 2339 1064 2369 uenio
1094 2336 1138 2368 Βι
1269 2346 1331 2375 443
1356 2338 1503 2366 etcastor
1534 2333 1580 2364 Β1

260 2384 401 2416 fabulem
420 2383 485 2414 cod.
499 2384 550 2423 (cf.
570 2384 751 2425 371).s01”l.
772 2387 847 2413 recle
864 2382 955 2423 (corr.
977 2382 1040 2421 13²)

1003 2524 1025 2535 A
