1783 2707
188 150 256 187 IV.
280 161 310 186 v
696 152 742 189 T.
777 151 956 189 MACCI
989 151 1191 188 PLAVTI

283 261 349 298 ΡΥ.
384 274 601 311 numquam
630 274 702 310 ego
733 274 796 299 me
825 268 903 299 tam
933 259 1036 299 sensi
1060 258 1181 298 amari
1203 271 1320 309 quarn
1349 271 1454 297 nune
1474 259 1524 297 ab
1545 258 1610 297 illa

1434 324 1606 363 muliere.

282 392 350 429 ΡΑ.
383 390 478 440 quid
500 390 606 429 iam?
664 392 731 428 ΡΥ.
764 397 805 429 ut
827 391 950 428 multa
978 389 1098 428 uerba
1118 388 1204 436 feci,
1228 396 1269 427 ut
1296 390 1400 428 lenta
1428 389 1607 428 materies

1512 455 1607 493 fuit!

242 540 258 570 5
280 534 415 559 uerum
438 528 637 570 postremo
659 520 865 571 impetraui
887 527 928 558 ut
950 519 1057 558 uolui
1076 534 1082 557 :
1118 519 1276 567 domani,
1300 519 1393 558 dedi

280 599 381 635 quae
401 586 536 632 uoluit,
561 599 661 635 quae
683 585 896 636 postulauit
911 600 920 633 3
949 583 1023 637 (te)
1043 598 1203 635 quoque
1223 583 1293 636 <6ἰ>
1314 586 1420 623 dono
1442 585 1545 624 dedi.

282 652 349 689 ΡΑ.
383 650 500 689 etiam
531 653 625 689 me?
682 664 762 701 quo
790 652 910 689 modo
932 663 1005 701 ego
1026 650 1159 689 uiuam
1188 649 1271 688 sine
1297 651 1364 688 te?
1421 652 1488 687 ΡΥ.
1521 650 1603 700 3486,

1272 715 1405 753 animo
1426 715 1533 754 bono
1554 729 1606 763 eS,

281 780 387 820 idem
408 795 480 831 ego
503 789 539 820 te
561 781 747 820 liberabo„
808 794 898 819 nam
921 780 951 819 si
973 793 1130 830 possem
1153 781 1233 818 ullo
1255 781 1375 818 modo

276 847 496 894 impetrare
509 854 550 884 ut
569 846 704 894 abiret,
727 860 777 885 ne
798 853 835 885 te
855 846 1080 892 abduceret,
1104 858 1264 894 operam
1285 844 1377 884 dedi
1393 859 1402 892 3

223 927 261 948 10
280 925 417 950 uerum
438 912 640 962 oppressit.
686 915 753 950 PA.
778 914 874 951 deos
896 912 1063 962 sperabo
1085 919 1213 961 teque.
1254 918 1454 961 postremo
1474 918 1607 949 tamen

280 977 351 1015 etsi
373 976 471 1015 istuc
494 977 545 1015 mi
567 977 800 1024 acerbumst‚
825 976 917 1026 quia
937 990 1003 1015 ero
1025 984 1062 1015 te
1083 976 1297 1015 carendum
1320 982 1378 1013 est
1398 982 1572 1025 optumo,

280 1043 416 1080 saltem
438 1041 478 1080 id
499 1043 620 1092 uolup
641 1049 698 1080 est
720 1055 841 1091 quom
863 1055 909 1080 ex
930 1041 1072 1079 uirtute
1093 1040 1230 1079 formai
1251 1039 1383 1078 euenit
1403 1039 1474 1077 tibi

280 1120 368 1145 mea
388 1119 506 1156 opera
527 1120 642 1157 super
662 1108 735 1145 hac
757 1104 896 1152 uidima,
921 1120 1039 1156 quam
1061 1119 1134 1155 ego
1155 1118 1261 1143 nunc
1281 1104 1450 1143 coneilio
1471 1104 1553 1142 tibi.

281 1173 349 1210 ΡΥ.
391 1172 487 1223 quid
526 1180 642 1223 opust
681 1171 844 1211 uerbis?
901 1171 1121 1211 libertatem
1156 1170 1226 1209 tibi
1266 1183 1338 1221 ego
1377 1177 1414 1209 et
1450 1169 1607 1208 diuitias

1490 1236 1607 1282 dabo,

224 1318 259 1349 15
281 1303 311 1342 si
333 1303 526 1354 impetras.
590 1306 656 1341 PA.
690 1304 853 1343 reddam
874 1303 1136 1353 impetratum.
1193 1304 1260 1340 ΡΥ.
1292 1309 1331 1340 at
1351 1300 1485 1351 gestio.
1536 1302 1606 1338 PA.

1233 1374 1273 1405 at
1293 1366 1449 1405 modice
1470 1367 1583 1404 decet
1600 1381 1607 1404 :

280 1436 482 1474 moderare
529 1434 674 1481 animo,
725 1448 774 1472 ne
822 1433 873 1472 sis
921 1433 1099 1484 cupidus.
1173 1433 1243 1471 sed
1291 1444 1425 1471 eccam
1467 1431 1604 1481 ipsam,

1276 1496 1471 1547 egreditur
1491 1498 1603 1534 foras.

211 1624 258 1661 vi
417 1623 814 1659 MILPH1D1PPA
979 1622 1471 1658 ACROTELEVTIVM

442 1688 957 1724 PYRGOPOLYNICES
1070 1687 1445 1722 PALAESTRIO

279 1776 353 1813 M1.
386 1776 472 1821 Era,
509 1786 645 1812 eccum
681 1780 834 1823 praesto
869 1771 1044 1811 milite'm.
1103 1774 1178 1810 Ac.
1207 1771 1276 1810 ubi
1307 1772 1393 1809 est?
1450 1772 1523 1808 M1.
1555 1770 1605 1809 ad

1145 1839 1310 1875 laeuam.
1369 1838 1441 1874 Ac.
1473 1835 1602 1874 uideo.

325 1954 406 1975 1202
430 1954 483 1974 me
510 1948 575 1974 tam
603 1943 838 1974 Camerarius:
874 1944 1000 1975 mittam
1023 1944 1084 1975 cod
1114 1945 1209 1984 (quid
1232 1949 1299 1975 tam
1319 1944 1406 1981 PCD)
1431 1943 1483 1982 (ff.
1505 1941 1603 1981 1201)

281 1998 363 2026 1203
387 1987 449 2018 feci
463 1987 613 2019 Mueller:
639 1988 720 2018 fecit
733 1987 799 2018 cod.
904 1997 985 2026 1204
1008 1989 1192 2027 inpetrauit
1205 1988 1269 2020 cod.
1288 1990 1379 2018 (corr.
1395 1986 1457 2021 ΒΞ)
1549 1986 1603 2018 do.

279 2032 356 2062 dedi
371 2031 448 2072 (-ei)
462 2031 564 2061 Brix:
584 2031 673 2062 dona
686 2031 803 2062 uidere
814 2031 879 2061 cod.
894 2032 976 2070 (161
996 2043 1002 2062 ε
1027 2032 1114 2062 dona
1133 2033 1252 2062 uidero
1265 2030 1600 2068 Palnter(Hernmtl1.

278 2086 309 2114 9,
327 2076 382 2105 66³
521 2084 603 2113 1205
627 2079 659 2105 te
677 2078 706 2105 et
717 2075 747 2104 ei
765 2074 840 2105 add.
858 2075 998 2115 Pylades
1134 2077 1217 2106 1206
1233 2087 1260 2107 a.
1274 2076 1304 2106 b.
1320 2085 1357 2105 es
1368 2074 1441 2105 Ital.
1461 2085 1467 2104 z
1493 2073 1605 2104 animo

278 2119 368 2149 bono
382 2118 425 2151 (b.
439 2129 468 2151 a.
490 2118 535 2153 B)
548 2123 580 2148 et
595 2118 640 2157 (in
653 2118 742 2148 initio
754 2129 780 2149 v.
798 2119 896 2157 1207&
910 2119 976 2150 cod.
1083 2130 1163 2158 1207
1190 2119 1325 2157 agotelli
1344 2118 1470 2148 illibera
1482 2117 1604 2148 bonam

281 2162 340 2198 (B)
366 2163 414 2193 vel
436 2173 499 2199 ago
525 2161 721 2192 telliberabo
745 2172 820 2193 nam
848 2162 952 2202 (pen,
981 2162 1070 2194 cod.:
1094 2174 1173 2194 corr.
1202 2163 1274 2194 Ital.
1296 2175 1302 2193 :
1336 2173 1364 2193 e.
1393 2167 1425 2191 te
1446 2161 1525 2191 illim
1546 2160 1601 2191 lib.

278 2205 422 2243 Ribbeck,
452 2205 518 2236 Lco
606 2212 721 2246 posset
752 2205 818 2236 cod.
927 2207 982 2236 vix
1013 2207 1077 2241 alio,
1108 2208 1208 2238 modo
1362 2206 1443 2236 1208
1467 2204 1604 2234 haberet

277 2249 345 2281 cod.
376 2253 412 2280 ut
436 2249 498 2280 vid.
527 2250 602 2290 (pro
627 2251 792 2282 abeiretw
883 2261 945 2281 nec
971 2250 1165 2281 Salmasius
1316 2259 1398 2280 1210
1421 2249 1548 2288 optime
1575 2247 1606 2277 Β

281 2303 358 2323 1211
384 2295 544 2333 quoniam
560 2293 644 2333 (qffn
662 2293 694 2323 B
782 2293 888 2324 forme
900 2294 993 2324 uenit
1003 2294 1068 2325 cod.
1088 2306 1094 2324 :
1111 2305 1190 2325 corr.
1208 2293 1418 2324 Camerarius
1523 2301 1607 2322 1212

278 2338 340 2368 hac
365 2337 475 2368 uicina
503 2341 640 2367 testatur
662 2337 777 2367 Festus
801 2347 887 2376 305:
919 2338 1005 2368 hanc
1033 2338 1178 2368 uicinam
1207 2337 1273 2367 cod.
1382 2335 1438 2366 tibi
1468 2335 1604 2366 Festus:

279 2381 358 2411 mihi
375 2380 442 2412 cod.
556 2390 636 2419 ¹2¹3
661 2390 746 2419 opus
763 2380 828 2411 cod.
942 2391 1022 2419 1214
1048 2381 1244 2418 imperatum
1264 2379 1328 2410 cod.
1414 2383 1447 2408 at
1473 2378 1605 2409 modice

281 2423 493 2457 Camerarius
507 2436 513 2455 :
539 2434 576 2454 ac
589 2424 720 2454 modico
737 2424 850 2464 (modo
861 2424 907 2465 Β)
922 2424 987 2456 cod.
1073 2425 1148 2455 dice
1159 2424 1233 2455 ΡΠ)
1341 2432 1420 2461 1215
1439 2422 1518 2452 soris
1530 2420 1605 2452 pet>

970 2527 992 2537 l

1629 593 1715 630 1205

1631 988 1720 1014 1210

1630 1439 1715 1476 1215
