1731 2713
151 213 195 250 45

149 536 193 572 50

147 933 188 971 55

141 1251 188 1286 60

140 1975 185 2009 70

710 87 1056 124 TRINVMMVS
1510 88 1537 123 I.
1561 87 1590 122 ii

268 200 472 249 adgrediar
492 199 705 239 hominem.
756 200 828 239 CA.
851 198 970 249 quoia
990 198 1054 238 hic
1075 213 1150 237 uox
1172 213 1293 249 prope
1315 213 1377 238 me
1399 201 1540 238 sonat?

269 267 352 303 ΜΕ.
385 265 439 303 tui
462 264 744 311 beneuolentis,
768 265 801 302 si
820 263 872 302 ita
893 277 934 302 es
956 271 996 302 ut
1018 278 1090 314 cgo
1111 272 1148 302 te
1171 265 1274 311 uolo,

265 329 325 367 sin
345 330 454 368 aliter
474 344 525 376 cs,
549 329 697 368 inimici
716 337 835 379 atque
855 328 940 367 irati
961 328 1042 366 tibi.

266 396 337 433 CA.
370 408 393 433 o
414 395 550 441 amice,
573 397 690 441 salue,
721 394 724 446 Ι
751 403 869 444 atquc
889 394 1074 444 aequalis.
1134 401 1176 432 ut
1197 395 1316 441 uales,
1564 409 1600 430 10

266 460 571 509 Megaronides?
630 462 712 498 ΜΕ.
745 467 783 498 et
803 467 843 498 tu
866 461 1007 509 edepol
1029 460 1147 506 salue,
1171 460 1365 498 Callicles.

265 526 336 564 CA.
369 527 513 564 ualen?
542 525 756 563 ualuistin?
813 527 895 563 ΜΕ.
928 526 1042 563 ualco
1063 532 1101 563 et
1121 525 1226 563 ualui
1248 525 1401 563 rectius.

265 592 337 630 CA.
369 591 464 642 quid
491 591 570 643 agit
596 599 663 630 tua
693 593 817 630 uxor?
847 598 889 630 ut
909 592 1042 630 ualet?
1100 593 1183 629 ΜΕ.
1216 593 1303 642 plus
1324 605 1443 642 quam
1465 605 1537 642 ego

1432 659 1537 696 uolo.

264 723 336 761 CA.
368 722 470 761 bene
492 724 621 762 hercle
642 731 700 761 cst
721 723 824 761 illam
847 722 915 760 tibi
938 724 1068 761 ualere
1089 730 1126 761 et
1147 722 1291 761 uiuere.

265 789 348 825 ME.
381 789 499 826 credo
521 790 650 827 hercle
672 796 708 827 te
729 789 898 838 gaudere
920 788 950 826 si
972 787 1068 838 quid
1090 787 1186 826 mihi
1208 786 1299 826 mali
1321 795 1390 826 est.
1561 799 1597 830 15

263 853 337 892 CA.
368 853 552 892 omnibus
573 854 708 892 amicis
730 855 838 904 quod
860 853 955 891 mihi
977 861 1034 891 est
1055 853 1172 903 cupio
1193 866 1278 891 esse
1299 852 1416 891 idem.

264 919 348 956 ΜΕ.
381 920 458 957 eho
479 926 530 965 tu,
555 927 623 958 tua
641 933 737 957 uxor
757 918 853 969 quid
873 918 984 969 agit?
1042 920 1113 958 CA.
1146 918 1363 956 inmortalis
1385 926 1452 966 cst,

262 983 360 1021 uiuit
381 983 610 1034 uictumque
631 992 700 1022 est.
760 986 843 1022 ΜΕ.
877 985 978 1022 bene
999 984 1129 1022 hercle
1149 983 1317 1030 nuntias,

260 1049 437 1098 deosque
458 1050 526 1087 oro
548 1057 589 1087 ut
610 1048 713 1088 uitae
734 1056 823 1087 tuae
844 1056 1039 1099 superstes
1060 1055 1252 1098 suppetat.

260 1114 333 1153 CA.
365 1115 461 1153 dum
483 1114 645 1165 quidem
667 1116 797 1153 hercle
818 1122 950 1153 tecum
972 1121 1094 1164 nupta
1115 1113 1174 1162 sit,
1197 1127 1291 1152 sane
1312 1114 1442 1153 uelim.
1556 1124 1598 1147 20

261 1181 344 1217 ΜΕ.
377 1179 444 1218 uin
465 1188 768 1227 commutemus,
791 1187 898 1218 tuam
921 1193 993 1230 ego
1014 1181 1158 1218 ducam
1179 1186 1217 1218 et
1238 1186 1279 1218 tu
1301 1181 1460 1218 meam?

259 1246 347 1283 faxo
369 1247 445 1283 hau
467 1245 661 1284 tantillum
683 1245 838 1285 dederis
859 1246 1070 1284 uerborum
1092 1244 1198 1284 mihi.

260 1311 331 1350 CA.
364 1324 536 1361 namque
557 1311 661 1349 enim
683 1319 736 1358 tu,
759 1312 890 1358 credo,
913 1324 976 1349 me
997 1310 1275 1361 inprudentem
1303 1310 1532 1360 obrepseris.

259 1378 342 1414 ΜΕ.
375 1391 424 1415 ne
446 1384 486 1415 tu
508 1378 637 1416 hercle
658 1378 746 1415 faxo
767 1378 845 1414 hau
867 1376 1017 1415 nescias
1039 1389 1157 1426 quam
1179 1389 1259 1415 rem
1282 1375 1414 1426 egeris.

260 1443 334 1481 CA.
364 1442 509 1480 habeas
530 1450 572 1480 ut
593 1443 770 1480 nanctu’s
788 1457 794 1480 ε
824 1449 919 1480 nota
939 1443 1041 1479 mala
1061 1455 1120 1480 res
1142 1449 1350 1491 optumast.
1556 1450 1593 1481 ²5

259 1520 349 1544 nam
371 1521 444 1557 ego
465 1521 571 1546 nunc
591 1507 622 1546 si
642 1507 815 1558 ignotam
838 1506 1002 1557 capiam,
1025 1506 1120 1556 quid
1141 1520 1252 1557 agam
1275 1506 1459 1545 nesciam.

260 1574 343 1610 ΜΕ.
376 1574 518 1623 edepol
539 1573 705 1623 proinde
725 1580 768 1611 ut
788 1573 890 1611 bene
911 1571 1066 1618 uiuitur,
1089 1571 1156 1610 diu
1178 1571 1332 1611 uiuitur.

258 1639 327 1676 sed
349 1639 425 1676 hoc
446 1638 622 1677 animum
642 1640 807 1677 aduorte
827 1645 946 1688 atque
967 1639 1076 1676 aufer
1096 1637 1316 1676 ridicularia
1333 1652 1344 1686 ,-

257 1717 348 1742 nam
378 1717 451 1754 ego
477 1703 612 1743 dedita
641 1717 760 1754 opera
787 1705 864 1742 huc
891 1704 943 1742 ad
970 1710 1006 1741 te
1039 1700 1257 1755 [ad]uenio.
1330 1704 1401 1742 CA.
1435 1702 1532 1753 quid

1388 1767 1498 1807 uenis
1515 1770 1532 1806 ?

258 1836 341 1872 ME.
374 1834 485 1873 malis
506 1842 544 1873 te
564 1841 607 1873 ut
627 1833 756 1873 uerbis
777 1834 909 1872 multis
931 1835 1096 1871 multum
1120 1832 1348 1883 obiurigem.
1553 1844 1595 1875 30

257 1901 328 1939 CA.
353 1914 443 1939 men
461 1902 477 1939 Ρ
507 1902 592 1938 ΜΕ.
614 1899 801 1950 numquis
818 1907 876 1939 est
890 1899 954 1938 hic
968 1899 1066 1938 alius
1083 1906 1235 1949 praeter
1250 1898 1313 1937 me
1329 1906 1447 1948 atque
1464 1901 1531 1938 te?

256 1965 328 2005 CA.
360 1972 527 2004 nemost.
587 1967 670 2003 ΜΕ.
694 1964 790 2015 quid
811 1972 853 2003 tu
873 1964 988 2015 igitur
1007 1963 1150 2014 rogitas
1172 1971 1261 2002 tene
1282 1963 1530 2014 obiurigem?

243 2080 284 2109 45
307 2071 383 2110 quia
401 2069 433 2100 A
501 2070 554 2101 hic
566 2071 680 2103 om.P
786 2072 829 2109 46
852 2071 880 2102 si
894 2070 1006 2102 om.A
1097 2074 1130 2100 te
1148 2069 1260 2101 om.P
1367 2080 1407 2109 47
1432 2069 1527 2109 estA

199 2123 252 2153 50,
271 2123 308 2153 51
336 2115 460 2145 inverso
476 2114 635 2145 ordineA
749 2124 788 2154 51
815 2120 872 2146 tua
896 2115 966 2154 agit
990 2113 1024 2144 A
1157 2122 1198 2152 52
1225 2113 1343 2155 [bene]
1362 2113 1476 2144 ualere
1499 2114 1533 2144 P

199 2167 240 2196 53
265 2158 360 2199 mihi]
380 2168 432 2188 me
448 2157 482 2188 A
615 2168 656 2198 54
681 2158 781 2189 fidem
799 2158 833 2188 Α
958 2167 998 2196 55
1024 2162 1059 2188 tu
1076 2167 1143 2188 om.
1165 2157 1198 2187 Ρ
1312 2159 1351 2187 6ῐ
1379 2157 1433 2197 tu]
1452 2157 1529 2188 teA

198 2201 277 2231 mihi
302 2202 498 2242 inprudenti
523 2201 556 2232 P
666 2204 708 2232 62
732 2203 763 2234 h.
786 2203 874 2233 scias
891 2201 925 2231 P
1031 2202 1072 2239 65
1097 2200 1260 2240 promeA
1330 2201 1386 2231 diu
1403 2201 1530 2232 uiuitur

198 2244 285 2275 bene
313 2246 379 2277 uiu.
406 2244 579 2276 Acidalius
709 2247 750 2286 67
775 2246 875 2276 uenio
898 2244 930 2275 A
1053 2245 1095 2275 68
1118 2243 1356 2284 obiurgemP:
1381 2245 1526 2284 obiurgi-

197 2293 266 2319 tem
282 2288 315 2318 A
452 2300 493 2329 70
517 2293 551 2320 tu
568 2299 634 2321 om.
653 2288 686 2319 P
772 2289 970 2328 obiurgitem
988 2287 1022 2317 Ρ

1379 2411 1440 2442 28*
