1783 2707
183 97 318 134 11.vii
683 99 729 136 T.
764 100 943 138 MACCI
977 101 1180 138 PLAVTI

257 207 326 245 (ΞΥ.
359 208 473 244 ualeo
498 214 535 245 et
563 207 680 245 uenio
709 209 761 246 ad
792 207 911 246 minu'
932 211 1131 248 ualentem
1152 218 1190 248 et
1211 210 1350 248 melius
1372 211 1439 261 qui
1459 214 1585 250 ualeat

1489 278 1580 316 fero.

189 351 230 381 30
251 338 329 375 eru'
350 350 471 384 meus,
495 340 642 377 ocellus
664 346 762 386 tuos,
787 339 836 377 fid
858 348 895 378 te
916 341 1013 379 ferre
1033 354 1096 378 me
1117 341 1215 379 haec
1235 341 1346 380 iussit
1366 341 1437 380 tibi

249 402 356 440 dona
376 416 476 452 quae
497 403 609 441 uides
630 405 716 442 illos
738 405 834 442 ferre
855 413 892 442 et
914 406 983 443 has
1004 405 1180 455 quinque
1200 406 1348 456 argenti
1369 406 1505 445 minas.
1602 413 1670 456 580

467 470 541 507 PH.
574 470 639 518 pol
661 470 738 507 hau
760 469 858 519 perit
880 471 989 519 quod
1009 470 1120 507 illum
1141 478 1294 508 tantum
1314 485 1416 509 amo.

357 534 428 573 (ΞΥ.
462 533 571 571 iussit
592 547 700 572 orare
722 542 763 572 ut
784 535 882 572 haec
901 542 1009 584 grata
1028 535 1193 573 haberes
1215 535 1294 573 tibi.

305 600 379 636 PH.
411 606 519 649 grata
531 606 773 649 acceptaque
794 607 945 638 ecastor
965 600 1104 638 habeo.
1166 599 1258 638 iube
1278 601 1418 639 auferri
1438 602 1550 650 intro,
1569 602 1580 641 i

1419 668 1577 717 Cyame.

187 744 226 776 35
356 731 423 767 AS.
456 730 600 779 ecquid
621 729 764 768 auditis
786 731 893 777 haec,
912 743 1013 780 quae
1034 729 1111 768 iam
1128 729 1262 782 (haec)
1279 730 1474 781 imperat?

354 796 425 834 Cv.
459 808 552 833 uasa
573 796 666 833 nolo
686 796 861 833 auferant
882 811 888 833 z
920 795 1107 834 desiccari
1128 795 1230 834 iube.
1600 799 1663 843 585

246 862 314 899 As.
346 859 543 910 inpudens
574 867 780 907 mecastor,
803 861 961 910 Cyame,
994 874 1045 899 es.
1106 862 1177 900 Cv.
1209 862 1366 911 egone?
1422 864 1489 900 As.
1522 870 1575 901 tu.

1242 927 1312 966 (ΞΥ.
1345 927 1452 965 bona
1471 928 1579 966 fide?

246 998 340 1030 tune
360 990 416 1030 ais
438 1004 500 1029 me
521 990 778 1041 inpudentem
801 1005 896 1038 esse,
912 990 996 1041 ipsa
1017 1005 1117 1042 quae
1139 991 1190 1030 sis
1211 992 1409 1030 stabulum
1431 992 1579 1043 flagiti?

355 1058 429 1094 PH.
462 1056 537 1103 dic,
560 1056 703 1095 amabo
725 1065 772 1104 te,
791 1056 859 1095 ubi
881 1064 938 1095 est
962 1056 1228 1095 Diniarchus?
1285 1057 1355 1097 Cv.
1388 1057 1511 1097 domi.

183 1142 226 1173 40
356 1124 428 1159 PH.
462 1121 525 1160 dic
547 1123 599 1160 ob
620 1123 717 1160 haec
739 1123 845 1161 dona
865 1122 966 1172 quae
987 1123 1037 1161 eid
1059 1136 1122 1161 me
1143 1121 1290 1161 miserit

247 1200 308 1225 me
330 1186 438 1225 illum
460 1200 590 1226 amare
618 1189 843 1237 plurumum
867 1187 1046 1226 omnium
1067 1187 1274 1226 hominum
1377 1202 1394 1221 ³¹<
1471 1203 1573 1240 ergo,
1599 1201 1666 1238 590

353 1265 565 1302 meumque
585 1253 776 1291 honorem
800 1252 908 1290 illum
930 1254 1075 1292 habere
1096 1253 1274 1292 omnium
1297 1267 1536 1302 maxumum,

350 1325 468 1368 atque
490 1325 530 1356 ut
552 1319 628 1356 huc
651 1318 782 1356 ueniat
804 1332 975 1367 opsecra.
1037 1320 1110 1359 Cv.
1141 1319 1255 1358 ilicet.

244 1382 313 1422 sed
335 1382 514 1433 quisnam
537 1382 615 1421 illic
636 1384 794 1421 homost
815 1383 881 1433 qui
909 1384 1016 1434 ipsus
1046 1398 1087 1423 se
1117 1392 1277 1432 comest,
1302 1385 1431 1434 tristis,
1452 1385 1576 1425 oculis

1435 1451 1545 1490 malis
1562 1453 1578 1490 f·

181 1535 222 1566 45
567 1515 700 1553 animo
721 1515 850 1553 hercle
872 1515 1029 1554 homost
1050 1529 1122 1554 suo
1143 1516 1268 1563 miser,

243 1579 420 1630 quisquis
450 1587 517 1619 est.
594 1582 668 1618 PH.
699 1580 857 1631 dignust
888 1589 1090 1619 mecastor.
1165 1596 1335 1632 nequam
1367 1590 1435 1620 est.
1495 1595 1574 1620 non
1596 1594 1659 1631 595

1261 1646 1374 1695 nosti,
1397 1660 1573 1698 opsecro,

284 1751 348 1789 578
373 1749 462 1780 minu
479 1749 545 1780 cod.
681 1751 745 1789 580
770 1749 860 1791 illos]
888 1761 949 1781 nos
975 1750 1165 1782 Buecheler:
1199 1751 1260 1782 hos
1277 1752 1379 1782 Bollze
1510 1748 1589 1791 58:³2v

242 1793 338 1824 iussit
362 1804 459 1824 orare
486 1793 720 1824 Camerarius:
757 1795 806 1824 lus
832 1795 875 1825 sit
902 1805 1045 1834 operare
1070 1795 1136 1826 cod.
1281 1796 1344 1834 583
1369 1800 1575 1836 acceptaque

244 1836 480 1868 Camerarius:
505 1847 631 1876 acaque
656 1837 720 1867 cod.
749 1837 818 1878 (vii,
845 1849 875 1878 p.
901 1838 976 1877 103')
1047 1838 1177 1869 chiame
1199 1837 1265 1870 cod.
1378 1840 1441 1878 584
1465 1840 1575 1879 heque

241 1885 308 1911 tam
326 1881 390 1912 cod.
407 1892 412 1912 :
438 1891 515 1912 corr.
536 1880 762 1919 Camerarius,
780 1880 846 1912 Leo
894 1882 978 1912 haec
993 1882 1106 1913 addidi
1203 1883 1265 1922 585
1285 1882 1392 1914 Suasa
1405 1881 1469 1915 cod.
1487 1884 1539 1923 (ἔπ’.
1550 1894 1574 1914 e.

242 1923 401 1964 SsseruusN
420 1923 522 1957 VasaB
623 1925 715 1955 iubet
740 1925 804 1956 cod.
827 1936 833 1956 ε
858 1936 938 1957 corr.
959 1925 1133 1957 Buecheler
1261 1927 1326 1965 586
1351 1926 1454 1957 Immo
1472 1927 1575 1966 pudet

243 1978 295 1998 me
319 1972 432 1998 castor
456 1978 517 1998 cua
544 1968 724 2008 mestegori
750 1974 784 2000 tu
813 1969 842 2000 b.
871 1970 892 2001 f
918 1968 1006 2000 cod.:
1037 1979 1114 2001 corr.
1143 1968 1280 2008 Merula,
1307 1970 1420 2008 Bothe,
1447 1971 1575 2001 Cuarne

243 2012 378 2042 restitnit
392 2010 528 2051 Seyffert
615 2012 666 2043 vel
680 2013 792 2043 bonan
927 2014 988 2052 587
1015 2018 1097 2043 tune
1117 2013 1187 2044 asin
1207 2014 1317 2054 (ansin
1337 2013 1425 2054 PCD)
1445 2015 1573 2054 puden-

243 2060 308 2086 tem
327 2065 380 2086 me
397 2065 474 2086 esse
492 2055 565 2096 ipsa
584 2056 692 2096 (aipsa
709 2056 754 2097 B)
772 2066 858 2096 quae
875 2055 1071 2087 sistabulum
1090 2056 1206 2096 flagitii
1224 2056 1288 2088 cod.
1307 2069 1313 2088 :
1337 2068 1416 2088 corr.
1436 2057 1578 2099 Spengel

230 2099 311 2138 fort.
331 2099 351 2130 i.
375 2109 438 2139 me,
460 2110 562 2139 eapse
584 2099 717 2139 (capsa)
851 2102 916 2140 589
940 2110 993 2131 me
1009 2099 1156 2143 (modo)
1166 2100 1280 2141 Bergk,
1293 2100 1471 2132 Abraham
1487 2100 1571 2133 stud.

242 2141 351 2174 Plani.
375 2153 449 2182 240,
481 2146 516 2174 nt
540 2144 661 2184 integer
687 2145 942 2183 tetrameterfiat
1117 2153 1181 2184 590
1209 2144 1356 2175 omnium
1383 2145 1573 2184 plurumum

242 2186 384 2228 Spengel
415 2188 517 2227 (ατί.)
645 2187 742 2228 ergo]
777 2188 898 2219 merito
935 2187 1073 2229 Ussing:
1114 2188 1169 2218 vix
1197 2186 1460 2230 (humanitatis)
1491 2199 1574 2229 ergo

242 2241 302 2270 591
331 2241 451 2271 meque
469 2231 633 2261 honorem
651 2231 696 2261 illi
715 2230 818 2261 Bothe
926 2240 990 2271 592
1017 2232 1167 2263 reueniat
1183 2230 1346 2272 Spengel:
1372 2242 1402 2264 u.
1417 2231 1481 2274 (ad
1498 2231 1575 2275 me)

242 2274 375 2314 Sclzoell‚
394 2279 430 2305 nt
441 2275 562 2315 integer
577 2278 761 2306 tetrameter
774 2278 841 2306 cret.
851 2275 919 2314 fiat
1006 2276 1147 2306 obsecra
1167 2275 1397 2308 Cmneram'ns:
1421 2275 1574 2307 obsecrat

242 2318 307 2349 cod.
323 2329 329 2347 ι
354 2319 535 2349 obsecrare
551 2318 625 2349 Ital.
738 2328 801 2357 594
828 2319 961 2350 humost
980 2319 1044 2350 cod.
1173 2329 1236 2359 595
1260 2329 1403 2358 nequam
1420 2319 1574 2359 Seyffert:

244 2362 366 2400 nequid
387 2362 451 2393 cod.
474 2363 524 2401 (cs
542 2361 680 2403 ad488)
