1731 2713
599 120 769 158 MILES
800 121 1112 160 GLORIOSVS
1441 126 1517 164 ΙΙΙ.
1540 125 1570 163 ii

108 234 173 282 845
195 235 283 276 post
302 226 359 278 (e)
377 227 510 277 sagina
531 242 603 277 ego
623 229 739 267 eiciar
763 230 925 277 cellaria,

194 299 237 330 ut
256 291 338 338 tibi,
361 291 391 329 si
413 301 623 341 promptos,
646 293 766 332 alium
788 295 1046 345 subpromum
1072 309 1193 345 pares.

195 358 262 394 PA.
295 370 374 394 non
396 358 539 406 edepol
561 359 712 396 faciam.
771 373 841 409 age
862 362 1046 410 eloquere
1066 363 1254 400 audacter
1274 362 1381 400 mihi.

194 423 263 459 Lv.
297 435 513 472 numquam
535 424 677 472 edepol
699 423 780 462 uidi
801 425 990 474 promere.
1051 440 1187 464 uerum
1208 428 1285 465 hoc
1306 435 1385 466 erat
1403 444 1409 466 :

192 486 286 525 mihi
309 487 535 538 imperabat,
559 502 632 539 ego
654 490 884 539 promebam
906 498 1053 541 postea.
1539 505 1576 537 35

106 553 174 597 850
192 554 260 590 PA.
293 553 368 591 hoc
389 553 442 590 illi
464 554 600 592 crebro
621 554 748 604 capite
769 555 958 594 sistebant
979 556 1077 595 cadi.

192 619 261 655 Lv.
294 631 374 656 non
396 619 526 657 hercle
547 627 626 657 tam
648 619 746 658 istoc
767 620 897 659 ualide
918 622 1124 660 cassabant
1145 621 1233 660 cadi
1251 637 1262 670 3

189 685 258 722 sed
279 683 318 722 in
339 684 436 722 cella
453 693 532 723 erat
554 687 727 735 paullum
750 686 857 724 nimi'
877 687 994 725 loculi
1016 688 1166 735 lubrici,

188 748 242 786 ibi
263 756 342 787 erat
364 749 512 788 bilibris
533 752 621 788 aula
642 750 696 789 sic
718 759 876 801 propter
896 753 1027 799 cados,

187 827 233 852 ea
253 827 369 864 saepe
389 814 549 852 deciens
571 816 865 865 complebatur:
895 816 977 854 uidi
998 830 1084 855 eam
1532 828 1575 860 40

102 883 165 927 855
188 879 343 927 plenam
364 886 482 928 atque
504 879 661 918 inanem
684 879 792 928 fieri3
823 881 941 931 opera
961 895 1154 929 maxuma,

186 943 253 981 ubi
275 943 540 982 bacchabatur
561 946 660 992 aula,
684 947 890 984 cassabant
911 947 1010 985 cadi.

187 1010 255 1046 ΡΑ.
287 1008 362 1055 abi,
385 1009 449 1047 abi
471 1011 572 1047 intro
594 1009 682 1048 iarn.
742 1025 814 1049 uos
835 1011 874 1048 in
895 1013 993 1050 cella
1013 1012 1162 1051 uinaria

186 1074 401 1112 bacchanal
422 1074 555 1112 facitis.
616 1075 693 1112 iam
714 1077 844 1114 hercle
865 1090 937 1126 ego
958 1076 1067 1115 illum
1089 1078 1285 1117 adducam
1306 1094 1329 1117 a
1349 1081 1444 1119 soro.

187 1140 256 1177 Lv.
289 1139 408 1189 perii!
440 1140 678 1179 excruciabit
700 1155 762 1179 me
784 1155 882 1188 erus,
905 1143 1069 1180 domum
1091 1143 1122 1181 si
1144 1144 1306 1192 uenerit,
1531 1157 1571 1192 45

99 1207 168 1242 860
186 1218 307 1254 quom
328 1206 426 1244 haec
446 1207 548 1244 facta
568 1206 693 1254 scibit,
716 1206 809 1256 quia
829 1207 903 1245 sibi
923 1221 1002 1246 non
1025 1208 1201 1248 dixerim.

184 1270 329 1320 fugiam
351 1271 480 1309 hercle
501 1271 634 1321 aliquo
655 1279 774 1321 atque
795 1273 872 1310 hoc
892 1271 932 1310 in
952 1272 1058 1311 diem
1080 1275 1263 1312 extollam
1284 1277 1443 1314 malum.

183 1350 233 1374 ne
253 1336 435 1383 dixeritis,
459 1350 633 1387 opsecro,
657 1337 760 1384 huic,
783 1345 955 1376 uostram
978 1339 1096 1376 fidem
1117 1342 1124 1377 Ι

183 1403 252 1439 ΡΑ.
284 1415 364 1451 quo
384 1403 426 1440 tii
445 1402 556 1452 agis?
614 1404 684 1440 LV.
717 1402 858 1441 missus
874 1416 960 1441 sum
977 1403 1054 1442 alio
1073 1419 1079 1442 :
1110 1403 1188 1443 iam
1208 1406 1286 1444 huc
1306 1420 1507 1446 reuenero.

185 1469 252 1505 ΡΑ.
285 1467 372 1517 quis
403 1467 536 1506 misit?
598 1469 668 1506 Lv.
703 1468 1050 1508 Philocomasium.
1121 1472 1190 1508 PA.
1222 1471 1298 1518 abi,
1331 1480 1508 1511 actutum
1530 1483 1574 1514 50

1413 1538 1506 1577 redi.

96 1580 160 1648 865
182 1599 253 1637 Lv.
285 1612 432 1649 quaeso
452 1606 585 1638 tamen
605 1601 646 1638 tu
667 1613 796 1638 meam
816 1608 978 1650 partem,
1000 1600 1257 1640 infortunium

224 1705 287 1744 845
312 1715 330 1734 e
354 1703 430 1736 add.
452 1704 580 1736 Ritsclzl
601 1704 647 1744 (A
675 1716 707 1737 n.
733 1705 772 1745 l.)
799 1706 836 1741 (i.
863 1707 898 1744 75
1000 1706 1085 1736 eicia
1110 1705 1150 1745 P,
1176 1706 1210 1736 A
1234 1718 1266 1746 n„
1294 1707 1311 1737 l.
1444 1709 1509 1747 846

180 1749 322 1788 promtis
346 1749 490 1789 *uproptis
514 1748 605 1787 PCD)
624 1748 663 1786 P,
683 1749 716 1779 A
737 1760 769 1780 n.
788 1749 807 1780 l.
826 1761 833 1779 z
857 1750 1026 1789 prompsis
1050 1749 1184 1780 Ribbeck
1314 1750 1507 1790 subpromis

179 1792 270 1832 paris
293 1793 326 1823 P
455 1794 517 1832 847
542 1797 621 1832 aget
637 1793 678 1831 P,
692 1793 724 1823 A
744 1804 776 1824 n.
797 1793 816 1824 l.
903 1794 968 1831 849
992 1794 1168 1833 inperauat
1188 1794 1220 1834 (i.
1236 1805 1258 1824 e.
1282 1794 1364 1825 ,batn
1387 1795 1505 1835 (impe-

179 1836 266 1867 rauit
281 1837 326 1875 B)
339 1836 378 1876 P,
392 1837 424 1867 A
439 1847 469 1868 n.
483 1837 506 1867 l.
639 1838 703 1875 850
727 1837 791 1867 hoc
805 1837 906 1867 Brz'x:
933 1837 986 1867 hic
997 1837 1036 1871 P„
1050 1837 1083 1866 A
1097 1849 1129 1868 n.
1143 1837 1163 1868 l.
1255 1837 1301 1868 illi
1316 1838 1415 1869 cebro
1431 1839 1466 1879 (i.
1479 1850 1504 1872 e.

179 1880 313 1919 crebro)
331 1885 366 1910 ut
376 1880 437 1913 vid.
455 1880 489 1910 P
504 1879 678 1921 (illecebro
692 1881 731 1918 Β,
753 1880 800 1911 illi
815 1881 946 1912 celebro
964 1880 1062 1918 PCD),
1074 1880 1108 1910 A
1128 1892 1158 1912 n.
1177 1881 1196 1911 I.
1286 1882 1425 1912 sistebat
1442 1882 1502 1924 (B)

178 1924 228 1954 vel
245 1924 387 1955 sistebas
406 1923 556 1963 (PCQP
694 1926 754 1964 851
782 1936 847 1956 om.
862 1925 895 1954 A
931 1925 964 1955 iii
996 1925 1048 1963 Π)
1163 1926 1338 1956 cassabant
1355 1925 1504 1965 Pylades:

177 1973 332 1998 cassauat
357 1968 516 2009 (cessauit
535 1968 579 2004 B}
597 1968 662 2000 cod.
805 1971 869 2009 852
894 1970 957 1999 erit
985 1980 1014 2009 p.
1036 1968 1075 2008 P,
1103 1969 1136 1998 A
1156 1980 1187 2000 n.
1207 1968 1248 2000 I.:
1274 1969 1410 2008 paulum
1432 1974 1505 2000 erat

177 2010 268 2042 Brix.
287 2022 368 2042 uam
386 2013 457 2042 erat
475 2011 610 2051 paulum
625 2012 767 2053 displicet
883 2015 947 2052 853
972 2013 1047 2043 aula
1067 2013 1152 2051 (Ala)
1170 2013 1219 2044 sic
1238 2012 1382 2043 Ritschl:
1406 2013 1504 2043 anilis

177 2055 230 2084 hic
247 2054 287 2094 P,
307 2055 339 2085 A
356 2067 387 2086 u.
405 2055 425 2086 l.
560 2058 635 2095 854.
649 2057 712 2096 855
738 2057 973 2096 compleuatur
993 2060 1096 2093 betur
1108 2056 1153 2095 B)
1174 2057 1227 2087 die
1247 2056 1294 2086 Ea
1313 2057 1445 2096 plenam
1460 2056 1500 2096 P,

176 2097 209 2128 A
235 2109 268 2130 n.
295 2099 338 2129 l.:
361 2110 437 2131 corr.
460 2099 547 2130 Leo:
583 2111 608 2130 c.
638 2101 669 2130 in
700 2101 753 2131 die
778 2101 904 2131 Rr'tschl
923 2100 1019 2132 deleto
1045 2112 1140 2131 vcrsu
1168 2101 1312 2140 sequenti
1439 2101 1502 2138 854

177 2143 421 2181 complebatur,
440 2144 579 2174 deciens
599 2144 639 2184 (ἓ)
658 2143 733 2181 Leo,
747 2144 827 2183 fort.
852 2148 928 2175 recle
1058 2145 1121 2184 855
1147 2144 1248 2185 plena
1269 2155 1424 2175 maxuma
1447 2143 1503 2174 P:

175 2185 309 2224 plenam
327 2197 482 2217 maxume
493 2186 558 2217 Leo
689 2189 753 2226 856
775 2188 850 2219 auia
866 2188 1065 2219 cassabatP
1194 2189 1258 2227 858
1279 2188 1385 2228 illurn]
1405 2197 1500 2217 erum

175 2228 208 2258 P
287 2229 450 2260 adducata
464 2231 547 2269 (-cta
563 2230 609 2270 Β)
624 2231 695 2261 fore
709 2231 742 2261 P
842 2233 906 2262 860
930 2232 1096 2262 dixeritP
1196 2233 1346 2270 861—994
1370 2230 1497 2261 deestA

177 2273 238 2302 861
265 2273 354 2302 diem
372 2273 581 2304 Camerarius
596 2285 603 2304 :
627 2274 681 2305 die
696 2274 762 2305 cod.
862 2275 1003 2306 extollat
1020 2274 1085 2307 cod.
1223 2276 1286 2305 862
1312 2285 1354 2305 ne
1370 2274 1447 2304 huic
1464 2275 1496 2305 d.

168 2315 351 2356 Kellerlzoff
450 2323 564 2348 uostra
587 2318 653 2349 cod.
807 2319 870 2357 863
899 2323 980 2358 quot
1005 2324 1039 2349 tu
1063 2320 1128 2351 cod.
1239 2321 1350 2361 aliquo
1376 2322 1499 2364 Haupt

168 2360 230 2401 865
255 2359 454 2392 insortinum
472 2361 537 2391 cod.
