1731 2713
726 103 964 140 STIFHVs
1416 101 1490 137 ΠΙ.
1514 100 1542 137 ii

284 222 350 258 lev.
385 220 525 257 ualens.
587 218 661 256 (li-3.
694 217 962 254 certumnest?
1024 216 1091 252 Ιῖι).
1129 222 1288 252 cci-tum.
1349 214 1501 251 cenabo

1379 278 1498 317 domi.

283 353 355 387 (iic.
389 349 550 398 quando
570 348 731 398 quidem
753 354 794 385 tu
815 347 865 385 ad
888 359 949 384 me
971 359 1050 384 non
1073 345 1131 383 uis
1154 344 1432 396 promittere—

281 415 350 453 sed
361 413 595 463 —quoniam
618 412 713 450 nihil
734 411 904 463 processi
927 419 983 450 sat
1005 424 1077 461 ego
1099 412 1184 451 hac.
1208 410 1314 449 iuero
1522 421 1562 451 30

86 487 152 533 485
281 480 472 531 apertiore
494 479 606 530 magi’
628 479 689 517 uia
707 494 715 526 ;
746 479 796 517 ita
817 480 933 529 plane
954 479 1113 528 loquar:

281 546 348 585 uin
369 546 419 584 ad
440 552 478 584 te
498 546 548 583 ad
570 558 708 582 cenam
730 543 918 582 ueniam?
975 545 1044 581 Ep.
1078 543 1107 580 si
1129 542 1277 593 possim
1298 542 1415 581 uelim
1435 555 1442 588 3

281 623 417 650 uerum
439 611 502 648 hic
522 610 628 660 apud
651 622 713 648 me
734 615 877 648 cenant
897 608 1013 647 alieni
1036 621 1191 646 nouem.

282 678 355 716 GE.
389 678 466 715 bau
487 677 644 726 postulo
665 674 851 725 equidem
874 675 965 713 med
987 673 1025 712 in
1047 675 1150 712 lecto
1170 673 1427 712 accumbere:

282 741 357 781 scis
377 748 419 781 tu
441 742 531 781 med
553 754 637 780 esse
664 739 668 792 Ι
695 739 925 779 unisubselli
947 739 1084 779 uirum.
1519 750 1559 783 35

87 822 157 858 490
284 809 352 846 ΕΡ.
385 814 423 846 at
443 806 479 846 ei
499 814 671 846 oratores
692 813 782 844 sunt
803 805 949 856 populi,
973 804 1115 843 summi
1138 803 1207 842 uiri
1224 819 1232 851 ;

282 871 494 912 Ambracia
514 870 678 910 ueniunt
700 872 777 909 huc
798 869 911 920 legati
933 869 1101 920 publice.

283 939 356 977 GE.
389 949 480 987 ergo
501 944 672 975 oratores
694 935 840 986 populi,
864 942 1077 973 summates
1098 934 1182 977 uiri,

283 1002 426 1041 summi
447 1001 652 1047 accubent,
676 1014 748 1051 ego
769 999 970 1039 insumatis
991 999 1174 1038 infumus.

285 1070 354 1107 ΕΡ.
387 1067 493 1106 haud
513 1072 720 1117 aequomst
742 1065 779 1104 te
800 1065 900 1103 inter
920 1071 1092 1104 oratores
1112 1064 1248 1115 accipi.
1521 1078 1564 1110 40

89 1146 155 1183 495
284 1135 358 1172 GE.
391 1132 575 1183 equidem
596 1132 727 1171 hercle
747 1138 876 1169 orator
897 1144 994 1177 sum,
1018 1131 1087 1169 sed
1108 1129 1286 1180 procedit
1307 1142 1455 1180 parum.

285 1212 367 1238 cras
388 1199 437 1237 de
457 1197 629 1248 reliquiis
650 1210 722 1236 nos
743 1198 964 1236 uolo-Ep.
998 1198 1165 1235 multum
1187 1197 1342 1235 ualer—

285 1265 358 1302 GE.
390 1262 511 1314 periei
530 1264 661 1302 hercle
683 1276 777 1301 uero
798 1263 924 1312 plane,
948 1261 1045 1299 nihil
1066 1261 1247 1300 obnoxie.

285 1343 365 1368 uno
385 1328 587 1368 Gelasimo
608 1328 737 1367 minus
757 1335 815 1367 est
836 1341 955 1378 quam
977 1328 1128 1367 dudum
1150 1327 1231 1365 fuit.

287 1402 473 1434 certumst
493 1396 684 1433 mustelae
704 1395 868 1444 posthac
889 1406 1107 1443 numquam
1129 1393 1297 1434 credere.
1526 1406 1566 1439 45

94 1473 163 1510 500
287 1474 378 1499 nam
399 1460 646 1499 incertiorem
668 1460 815 1498 nullam
837 1458 931 1498 noui
953 1457 1118 1497 bestiam
1136 1473 1145 1505 3

286 1539 415 1576 quaen
435 1539 553 1576 eapse
573 1525 734 1564 deciens
755 1524 794 1563 in
815 1524 880 1563 die
902 1530 1026 1563 mutat
1047 1525 1191 1571 locum,

286 1605 332 1630 ea
352 1605 424 1642 ego
444 1591 674 1642 auspicauin
696 1590 735 1628 in
757 1604 796 1629 re
817 1589 973 1640 capitali
996 1591 1112 1628 mea?

287 1664 474 1696 certumst
493 1656 641 1696 amicos
663 1669 896 1703 conuocare,
919 1663 961 1694 ut
981 1656 1185 1694 consulam

287 1736 364 1773 qua
384 1724 468 1773 lege
489 1736 594 1761 nunc
616 1721 926 1761 med-essurire
949 1728 1192 1772 oporteat.—
1237 1742 1245 1746 -
1526 1735 1569 1769 50

247 1828 310 1866 482
334 1826 556 1867 certumnest]
585 1831 714 1857 certum
743 1830 793 1857 est
822 1825 855 1856 P
984 1826 1047 1864 483
1073 1824 1273 1855 retractatori
1297 1825 1423 1855 ascribit
1445 1823 1510 1855 Leo

181 1876 215 1902 tu
233 1871 275 1902 ad
292 1870 363 1911 me]
380 1875 469 1901 tuam
486 1870 603 1911 P(pro
619 1875 653 1901 tu
671 1872 802 1901 anime?
830 1870 848 1901 i.
869 1870 903 1908 4)
1035 1869 1108 1907 484,
1125 1869 1188 1907 485
1205 1878 1270 1899 om.
1286 1867 1319 1897 P
1447 1869 1509 1906 484

181 1915 345 1956 processit
372 1919 407 1945 at
425 1914 489 1956 (vel
513 1914 662 1954 processi
691 1915 758 1953 sat)
787 1924 850 1953 ego
875 1913 939 1944 cod.
959 1924 965 1943 :
990 1912 1156 1952 processit
1177 1912 1249 1949 hac,
1271 1922 1336 1951 ego
1354 1912 1394 1951 (22)
1416 1911 1511 1943 Goetz

182 1959 245 1997 485
261 1958 312 1989 vel
325 1968 423 1997 mage
509 1958 572 1996 488
595 1956 730 1997 quidem
744 1956 777 1987 A
865 1957 1016 1997 489sorl.
1032 1959 1104 1987 tute
1118 1956 1194 1986 med
1206 1954 1412 1997 vaunnam>
1424 1955 1511 1986 unis.

182 2012 246 2041 490
260 2002 309 2033 vel
316 2001 405 2041 popli
517 2011 579 2040 493
595 2001 760 2031 accubent
773 2000 861 2031 codd.
875 2000 1039 2032 Prisciani
1056 2011 1082 2039 1,
1096 2001 1160 2038 338
1171 2003 1199 2030 et
1210 2000 1272 2039 587
1291 2010 1297 2029 :
1313 1999 1512 2030 accumbent

183 2045 215 2077 P
228 2057 234 2076 :
259 2044 461 2076 incubabunt
478 2043 528 2074 Αι
546 2056 552 2075 :
576 2044 784 2075 accubabunt
803 2048 839 2074 ut
854 2044 917 2076 vid.
934 2043 986 2074 Α2
1075 2045 1139 2082 496
1163 2047 1268 2074 totum
1285 2053 1417 2074 versum
1433 2041 1511 2083 Epi-

178 2099 306 2130 gnomo
325 2087 383 2119 dat
399 2087 431 2118 P
542 2097 604 2127 497
629 2097 719 2118 nunc
737 2098 801 2127 ego
818 2087 933 2118 hercle
951 2088 1036 2127 perii
1053 2088 1164 2127 plane,
1184 2097 1251 2118 non
1269 2086 1416 2117 obnoxie
1434 2085 1513 2117 Gell.

182 2133 216 2170 6,
237 2142 285 2172 17,
305 2143 324 2171 4
418 2140 479 2170 501
506 2141 616 2171 quaen
636 2140 738 2171 eapse
755 2131 905 2162 Ritsclzl:
928 2136 1149 2170 quaeneatest
1167 2131 1231 2170 (vel
1245 2141 1353 2170 quaen
1372 2130 1510 2169 eaepse)

183 2175 216 2206 A
232 2186 239 2207 :
262 2185 327 2216 qua
344 2179 422 2206 enet
437 2175 509 2215 ipsa
526 2174 560 2206 P
703 2184 766 2214 502
791 2185 864 2206 eam
881 2174 956 2205 PCD
976 2175 1052 2216 (pro
1068 2185 1131 2204 ean
1146 2174 1173 2214 2)
1194 2185 1200 2204 :
1223 2185 1289 2205 om.
1306 2174 1338 2204 A
1454 2183 1511 2204 au-

183 2219 337 2260 spicauin
353 2218 485 2260 scm'pSi:
509 2219 682 2259 auspicaui
700 2217 801 2259 codd„
817 2219 893 2250 item
911 2218 999 2250 codd.
1013 2218 1116 2249 Nom'z'
1129 2218 1193 2257 468
1281 2217 1414 2258 capitati
1432 2217 1465 2247 A
