1783 2707
131 121 259 159 111.ii
640 124 684 160 T.
721 124 900 162 MACCI
935 125 1137 163 PLAVTI

232 246 328 283 cape
348 232 399 271 sis
421 232 604 271 uirtutem
625 232 758 272 animo
780 240 817 271 et
838 235 957 272 corde
978 236 1128 284 expelle
1149 234 1340 274 desidiam
1363 243 1454 274 tuo:
1575 241 1645 285 650

173 307 211 338 25
233 297 271 335 in
293 299 377 336 foro
397 311 556 348 operam
577 298 714 336 amicis
735 299 796 345 da,
819 311 870 337 ne
890 298 929 336 in
950 300 1053 337 lecto
1073 298 1233 346 amicae,
1257 308 1298 338 ut
1320 300 1455 339 solitus
1476 314 1527 340 es.

231 369 349 413 atque
383 362 500 401 istum
539 376 612 413 ego
646 377 780 414 agrum
816 363 886 402 tibi
921 363 1086 414 relinqui
1123 365 1175 403 ob
1212 378 1297 403 eam
1334 379 1412 404 rem
1446 366 1558 405 enixe

1405 439 1556 481 expeto,

231 501 274 532 ut
295 493 365 532 tibi
386 493 433 532 sit
455 493 521 544 qui
543 501 580 532 te
601 494 791 544 corrigere
812 493 948 544 possis,
973 507 1022 532 ne
1044 494 1208 533 omnino
1229 494 1402 546 inopiam

232 560 338 599 ciues
359 559 555 599 obiectare
577 560 728 610 possint
750 559 819 598 tibi
840 573 940 610 quos
962 567 1003 598 tu
1025 559 1204 600 inimicos
1226 562 1357 600 habes.

234 628 305 664 LE.
337 625 471 664 omnia
491 639 563 675 ego
585 624 704 664 istaec
725 638 826 675 quae
847 632 888 663 tu
909 624 1005 663 dixti
1026 624 1120 672 scio,
1142 627 1205 664 uel
1226 625 1490 676 exsignauero,
1579 627 1644 671 655

173 704 216 734 30
235 697 277 728 ut
297 703 377 728 rem
398 689 563 740 patriam
584 698 623 728 et
641 689 803 740 gloriam
827 689 1018 728 maiorum
1039 689 1228 729 foedarim
1252 704 1383 729 meum
1401 707 1407 730 :

236 753 386 793 scibam
407 761 449 793 ut
470 767 554 793 esse
576 768 638 793 me
659 755 829 802 deceret,
850 756 977 793 facere
999 768 1079 792 non
1096 754 1257 805 quibam
1280 755 1395 794 miser
1412 771 1423 803 3

234 819 286 857 ita
307 819 345 858 ui
366 819 531 857 Veneris
554 819 720 866 uinctus,
744 819 825 858 otio
848 817 1020 872 [c]aptus
1042 819 1081 857 in
1103 821 1280 859 fraudem
1302 820 1432 859 incidi.

234 892 271 923 et
292 884 362 923 tibi
384 898 501 932 nunc,
525 884 690 935 proinde
712 893 753 923 ut
776 899 933 933 merere,
957 899 1130 923 summas
1151 886 1280 924 habeo
1300 885 1450 936 gratias.

236 952 304 989 Lv.
337 958 375 989 at
407 964 567 1001 operam
602 950 726 1001 perire
761 964 889 989 meam
923 951 977 989 sic
1009 959 1046 990 et
1082 959 1119 990 te
1151 952 1272 991 †haec
1307 951 1413 990 dicta
1444 953 1563 991 corde
1581 954 1652 989 660

1357 1020 1563 1068 spernere†

175 1098 213 1130 35
234 1081 383 1132 perpeti
404 1095 571 1132 nequeo,
595 1081 710 1121 simul
732 1095 794 1121 me
815 1082 920 1132 piget
941 1096 1077 1132 parum
1100 1083 1247 1132 pudere
1268 1090 1305 1121 te
1322 1097 1330 1129 ;

235 1155 273 1185 et
293 1154 503 1198 postremo,
526 1147 600 1185 nisi
622 1148 675 1185 mi
696 1149 891 1186 auscultas
912 1155 1030 1198 atque
1051 1149 1127 1186 hoc
1149 1155 1191 1185 ut
1212 1147 1302 1186 dico
1323 1147 1430 1196 facis,

237 1220 317 1251 tute
338 1226 442 1263 pone
463 1220 501 1251 te
521 1212 660 1251 latebis
681 1212 805 1260 facile,
829 1226 878 1251 ne
899 1212 1073 1251 inueniat
1096 1220 1133 1251 te
1157 1214 1308 1259 Honor,

233 1277 273 1315 in
294 1279 451 1317 occulto
472 1277 618 1316 iacebis
639 1291 761 1328 quom
783 1285 820 1316 te
842 1291 1024 1316 maxume
1045 1279 1191 1316 clarum
1215 1279 1334 1316 uoles.

234 1343 398 1394 pernoui
446 1343 643 1393 equidem,
686 1342 918 1391 Lesbonice,
960 1342 1160 1392 ingenium
1201 1351 1310 1381 tuom
1350 1342 1563 1393 ingenuom
1584 1346 1649 1391 665

1322 1409 1540 1447 admodum
1556 1422 1566 1457 3

175 1488 216 1519 40
236 1474 318 1514 scio
339 1482 376 1514 te
397 1482 537 1525 sponte
559 1488 639 1513 non
661 1482 795 1524 tuapte
816 1487 973 1522 errasse,
992 1475 1062 1513 sed
1083 1487 1256 1513 amorem
1279 1474 1349 1513 tibi

234 1548 371 1590 pectus
393 1553 621 1590 opscurasse
637 1554 647 1587 3
675 1547 793 1590 atque
814 1539 897 1589 ipse
919 1539 1076 1578 Amoris
1097 1547 1214 1578 teneo
1235 1539 1363 1578 omnis
1384 1539 1476 1578 uias.

235 1605 287 1644 ita
311 1613 369 1644 est
396 1619 505 1644 amor
532 1604 686 1644 ballista
712 1612 755 1643 ut
786 1604 949 1644 iacitur:
981 1604 1077 1643 nihil
1108 1605 1162 1643 sic
1193 1606 1318 1643 celere
1348 1612 1406 1643 est
1436 1618 1565 1654 neque

1430 1672 1537 1709 uolat
1556 1685 1565 1718 3

234 1733 352 1776 atque
373 1725 404 1764 is
426 1739 553 1765 mores
574 1725 781 1764 hominum
805 1739 935 1764 moros
957 1733 994 1764 et
1017 1738 1193 1763 morosos
1215 1724 1365 1763 ecficit:

236 1791 357 1830 minu’
378 1793 505 1842 placet
527 1791 639 1841 magi'
660 1792 768 1841 quod
793 1792 988 1838 suadetur,
1013 1792 1121 1841 quod
1143 1790 1391 1829 dissuadetur
1411 1791 1538 1840 placet
1556 1805 1564 1837 3
1583 1788 1654 1831 670

176 1867 217 1899 45
236 1871 356 1907 quom
378 1857 561 1907 inopiast,
581 1856 726 1906 cupias,
752 1858 913 1906 quando
934 1856 1031 1895 eiius
1052 1855 1214 1905 copiast,
1237 1863 1319 1893 tum
1343 1869 1421 1893 non
1443 1855 1539 1893 uelis
1559 1870 1565 1897 ;

241 1923 291 1960 ill'
313 1921 380 1973 qui
402 1921 555 1972 aspellit
577 1921 608 1958 is
630 1921 840 1971 compellit,
865 1920 914 1958 ill'
936 1920 1001 1970 qui
1024 1921 1240 1958 consuadet
1262 1927 1382 1957 uotat.

279 2028 343 2065 650
366 2030 454 2056 tuam
483 2025 515 2055 A
694 2025 752 2062 651
781 2023 897 2053 amicis
923 2032 1058 2062 operam
1080 2021 1111 2051 A
1251 2020 1326 2062 [lia]
1351 2020 1390 2050 da
1407 2019 1510 2059 P(iv.
1528 2020 1563 2058 3⁸)

236 2069 294 2110 ne]
313 2074 370 2101 aut
389 2069 423 2107 (i.
437 2080 460 2101 e.
480 2068 584 2105 haud>
602 2067 636 2098 Ρ
731 2066 907 2097 intellecto
927 2066 992 2105 (-tu
1010 2065 1055 2107 Β)
1076 2065 1108 2095 Ρ
1253 2065 1316 2103 652
1340 2074 1403 2103 ego
1422 2064 1522 2095 istum
1535 2062 1569 2094 Ρ

237 2113 332 2152 (ordo
350 2111 580 2149 zcst'tat11535ed
597 2114 712 2151 agrfim
733 2110 788 2141 vix
801 2109 993 2150 serendum)
1087 2109 1221 2139 menixe
1240 2107 1271 2137 Β
1286 2119 1292 2138 z
1317 2107 1442 2138 denixe
1458 2107 1566 2148 Bergk

234 2159 298 2196 655
323 2156 393 2198 uel]
413 2162 449 2187 ut
466 2156 498 2186 A
632 2156 696 2194 658
721 2158 819 2193 aptus
831 2153 863 2183 A
878 2156 915 2183 ut
932 2152 998 2183 vid.
1128 2152 1193 2191 659
1218 2151 1269 2192 ut]
1288 2161 1325 2182 ac
1342 2150 1375 2181 P
1501 2152 1566 2182 660

236 2202 320 2232 haec
338 2212 403 2232 om.
420 2200 452 2230 A
575 2199 662 2230 dicta
687 2198 744 2229 del.
765 2197 878 2236 Bothe,
897 2196 1038 2237 Sejffiw,
1060 2195 1118 2235 qui
1130 2195 1215 2225 duas
1232 2195 1392 2226 versiones
1407 2193 1566 2233 conflatas

235 2256 299 2276 csse
315 2244 418 2283 credit,
439 2245 522 2274 hacc
540 2243 642 2274 corde
660 2245 688 2272 ct
703 2242 786 2272 hacc
804 2241 894 2272 dicta
1070 2240 1135 2269 662
1160 2239 1203 2268 mi
1222 2237 1378 2269 Freund:
1405 2248 1457 2268 me
1476 2236 1562 2268 codd.

236 2290 300 2328 665
323 2288 528 2319 lesboniccm
555 2286 735 2326 imperium
760 2289 853 2316 tuum
876 2282 1050 2324 ingenium
1073 2293 1102 2314 a.
1125 2282 1158 2312 Ρ
1287 2283 1351 2312 666
1375 2286 1509 2321 tuapste
1531 2280 1564 2310 A

236 2334 298 2371 667
323 2342 455 2364 amores
472 2331 505 2361 Ρ
520 2330 588 2369 (120.
609 2329 667 2370 -is)
758 2333 838 2360 tene
862 2327 895 2358 A
1030 2327 1094 2357 668
1117 2324 1227 2357 celere
1241 2325 1288 2356 sic
1308 2329 1361 2356 est
1376 2325 1410 2355 A
1501 2325 1565 2363 670

236 2376 285 2407 vel
299 2386 394 2415 mage
483 2374 572 2414 quod
590 2373 752 2405 suadetur
768 2372 875 2412 magis
891 2370 924 2401 A
1055 2370 1114 2409 671
1142 2369 1230 2408 Qum
1248 2369 1280 2399 A
1415 2370 1564 2407 672-735

237 2419 319 2450 deest
335 2419 368 2449 A
456 2420 520 2457 672
543 2417 601 2449 del.
617 2416 726 2458 Bergk
1124 2412 1309 2444 consuadet
1333 2411 1565 2443 Camerarius:

237 2473 303 2494 non
321 2462 441 2494 suadet
454 2460 519 2492 cod.
