1731 2713
752 80 991 121 STICHVS
1477 81 1524 118 V.
1544 79 1588 115 iii

259 191 415 231 Stichus
436 199 678 243 opsonatust,
702 200 874 231 ceterum
897 206 970 242 ego
991 205 1124 229 curam
1146 193 1198 230 do
1216 208 1222 230 z
1258 191 1297 229 id
1318 191 1525 241 adlegauit.

257 271 363 296 nunc
383 257 449 296 ibo
471 257 562 296 hinc
583 265 620 296 et
641 257 790 296 amicos
813 271 921 296 meos
943 258 1089 295 curabo
1110 257 1173 295 hic
1194 256 1509 295 aduenientis.—

497 371 866 407 SANGARINVS
977 370 1219 407 S‘rimivs
1546 370 1592 407 iv

203 450 265 488 SA.
312 449 428 500 Agite
462 450 514 489 ite
549 452 650 489 foras
670 466 676 490 :
721 452 817 489 ferte
851 463 1049 501 pompam.
1124 451 1224 489 cado
1259 457 1296 488 te
1331 451 1527 499 praeficio,

1384 516 1525 555 Sticlie.

201 580 377 618 omnibu'
398 581 526 620 modis
544 589 736 631 temptare
753 589 940 620 certumst
957 588 1133 619 nostrum
1149 581 1269 619 hodie
1285 581 1525 620 conuiuium.

113 649 179 694 685
201 644 253 682 ita
281 658 343 684 me
372 645 412 684 di
436 654 580 694 ament,
604 646 735 696 lepide
761 646 977 696 accipimur
1001 659 1123 696 quom
1154 647 1230 684 hoc
1259 645 1468 695 recipimur
1488 647 1527 684 in

1425 714 1524 751 loco.

200 774 367 826 quisqui'
406 776 631 827 praetereat,
674 776 928 816 comissatum
969 778 1061 815 uolo
1101 777 1243 815 uocari.
1319 779 1398 816 ST1.
1436 791 1526 816 con-

1402 843 1521 891 uenit,

196 906 291 944 dum
313 906 474 956 quidem
495 908 626 946 hercle
647 907 814 957 quisque
835 907 968 946 ueniet
989 907 1121 946 ueniat
1143 922 1233 946 cum
1256 908 1349 946 uino
1371 921 1451 947 suo.
1543 924 1559 955 5

196 984 288 1009 nam
310 971 402 1009 hinc
423 972 584 1021 quidem
602 972 721 1011 hodie
737 974 958 1022 polluctura
974 981 1126 1022 praeter
1142 987 1214 1011 nos
1232 975 1345 1012 datur
1361 974 1520 1012 nemini.

197 1043 352 1075 nosmet
381 1036 481 1076 inter
504 1050 576 1076 nos
607 1037 872 1077 ministremus
903 1038 1139 1089 monotropi.
1199 1040 1262 1078 SA.
1295 1040 1371 1077 hoc
1392 1039 1525 1077 conui-

1378 1112 1524 1143 uiumst

107 1168 178 1212 690
195 1179 266 1216 pro
286 1167 428 1217 opibus
448 1167 590 1207 nostris
613 1168 695 1206 sati'
717 1170 972 1208 commodule
1000 1168 1180 1216 nucibus,
1205 1169 1358 1217 fabulis,
1384 1169 1520 1217 siculis,

193 1233 304 1271 oleae
324 1232 571 1283 †intripillo†‚
595 1234 744 1284 lupillo,
768 1234 1016 1273 comminuto
1037 1237 1220 1273 crustulo.

192 1297 272 1335 STI.
296 1305 353 1335 sat
375 1306 432 1336 est
453 1311 566 1337 seruo
592 1298 596 1350 Ι
624 1299 775 1337 homini
794 1301 972 1338 modeste
989 1298 1161 1352 [melius]
1177 1301 1303 1339 facere
1317 1308 1519 1351 sumptum
1542 1315 1581 1338 10

1187 1379 1305 1415 quam
1326 1367 1516 1417 ampliter.

191 1439 304 1466 suom
326 1428 499 1478 quoique
527 1430 666 1467 decet:
696 1429 832 1479 quibu’
853 1430 1016 1469 diuitiae
1041 1430 1151 1469 domi
1174 1438 1276 1477 sunt,
1299 1431 1461 1482 scaphio
1482 1439 1521 1470 et

1311 1497 1517 1546 cantharis,

191 1558 355 1597 batiocis
377 1560 529 1608 bibunt,
553 1560 592 1599 at
612 1574 685 1599 nos
706 1568 842 1599 nostro
863 1561 1038 1600 Samiolo
1059 1562 1211 1612 poterio
1230 1578 1237 1602 ε

103 1625 169 1670 695
191 1630 323 1662 tamen
362 1623 535 1663 bibimus
569 1638 653 1673 nos,
691 1633 824 1664 tamen
859 1626 1061 1664 ecficimus
1100 1640 1171 1677 pro
1206 1627 1347 1677 opibus
1387 1636 1520 1667 nostra

1348 1708 1516 1734 moenia.

228 1794 288 1823 681
305 1794 388 1833 fort.
409 1804 522 1825 curam
542 1805 605 1834 ego
675 1796 825 1826 curando
847 1794 913 1826 cod.
994 1795 1042 1837 id]
1063 1796 1091 1828 is
1110 1796 1175 1827 Leo
1192 1798 1294 1837 :somfl
1314 1803 1349 1829 ut
1422 1799 1516 1830 adle-

184 1837 263 1875 gaui
279 1837 345 1868 cod.
363 1849 369 1868 :
395 1848 473 1870 corr.
495 1837 593 1869 Goetz
740 1841 804 1870 682
829 1839 946 1870 accedit
967 1839 1002 1869 A
1106 1840 1186 1871 hinc
1203 1852 1270 1872 om.
1289 1843 1322 1872 A
1413 1843 1516 1874 adue-

185 1880 331 1911 nienteis
346 1881 379 1911 A
493 1883 556 1921 684
581 1882 786 1914 omnimodis
808 1883 963 1924 Scalzjger,
981 1884 1064 1922 fort.
1087 1888 1163 1916 recte
1181 1886 1237 1927 (cf.
1257 1885 1359 1917 Class.
1379 1886 1456 1918 Rev.
1482 1888 1514 1927 8,

188 1926 263 1964 159)
388 1926 451 1964 685
475 1926 682 1966 accipiamur
697 1927 736 1966 Ρ,
756 1926 790 1956 Α
811 1937 842 1958 n.
868 1927 912 1959 l.:
937 1938 1013 1959 corr.
1044 1928 1180 1959 Guietus
1268 1930 1426 1969 quoniam
1451 1931 1515 1961 hoc

185 1968 384 2007 recipiamur
400 1968 434 1998 Ρ
446 1980 453 1999 z
476 1980 542 2000 om.
562 1969 596 1999 A
617 1969 678 2010 (iii.
695 1972 746 2010 11)
764 1982 771 2001 :
797 1981 876 2002 corr.
900 1971 1035 2002 Guietus
1086 1973 1171 2012 sort.
1190 1973 1222 2003 in
1240 1973 1361 2006 delend.
1452 1976 1514 2013 687

185 2011 299 2042 ueniet
311 2022 378 2043 om.
397 2012 431 2042 Ρ
444 2012 526 2050 (non
543 2013 576 2043 A
597 2017 634 2043 ut
648 2013 730 2055 vid.)
822 2015 873 2045 vel
885 2015 1001 2046 ueniat
1018 2017 1134 2046 ueniat
1148 2017 1193 2056 (A
1210 2028 1241 2048 n.
1259 2017 1295 2057 l.)
1450 2019 1514 2049 688

184 2065 247 2085 nos
265 2055 422 2096 [iactura]
440 2055 481 2096 P,
494 2056 528 2086 A
547 2067 579 2088 n.
597 2057 617 2088 l.
690 2058 825 2089 dabitur
839 2058 880 2096 P,
897 2059 930 2088 A
950 2069 982 2091 n.
1001 2060 1024 2091 l.
1039 2071 1046 2091 ε
1071 2061 1200 2101 correxi,
1223 2071 1306 2091 nam
1323 2059 1513 2100 polluctura

185 2103 321 2137 praeter
343 2099 400 2129 vix
413 2100 590 2138 ferendum
723 2102 788 2142 689
812 2103 1015 2142 monotropi.
1047 2104 1105 2135 SA.
1132 2104 1195 2135 hoc
1221 2104 1366 2135 Ritsclzl:
1398 2115 1513 2136 mono-

185 2142 307 2181 trophe
330 2142 392 2174 hoc
411 2142 451 2182 P,
467 2143 500 2173 A
519 2154 550 2174 n.
571 2144 589 2175 l.
718 2147 780 2185 691
807 2145 934 2186 ole(ae)
956 2147 1182 2189 iri(tripi)ll(0)
1200 2148 1233 2178 A
1252 2160 1259 2180 :
1283 2149 1378 2179 oleae
1395 2149 1511 2179 interi-

184 2185 251 2224 plio
270 2185 434 2226 (intriplio
448 2187 474 2226 2)
487 2186 521 2217 P
535 2199 542 2218 :
566 2186 642 2218 olea
658 2186 692 2218 in
711 2189 835 2228 tryblio
856 2188 1028 2220 Turnebus
1095 2191 1146 2221 vel
1158 2193 1204 2222 sic
1217 2191 1378 2233 distingue
1392 2192 1509 2232 lupillo

184 2229 398 2269 comminuto,
418 2231 567 2262 crustulo
644 2232 708 2271 692
732 2232 854 2263 melius
870 2243 935 2264 om.
951 2234 1039 2265 codd.
1054 2234 1158 2265 Nonii
1171 2244 1233 2274 511
1248 2236 1296 2273 (A
1316 2246 1346 2267 n.
1362 2236 1399 2268 Li
1414 2237 1449 2276 (i.
1464 2247 1485 2276 9
1502 2247 1510 2276 ;

183 2272 219 2311 cf
237 2272 285 2302 ad
299 2273 372 2306 Cas.
389 2273 467 2315 253)
581 2276 734 2306 modeste
757 2276 878 2307 melius
897 2277 1083 2316 vz'xferend.
1217 2280 1280 2318 693
1304 2280 1428 2319 quique
1449 2280 1483 2310 A
1503 2291 1510 2310 ε

181 2326 348 2356 quemque
365 2316 399 2348 P
527 2319 591 2358 694
615 2319 711 2349 uiunt
727 2319 761 2349 A
783 2320 816 2360 (i.
831 2330 855 2350 e.
875 2321 1009 2360 uiuunt)
1169 2323 1234 2362 695
1258 2322 1404 2354 uiuimus
1420 2323 1511 2355 codd.

182 2359 208 2399 (2
220 2359 380 2402 disyllab.)
