1731 2713
107 413 170 448 150

104 942 164 978 153

101 1517 165 1552 160

692 98 1008 137 PSEVDOLVS
1482 98 1507 133 1.
1531 97 1559 133 ii

242 218 359 260 atque
391 210 469 248 heri
501 210 576 248 iam
609 209 804 248 edixeram
835 209 1019 247 omnibus
1045 210 1311 259 dederamque
1339 222 1403 247 eas
1431 221 1515 258 pro·
1539 220 1574 251 15

1353 273 1514 319 uincias,

244 353 379 378 uerum
398 339 449 378 ita
467 353 538 378 uos
555 339 646 377 estis
663 338 828 390 praediti
843 340 1155 389 †neglegentes†
1172 337 1330 389 ingenio
1347 337 1513 389 inprobi,

244 404 415 442 officium
438 412 613 442 nostrum
636 413 678 442 ut
699 417 770 443 uos
792 405 896 442 malo
917 403 1063 453 cogatis
1085 403 1372 442 commonerier
1385 417 1396 452 3

244 482 385 519 nempe
402 469 452 507 ita
466 469 626 507 animati
655 469 658 520 ξ
685 469 766 507 esti⁷
783 482 854 508 uos
872 483 879 508 z
900 467 1048 506 uinciti’
1061 467 1203 507 duritia
1217 469 1293 507 hoc
1308 476 1426 518 atque
1441 482 1513 507 me.

243 536 317 572 hoe
339 534 389 572 sis
418 534 520 581 uide,
544 542 585 572 ut
606 534 699 572 :ilias
727 547 786 572 res
814 537 956 584 agunt!
998 535 1073 572 hoc
1100 533 1212 584 agite,
1237 533 1313 572 hoe
1339 532 1515 572 animum

1306 598 1512 646 aduortite‚

241 666 317 703 huc
352 664 538 703 adhibete
567 664 669 702 auris
699 677 800 714 quae
831 677 902 714 ego
933 665 1082 714 loquor,
1113 662 1308 714 plagigera
1341 676 1484 714 genera
1507 662 1513 715 Ι
1536 674 1577 697 20

1295 728 1512 768 hominum.

242 809 457 846 numquam
489 797 630 846 edepol
661 803 835 834 nostrum
865 794 999 833 durius
1027 803 1178 845 tergum
1205 794 1275 833 erit
1300 807 1418 845 quam
1446 802 1517 834 ter-

1116 860 1252 910 ginum
1273 861 1349 899 hoc
1371 872 1514 902 meum.

241 927 336 978 quid
359 929 492 966 nunc?
533 928 722 965 doletne?
763 940 825 965 em
853 926 907 964 sic
932 927 1058 973 datur,
1079 925 1109 964 si
1132 925 1218 976 quis
1246 939 1355 965 erum
1383 938 1516 966 seruos

1357 992 1514 1042 spernit.

240 1058 415 1097 adsistite
444 1072 582 1097 omnes
608 1066 745 1096 contra
770 1071 833 1097 me
859 1065 899 1097 et
915 1070 1017 1108 quae
1046 1059 1186 1108 loquor
1211 1057 1407 1097 aduortite
1437 1056 1517 1096 ani-

1392 1136 1512 1162 mum.

239 1198 280 1227 tu
308 1189 374 1239 qui
400 1202 537 1227 urnam
565 1189 687 1228 habes
708 1201 852 1239 aquam
874 1188 1016 1238 ingere,
1040 1189 1124 1227 face
1151 1189 1312 1238 plenum
1340 1189 1512 1228 ahenum

1299 1253 1347 1292 sit
1367 1265 1510 1304 coquo.

207 1355 218 1358 -
238 1330 274 1358 te
295 1333 385 1358 cum
407 1319 532 1358 securi
553 1317 743 1358 caudieali
765 1318 949 1369 praeficio
970 1318 1207 1369 prouinciae.
1532 1333 1546 1354 2
1554 1332 1571 1364 5

238 1386 308 1423 Lo.
340 1393 380 1424 at
409 1386 507 1424 haee
537 1374 740 1423 retunsast}
802 1386 872 1423 BA.
907 1384 990 1423 sine
1018 1384 1089 1424 siet
1104 1400 1113 1433 ς
1143 1384 1280 1424 itidem
1301 1397 1373 1423 uos
1399 1381 1512 1437 [quo-

978 1462 1055 1499 que
1075 1447 1185 1501 estis]
1206 1449 1328 1500 plagis
1350 1462 1512 1489 onmes:

238 1515 403 1566 numqui
425 1504 553 1553 {ninus
575 1529 621 1553 ea
640 1514 761 1565 gratia
782 1522 913 1553 tamen
935 1514 1114 1553 omnhim
1136 1527 1255 1564 opera
1275 1516 1392 1554 utor?

184 1580 253 1619 tibi
284 1582 360 1620 hoc
390 1580 587 1632 praecipio
618 1588 660 1619 ut
690 1579 839 1619 niteant
869 1580 998 1618 aedes.
1069 1580 1191 1618 habes
1226 1580 1335 1629 quod
1370 1578 1512 1619 facias:

1113 1656 1289 1695 propera,
1311 1643 1376 1683 abi
1397 1644 1510 1685 intro.

184 1714 224 1750 ui
247 1720 331 1751 esto
352 1711 659 1751 lectisterniator.
720 1713 760 1749 ni
782 1719 987 1761 argentum
1008 1710 1140 1757 emito,
1164 1709 1269 1749 idem
1293 1709 1492 1750 exstruito.

185 1779 292 1825 haec,
316 1791 436 1828 quom
459 1791 532 1827 ego
552 1791 575 1815 a
595 1779 679 1816 foro
700 1784 883 1824 reuortar‚
906 1775 1021 1814 facite
1042 1783 1083 1814 ut
1105 1776 1303 1814 offendam
1325 1782 1470 1825 parata,
1530 1787 1572 1820 30

229 1893 290 1924 149
314 1883 536 1924 neglegentes
555 1882 794 1922 vixfirendmn
809 1893 814 1913 ε
841 1881 990 1921 neglemi
1008 1880 1041 1911 A
1134 1880 1288 1920 improbo
1305 1879 1339 1910 P
1450 1890 1512 1920 150

182 1927 268 1958 male
284 1928 318 1958 A
413 1937 471 1967 151
489 1927 568 1966 sort.
591 1925 738 1968 (animi)
755 1925 893 1957 animati
992 1925 1119 1956 uincite
1131 1923 1165 1954 Ρ
1250 1924 1360 1954 durita
1377 1922 1442 1955 hoc
1453 1923 1511 1955 A:

181 1972 246 2003 hoe
264 1971 386 2002 duritia
403 1981 486 2011 ergo
500 1971 639 2012 P(ex·g0
651 1975 714 2011 pro
725 1975 815 2009 tet-g·
829 1980 836 2008 ;
861 1969 903 1999 iv.
919 1968 952 2004 1)
1090 1977 1149 2007 152
1174 1967 1220 1999 sis
1237 1967 1317 1998 uide
1331 1972 1366 1998 ut
1378 1967 1490 1999 Loewe
1505 1980 1512 1999 z

182 2015 259 2046 uide
276 2016 325 2046 sis
340 2019 375 2046 ut
392 2015 441 2046 P:
468 2015 562 2056 uid<e
580 2016 630 2053 ut)
649 2014 681 2044 A
700 2025 706 2044 :
731 2024 776 2043 cm
794 2013 890 2044 uides
908 2014 964 2044 ut?
1101 2021 1161 2051 153
1184 2015 1258 2052 post
1275 2021 1335 2051 154
1353 2011 1385 2040 A
1406 2011 1513 2052 (prius

182 2069 246 2089 om.
258 2062 392 2100 propter
404 2057 586 2090 lzomoeotel.
603 2069 610 2096 3
636 2058 669 2089 ii.
687 2059 723 2096 6)
809 2056 928 2096 loquar
943 2055 976 2085 Ρ
1045 2055 1253 2095 plagigerula
1266 2054 1370 2086 Bollze
1457 2055 1514 2086 vix

182 2103 375 2142 home-mum,
396 2101 619 2134 verisimilius
638 2099 824 2132 homullssm
922 2110 982 2138 154
1009 2100 1069 2130 etit
1085 2099 1134 2129 vel
1149 2099 1206 2130 efit
1224 2098 1256 2128 A
1340 2098 1510 2138 terginum

181 2147 243 2177 hoc
260 2146 312 2176 P:
339 2147 402 2177 hoc
420 2152 503 2185 terg.
524 2144 611 2177 codd.
630 2144 731 2174 Nouii
746 2154 806 2182 227
823 2155 828 2174 :
855 2143 1022 2183 terginum
1041 2150 1121 2181 gom.
1142 2142 1222 2181 hoc)
1241 2141 1273 2171 A
1372 2151 1430 2180 155
1454 2142 1510 2181 qui

181 2200 271 2221 nunc
287 2190 321 2220 P
338 2190 412 2231 (pro
428 2190 617 2229 quinnuuc3
723 2188 787 2228 sic]
806 2187 833 2218 si
847 2187 880 2216 A
1039 2187 1100 2226 156
1125 2196 1177 2216 me
1195 2190 1228 2216 et
1246 2185 1348 2226 quae]
1368 2195 1510 2224 meeque

181 2233 221 2272 Ρ,
241 2238 276 2264 ut
292 2233 355 2264 vicl.
444 2233 563 2272 loquar
579 2232 611 2262 A
617 2256 624 2271 ,
644 2230 701 2261 sed
716 2231 833 2270 loqufir
849 2230 992 2271 displicet
1114 2238 1173 2269 157
1199 2230 1287 2268 ἰείη-ς
1304 2228 1337 2258 Α
1428 2229 1510 2259 ahe-

181 2288 270 2308 mum
284 2277 316 2307 A
407 2287 514 2315 coquo
534 2275 663 2316 (0060)]
684 2275 749 2306 cito
763 2275 796 2305 Ρ
885 2273 1008 2313 158-81
1030 2277 1138 2313 panca
1155 2273 1312 2314 leguntur
1322 2272 1354 2302 A
1449 2273 1510 2312 158

181 2321 231 2362 te]
258 2331 295 2352 se
318 2321 351 2350 A
467 2330 528 2360 159
550 2329 685 2359 quoque
711 2318 793 2349 estis
816 2317 917 2348 delevi
939 2318 994 2354 (iv.
1023 2317 1057 2357 2)
1077 2316 1125 2357 (A
1144 2327 1175 2347 n.
1196 2315 1232 2356 l.)
1322 2315 1510 2357 —(plagi)s

180 2364 289 2403 influe
300 2374 412 2395 versus
429 2363 461 2394 A
480 2367 517 2394 ut
532 2362 593 2394 vid.
616 2365 639 2396 ’,ἓ
652 2363 670 2393 ι’.
685 2372 709 2393 e.
730 2372 849 2393 omnes
867 2360 991 2401 plagis)
1095 2361 1157 2390 160
1181 2369 1284 2399 opera
1305 2357 1415 2402 (ego)
1434 2364 1511 2390 utor

181 2407 361 2439 Hermann
497 2407 556 2445 163
582 2397 627 2437 eo*
640 2406 672 2435 P
759 2409 912 2436 reuortar
923 2403 1050 2435 Ritsclzl
1064 2414 1070 2433 :
1095 2408 1252 2434 reuortor
1269 2402 1308 2443 Ρ,
1327 2403 1360 2433 A
1381 2414 1412 2434 n.
1433 2403 1453 2434 Ι.
