1731 2713
124 479 192 517 540

122 802 185 838 545

121 1131 188 1168 550

122 1456 186 1493 555

698 95 1045 133 TRINVMMVS
1482 95 1534 131 11.
1557 84 1602 131 iv

264 206 326 243 alii
350 218 391 244 se
410 207 657 256 suspendere.
719 218 781 243 em
805 218 909 243 nunc
932 204 994 242 hic
1015 205 1157 254 quoius
1177 213 1234 242 est

264 279 304 308 ut
325 272 374 309 ad
397 270 534 309 incitas
555 272 751 310 redactust
771 273 776 308 1
837 272 909 307 ΡΗ.
942 283 1064 320 apage
1085 283 1107 307 a
1130 283 1191 308 me
1213 269 1328 307 istum
1352 282 1485 319 agrum
1504 271 1510 307 1

263 336 324 374 ST.
358 335 480 385 magis
504 340 512 356 ‘
527 337 670 386 apage’
691 335 808 381 dieas,
834 334 863 372 si
886 335 1019 373 omnia
1039 333 1098 388 [a]
1122 348 1183 373 me
1205 335 1415 374 audiueris.

263 414 354 439 nam
372 401 575 451 fulguritae
597 408 686 439 sunt
707 402 878 438 alternae
905 399 909 451 Ι
936 400 1118 447 arbores3

264 480 352 505 sues
374 466 591 505 moriuntur
611 465 755 516 angina
782 465 786 516 Ι
811 479 1012 504 acerrume
1030 480 1038 512 g
1563 481 1621 511 ¹40

263 544 358 570 oues
379 531 538 569 scabrae
559 538 660 578 sunt,
685 538 763 568 tam
785 530 951 580 glabrae,
971 544 1045 577 em,
1069 543 1187 580 quam
1210 531 1344 569 haecst
1366 542 1516 568 manus.

262 603 345 635 tum
365 604 496 635 autem
519 598 716 643 Surorum,
739 597 853 646 genu’
874 596 983 646 quod
1004 595 1383 646 patientissumumst

260 661 478 708 hominum,
502 675 620 700 nemo
641 668 763 700 exstat
785 661 851 711 qui
873 660 925 699 ibi
947 674 1013 699 sex
1036 674 1189 700 menses
1211 660 1347 700 uixerit
1367 675 1374 698 :

261 726 313 765 ita
333 727 465 766 cuncti
486 726 677 766 solstitiali
700 727 838 765 morbo
859 726 1060 766 decidunt.

262 794 336 831 PH.
354 794 473 832 credo
490 807 563 843 ego
578 793 688 840 istuc,
706 792 884 840 Stasime,
903 791 956 830 ita
972 805 1080 840 esse3
1108 794 1177 831 sed
1195 794 1395 843 Campans
1411 805 1534 843 genus
1561 808 1617 839 ¹45

262 859 387 897 multo
407 860 594 897 Surorum
616 858 693 897 iam
714 857 855 897 antidit
877 857 1074 908 patientia.

261 924 330 962 sed
352 922 460 961 istest
480 936 570 973 ager
590 924 777 973 profecto,
801 930 843 961 ut
865 930 901 961 te
921 922 1056 961 audiui
1078 921 1197 972 loqui,

260 989 383 1026 malos
405 988 443 1026 in
465 1001 583 1038 quem
605 987 733 1026 omnis
755 987 912 1038 publice
934 987 1033 1025 mitti
1055 988 1180 1034 decet,

260 1053 360 1092 sieut
380 1054 667 1092 fortunatorum
689 1060 908 1091 memorant
929 1052 1088 1101 insulas.

261 1131 340 1168 quo
361 1118 493 1157 cuncti
513 1117 581 1169 qui
601 1125 770 1157 aetatem
792 1117 940 1168 egerint
961 1125 1066 1156 caste
1088 1131 1198 1156 suam
1559 1132 1621 1165 150

260 1183 500 1223 conueniant
518 1198 527 1231 3
557 1190 694 1222 eontra
714 1183 812 1222 istoc
834 1183 990 1222 detrudi
1012 1184 1212 1222 maleficos

259 1262 428 1299 aequom
450 1248 615 1295 uidetur,
639 1248 707 1298 qui
728 1248 889 1299 quidem
912 1247 1022 1287 istius
1043 1247 1091 1287 sit
1113 1248 1231 1287 modi.

259 1314 321 1352 ST.
355 1313 570 1364 hospitium
592 1320 650 1352 est
671 1313 903 1352 calamitatis
921 1328 928 1351 ι
958 1313 1054 1363 quid
1076 1312 1205 1351 uerbis
1227 1313 1376 1363 opust?

261 1381 442 1430 quamuis
464 1381 606 1418 malam
628 1393 709 1418 rem
731 1392 906 1429 quaeras,
930 1378 984 1417 illi
1005 1378 1183 1429 reperias.

263 1447 336 1483 PH.
369 1453 407 1484 at
428 1453 469 1484 tu
490 1446 620 1484 hercle
641 1453 679 1483 et
700 1444 754 1482 illi
776 1452 814 1483 et
834 1444 938 1483 alibi.
998 1445 1061 1483 ST.
1093 1458 1190 1483 caue
1211 1443 1263 1483 sis
1285 1444 1426 1483 dixeris
1558 1461 1618 1494 155

261 1524 323 1549 me
345 1510 415 1549 tibi
435 1510 578 1550 dixisse
599 1512 686 1549 hoc.
748 1512 822 1548 PH.
855 1509 984 1549 dixisti
1005 1523 1148 1549 arcano
1170 1509 1271 1549 satis.

260 1578 322 1615 ST.
354 1576 450 1627 quin
471 1575 699 1627 hicquidem
722 1575 830 1625 cupit
851 1575 960 1613 illum
981 1575 1032 1614 ab
1053 1590 1094 1614 se
1114 1575 1380 1623 abalienarier,

259 1641 291 1680 si
311 1655 430 1693 quem
450 1641 616 1692 reperire
637 1641 760 1692 possit
782 1641 891 1692 quoii
912 1654 955 1679 os
977 1641 1159 1680 sublimat.

261 1709 334 1746 PH.
369 1709 469 1746 meu’
501 1708 662 1758 quidem
694 1708 824 1746 hercle
860 1719 1077 1756 numquam
1111 1708 1186 1746 fiet.
1231 1708 1312 1747 ΒΤ.
1345 1707 1375 1745 si
1406 1706 1533 1757 sapies

1356 1771 1530 1822 quidem.

246 1880 309 1918 536
333 1878 441 1910 cuiust
465 1879 529 1917 tzsse.
547 1879 697 1920 quoiust)
722 1878 810 1910 codd.
837 1879 940 1910 Nonii
965 1889 1025 1918 123
1158 1887 1219 1917 537
1245 1878 1378 1916 incitast
1395 1878 1429 1916 (ι’.
1442 1888 1466 1908 e.
1486 1881 1534 1908 -ta

203 1926 255 1952 est
267 1923 293 1963 ἓ)
312 1923 468 1954 redactus
484 1922 517 1953 A
533 1934 540 1954 :
558 1923 679 1954 incitas
707 1923 784 1965 (pro
796 1928 878 1954 -tast
890 1924 916 1961 3)
931 1924 1091 1954 redactus
1108 1921 1142 1952 P
1156 1925 1228 1964 (pro
1246 1924 1365 1960 -tust3)
1383 1933 1390 1952 :
1415 1921 1534 1952 incitas

205 1966 361 1997 redactus
377 1970 428 1997 est
447 1966 534 1998 codd.
560 1965 665 1997 Nonii
751 1968 859 1998 istunc
875 1966 915 2006 P,
935 1966 1026 2007 qnod
1045 1966 1169 1997 Invitus
1187 1966 1288 1997 abieci.
1308 1964 1378 1997 vide
1401 1975 1439 1995 ne
1461 1975 1533 1995 con-

194 2008 300 2048 flatae
313 2010 380 2040 sint
393 2009 479 2041 duae
495 2009 638 2041 lectiones
646 2021 699 2052 ap.
719 2011 830 2042 istunc
846 2021 916 2050 agr.
929 2015 957 2041 et
971 2021 1024 2051 ap.
1042 2021 1061 2041 a
1078 2021 1132 2041 me
1149 2010 1249 2041 istum
1266 2019 1335 2049 agr.
1470 2009 1534 2048 538

203 2063 222 2083 a
238 2063 304 2085 om.
323 2053 372 2086 P:
388 2064 430 2084 ex
445 2053 670 2094 Kampmann
687 2055 768 2093 (vox
782 2054 919 2092 usitata)
1009 2064 1084 2085 mea
1100 2054 1174 2085 PCD
1305 2062 1369 2093 539
1392 2052 1534 2084 alternis

201 2095 360 2138 Spengel:
384 2097 467 2136 fort.
491 2098 642 2129 alternas
659 2098 766 2139 (adv.)
908 2108 973 2137 540
996 2108 1224 2130 macerrumae
1242 2096 1373 2128 Om'ons
1397 2096 1531 2135 (Journ.

203 2140 288 2172 Phil.
320 2150 367 2180 14,
400 2142 480 2180 703:
511 2152 705 2173 saeerrume
731 2143 842 2174 Havet
864 2142 956 2176 (Rev.
983 2141 1067 2172 Pln’l.
1100 2143 1197 2182 1896)
1339 2150 1398 2180 541
1419 2141 1534 2171 haecst

202 2188 407 2224 suspectum:
446 2185 528 2216 haec
560 2190 612 2216 est
642 2185 715 2216 PCD
742 2186 840 2225 (xhaec
863 2186 910 2218 Β)
936 2188 966 2216 et
984 2185 1066 2224 fort.
1094 2185 1146 2215 ΑΖ
1280 2195 1344 2224 542
1369 2183 1533 2224 pacientis

202 2238 275 2258 sum
308 2238 406 2259 mune
431 2228 492 2259 sim
515 2229 548 2260 P
570 2229 646 2269 (sim
674 2235 736 2270 pro
751 2234 803 2268 st;
829 2230 848 2260 i.
877 2239 904 2269 7,
931 2229 966 2270 2)
1057 2238 1120 2268 550
1143 2234 1287 2268 egerunt
1312 2234 1479 2259 castesum
1504 2227 1537 2258 P

203 2281 266 2311 552
280 2272 347 2303 sint
359 2271 390 2303 P
519 2282 580 2312 554
598 2273 646 2304 vel
662 2273 729 2305 illic
748 2274 808 2313 (lta
819 2273 927 2312 codd.)
1061 2273 1125 2311 556
1149 2273 1232 2304 dixti
1243 2283 1384 2303 arcanos
1395 2276 1486 2302 sates
1499 2271 1531 2302 A

202 2325 264 2354 557
293 2326 416 2355 apsesc
432 2315 466 2346 P
593 2318 656 2356 558
679 2317 794 2358 quem]
813 2317 948 2356 quidem
978 2315 1008 2346 Ρ
1107 2321 1225 2356 posset
1251 2316 1283 2347 Ρ
1368 2315 1458 2355 quoii
1476 2315 1531 2356 os]

204 2359 297 2389 cuius
315 2359 347 2389 P
473 2370 536 2400 559
561 2371 724 2400 nusquam
738 2361 770 2391 A
