1731 2713
671 130 959 168 POENVLVS
1394 129 1469 166 ΙΙΙ.
1491 130 1536 167 iii

147 242 221 281 (jo.
253 240 347 291 quin
370 241 497 279 hercle
517 239 694 289 accipere
714 246 755 277 tu
777 251 856 276 non
878 237 1002 276 mauis
1023 250 1140 287 quam
1162 250 1234 287 ego
1255 237 1357 275 dare.

149 309 252 345 Anv.
284 305 379 356 quid
401 304 430 343 si
452 318 664 344 euocemus
686 305 762 342 huc
784 304 884 341 foras
905 303 1213 353 Agorastoclem,

149 378 189 409 ut
210 370 316 422 ipsus
338 369 446 409 testis
467 370 514 408 sit
535 369 607 407 sibi
630 369 911 408 certissumus?
1491 384 1532 415 95

148 437 246 475 heus
267 443 318 482 tu,
342 435 409 485 qui
430 436 553 473 furem
575 442 718 484 captaS,
742 434 924 483 egredere
945 433 1064 480 ocius,

62 514 130 548 710
148 508 189 539 ut
210 507 291 539 tute
313 500 506 550 inspectes
526 512 662 538 aurum
684 498 815 537 lenoni
838 499 939 536 dare.

356 613 801 648 Arzoims‘rocLies
968 610 1261 645 Anvocmw
1492 608 1538 644 iv

468 675 857 714 COLLrssiscvs
971 674 1147 710 Lycvs

147 761 220 797 Ac.
245 758 353 808 Quid
369 759 456 796 est?
485 756 580 807 quid
598 756 725 803 uoltis,
742 757 888 794 testes?
918 757 1021 793 ADv.
1046 762 1180 805 specta
1194 755 1246 793 ad
1261 755 1472 792 dexteram.

147 826 226 864 tuo'
247 836 380 863 seruos
400 836 537 861 aurum
565 822 568 873 ἶ
597 822 667 872 ipsi
690 821 821 860 lenoni
844 821 963 860 dabit.

149 891 221 930 Co.
253 903 334 940 age,
358 888 492 938 accipe
515 889 590 926 hoc
612 887 686 926 sis:
717 887 804 926 heic
826 894 916 925 sunt
937 885 1129 924 numerati
1150 883 1257 924 aurei

148 953 309 994 trecenti
331 953 483 991 nummi
504 952 570 1003 qui
593 960 784 991 uocantur
805 951 1010 1002 Philippei.

8 1065 13 1068 ,
61 1033 126 1070 715
148 1019 239 1058 hinc
261 1032 323 1057 me
343 1031 507 1069 procura
522 1033 531 1066 ,-
561 1031 724 1068 propere
745 1018 865 1055 hosce
884 1016 1039 1066 apsumi
1060 1017 1163 1055 uolo.
1499 1030 1515 1060 5

149 1086 218 1123 Lv.
250 1085 390 1134 edepol
413 1082 537 1122 fecisti
558 1082 766 1133 prodigum
788 1095 969 1132 promum
992 1081 1073 1120 tibi.

146 1163 228 1200 age,
251 1162 385 1188 eamus
406 1149 518 1187 intro.
579 1149 650 1188 Co.
682 1155 721 1187 te
741 1161 893 1198 sequor.
955 1149 1024 1185 Lv.
1056 1159 1141 1197 age,
1161 1159 1243 1197 age,
1265 1146 1436 1192 ambula,

147 1215 201 1254 ibi
221 1228 321 1265 quae
342 1214 486 1253 relicua
507 1214 582 1252 alia
603 1213 876 1252 fabulabimur.

149 1282 219 1321 Co.
252 1281 391 1320 eadem
413 1280 579 1319 narrabo
600 1279 671 1318 tibi
691 1292 751 1317 res
773 1277 1033 1329 Spartiaticas.

61 1359 130 1394 720
148 1348 218 1385 Lv.
255 1345 350 1396 quin
380 1358 542 1396 sequere
572 1357 635 1383 me
664 1345 899 1394 ergo—Co.
939 1343 1070 1383 abduc
1100 1343 1213 1381 intro.
1271 1341 1475 1381 addictum
1499 1356 1537 1378 10

1299 1416 1478 1446 tenes.—

145 1480 219 1516 Aa.
253 1477 349 1527 quid
370 1490 475 1515 nunc
496 1476 549 1514 mi
569 1483 749 1514 auctores
770 1475 892 1514 estis?
939 1477 1043 1512 ADv.
1076 1482 1119 1513 ut
1138 1473 1236 1524 frugi
1258 1472 1343 1512 sies.

147 1545 220 1581 AG.
254 1542 349 1593 quid
370 1542 402 1581 si
421 1541 576 1580 animus
598 1555 681 1580 esse
702 1554 783 1579 non
805 1540 925 1579 sinit?
972 1542 1076 1578 ADV.
1110 1547 1195 1578 esto
1214 1546 1257 1577 ut
1278 1538 1378 1577 sinit.

147 1610 221 1646 AG.
254 1606 406 1646 uidistis
427 1609 518 1646 leno
538 1620 659 1656 quom
680 1619 818 1644 aurum
839 1604 1021 1655 accepit?
1067 1606 1172 1643 ADV.
1206 1603 1388 1643 uidimus.

148 1676 221 1712 AG.
254 1686 343 1712 eum
366 1686 437 1711 uos
458 1685 591 1711 meum
611 1684 696 1710 esse
717 1684 873 1709 seruom
894 1669 1028 1709 scitis?
1076 1672 1180 1708 ADV.
1213 1668 1410 1708 sciuimus.

62 1751 127 1790 725
147 1741 222 1778 AG.
254 1752 335 1778 rem
355 1739 546 1777 aduorsus
566 1735 702 1788 populi
722 1749 839 1786 saepe
859 1736 993 1786 leges?
1040 1737 1144 1773 ADV.
1177 1734 1373 1773 sciuimus.
1497 1749 1534 1781 15

148 1806 221 1842 Aa.
253 1818 317 1842 em
337 1803 457 1842 istaec
478 1804 571 1841 uolo
591 1815 683 1852 ergo
703 1814 775 1840 uos
796 1800 1115 1840 commeminisse
1135 1798 1278 1846 omnia,

147 1884 238 1909 mox
257 1871 308 1909 ad
328 1877 546 1920 praetorem
569 1881 689 1919 quom
712 1880 804 1906 usus
825 1866 968 1905 ueniet.
1028 1868 1132 1904 ADv.
1166 1862 1429 1904 meminimus.

147 1937 221 1973 Ao.
254 1934 349 1985 quid
371 1934 401 1973 si
423 1933 568 1974 recenti
590 1946 629 1972 re
649 1932 757 1972 aedis
778 1933 958 1983 pultem?
1005 1933 1108 1969 ADV.
1141 1943 1296 1969 censeo.

147 2002 221 2039 AG.
254 1999 285 2039 si
305 2001 466 2051 pultem,
488 2013 571 2038 non
591 1999 794 2038 recludet?
842 1999 945 2036 ADv.
978 2009 1121 2047 panem
1142 1994 1319 2046 frangito.

193 2107 257 2145 706
280 2105 346 2145 Qui
364 2104 397 2136 P
480 2104 650 2145 posthunc
665 2115 693 2135 v.
712 2106 867 2135 secuntur
881 2103 913 2133 iu
930 2101 965 2133 P
980 2112 1027 2132 vv.
1049 2111 1121 2141 720,
1144 2111 1216 2140 707,
1233 2101 1310 2140 708,
1324 2098 1356 2129 in
1370 2098 1403 2130 A
1422 2108 1471 2130 vv.

151 2161 223 2191 707,
251 2160 314 2189 720
337 2149 417 2188 (om.
444 2149 496 2180 ad.
524 2149 598 2186 te),
628 2158 701 2187 730,
731 2147 816 2186 708;
847 2145 961 2178 scilicet
983 2144 1197 2176 decurtcmdae
1220 2153 1353 2174 scaenae
1374 2152 1475 2173 causa

149 2204 262 2226 versus
277 2203 310 2224 tn
328 2193 479 2234 margine
495 2192 647 2233 adscripti
660 2195 754 2222 crant
886 2190 1015 2229 708-45
1039 2188 1126 2219 deest
1138 2187 1171 2218 A
1320 2196 1381 2225 7ῐο
1405 2184 1473 2216 dari

153 2238 246 2278 (wei)
264 2236 397 2276 Bentley
528 2246 590 2275 712
614 2233 723 2277 (iam)
739 2233 804 2274 ipsi
825 2233 979 2274 Geppert:
998 2232 1080 2272 sort.
1099 2230 1199 2274 (ubi)
1216 2230 1278 2270 ipsi
1382 2229 1474 2260 dabit

151 2280 291 2321 Pylades
307 2292 314 2311 z
338 2280 439 2310 dabat
455 2277 520 2309 cod.
656 2287 717 2318 7¹3
741 2277 794 2308 hic
811 2277 886 2308 Ital.
901 2288 908 2309 ε
942 2286 979 2307 se
995 2277 1026 2307 ic
1042 2275 1108 2308 cod.
1244 2284 1305 2313 714
1330 2271 1473 2313 philippi

151 2324 216 2357 cod.
235 2325 270 2365 (i.
291 2323 324 2363 7)
437 2324 498 2361 718
521 2322 633 2362 ibique
651 2332 674 2353 r.
695 2321 760 2352 cod.
852 2331 915 2360 720
939 2320 991 2361 (cf.
1008 2318 1056 2351 ad
1070 2318 1146 2358 706)
1268 2315 1365 2358 ergo]
1385 2316 1473 2346 intro

150 2367 238 2400 codd.
256 2368 289 2398 in
301 2367 409 2408 pn'ore
425 2366 490 2396 loco
593 2364 718 2406 abduc]
737 2365 802 2395 duc
819 2375 873 2395 me
890 2374 971 2404 ergo
991 2362 1080 2394 codd.
1099 2361 1172 2393 ibid.
1322 2370 1381 2400 721
1407 2360 1475 2390 sies

148 2412 222 2444 Ital.
242 2423 248 2442 :
273 2421 352 2451 spes
369 2409 436 2441 cod.
557 2419 618 2448 722
641 2406 731 2451 (ita)
747 2412 784 2439 ut
800 2407 938 2438 Mueller
1058 2417 1118 2446 724
1143 2404 1304 2436 sciuimus
1323 2404 1475 2435 Camera-

150 2456 219 2487 rius
235 2466 242 2486 π
267 2455 390 2487 scimus
407 2452 472 2484 cod.
609 2462 670 2492 727
694 2462 794 2492 quom
812 2452 852 2482 ad
871 2455 1063 2491 praetorem
1083 2449 1149 2480 cod.
1168 2461 1175 2480 ε
1199 2449 1270 2479 trae'.
1293 2448 1428 2489 Geppert
