1783 2707
156 127 226 164 IV.

196 515 236 537 20

198 1165 240 1197 30

201 1492 241 1525 35

166 1785 244 1823 viii

249 126 311 163 vii
667 125 713 161 T.
748 122 929 162 MACCI
961 121 1165 159 PLAVTI

360 233 455 272 mibi
478 232 597 272 istae'c
618 232 774 272 uidetur
795 232 942 282 praeda
962 230 1193 281 praedatum
1214 228 1312 276 irier‚

358 308 400 338 ut
422 313 512 338 cum
534 298 681 337 maiore
702 299 796 336 dote
816 296 932 334 abeat
953 309 1071 345 quam
1093 294 1307 332 aduenerit.

360 378 484 414 egone
506 372 547 402 ut
568 364 677 414 quod
698 363 749 401 ad
771 375 833 400 me
854 362 1028 399 adlatum
1051 372 1135 397 esse
1155 358 1326 396 alienum
1348 358 1467 396 sciam

362 431 516 468 celem?
547 428 709 466 minime
730 427 829 465 istuc
851 425 967 463 faciet
987 431 1120 462 noster
1142 425 1377 461 Daemones.
1603 429 1690 466 1245

363 507 517 544 semper
538 506 677 531 cauere
698 493 774 530 hoc
797 489 983 540 sapientis
1004 488 1337 538 aequissumumst

363 574 413 599 ne
433 558 581 598 conscii
602 557 678 596 sint
699 556 772 607 ipsi
795 554 963 594 malefici
984 554 1074 592 suis.

362 639 435 675 ego
457 623 552 663 mibi
574 622 770 662 conlusim
792 621 846 659 nil
868 634 999 659 moror
1020 621 1143 658 ullum
1163 620 1325 657 lucrum.

362 693 438 730 GR.
471 688 646 740 spectaui
668 701 740 738 ego
762 687 915 738 pridem
938 685 1112 724 comicos
1133 686 1183 724 ad
1204 685 1332 723 istt'mc
1353 685 1517 723 modum

361 755 556 806 sapienter
576 753 681 793 dicta
701 752 842 799 dicere,
866 759 985 801 atque
1005 750 1036 788 is
1057 750 1245 800 plaudier,
1607 757 1696 794 1250

363 834 484 871 quom
506 820 592 858 illos
613 817 799 869 sapientis
823 830 952 855 mores
975 816 1246 854 monstrabant
1267 816 1410 865 poplo:

363 887 432 925 sed
454 899 575 936 quom
596 884 690 923 inde
711 897 822 922 suam
846 881 1014 932 quisque
1036 880 1145 919 ibant
1165 880 1312 919 diuorsi
1333 881 1508 926 domum,

362 952 492 990 nullus
513 957 594 989 erat
615 949 682 988 illo
703 956 819 999 pacto
842 955 885 985 ut
906 946 961 984 illi
982 945 1183 984 iusserant.

366 1018 442 1055 DA.
473 1015 539 1054 abi
559 1015 675 1062 intro,
697 1028 746 1053 ne
770 1013 984 1060 molestu’s,
1006 1011 1162 1061 linguae
1182 1018 1365 1061 tempera.

365 1095 438 1132 ego
460 1080 529 1120 tibi
551 1082 712 1119 daturus
734 1078 831 1116 nibil
856 1091 957 1125 sum,
978 1090 1029 1115 ne
1050 1084 1091 1114 tu
1112 1077 1250 1114 frustra
1271 1075 1331 1114 sis.
1610 1086 1694 1123 1253

368 1149 444 1186 GR.
476 1154 515 1185 at
536 1159 609 1196 ego
629 1146 725 1184 deos
748 1143 896 1194 quae'so
918 1149 971 1189 ut,
995 1140 1190 1192 quidquid
1211 1140 1250 1178 in
1271 1140 1337 1178 illo
1358 1140 1541 1187 nidulost,

367 1212 398 1251 si
418 1226 567 1259 aurum,
591 1210 622 1249 si
642 1217 847 1260 argentum
871 1216 943 1256 est,
965 1220 1083 1246 omne
1105 1206 1144 1245 id
1166 1214 1207 1244 ut
1228 1207 1293 1244 fiat
1314 1205 1479 1244 cinis.—

369 1280 444 1317 DA.
478 1277 570 1315 illuc
590 1283 648 1315 est
669 1276 777 1326 quod
801 1287 873 1313 nos
895 1286 1067 1323 nequam
1089 1271 1209 1311 seruis
1230 1270 1385 1309 utimur.

366 1358 458 1382 nam
479 1342 557 1381 illic
578 1355 669 1381 cum
692 1354 805 1379 seruo
829 1339 861 1378 si
882 1352 962 1390 quo
983 1350 1214 1389 congressus
1236 1338 1344 1384 foret,

367 1417 406 1448 et
426 1409 556 1460 ipsum
576 1420 661 1446 sese
682 1414 720 1445 et
741 1405 851 1444 illum
873 1404 963 1443 furti
984 1403 1212 1453 astringeret
1227 1417 1237 1451 3
1613 1401 1702 1438 1260

368 1477 465 1514 dum
485 1475 672 1525 praedam
694 1471 840 1510 habere
863 1484 903 1509 se
925 1476 1113 1517 censeret,
1136 1468 1290 1507 interim

369 1543 515 1592 praeda
534 1540 642 1591 ipsus
664 1546 779 1586 esset,
802 1538 948 1588 praeda
969 1537 1155 1586 praedam
1177 1536 1347 1574 duceret.

370 1620 477 1645 nunc
497 1606 590 1644 hinc
610 1605 713 1643 intro
735 1603 801 1642 ibo
824 1610 862 1641 et
884 1601 1138 1648 sacruficabo,
1160 1600 1306 1651 postibi

370 1672 518 1711 iubebo
539 1670 654 1710 nobis
676 1682 816 1709 cenam
841 1667 1032 1706 continuo
1054 1666 1240 1717 coqui.—

515 1783 894 1819 PLESIDIPPVS
1005 1778 1343 1814 TRACHALIO

263 1866 330 1903 PL.
364 1865 513 1903 Iterum
531 1861 627 1900 mihi
648 1861 768 1899 istaec
786 1859 920 1898 omnia
940 1858 1047 1905 itera,
1066 1857 1119 1896 mi
1135 1857 1277 1905 anime,
1296 1856 1349 1895 mi
1370 1855 1589 1903 Trachalio,
1616 1857 1702 1903 1265

263 1929 317 1967 mi
337 1929 484 1975 liberte,
509 1927 562 1965 mi
583 1934 747 1977 patrone
768 1924 910 1975 potius,
934 1924 1057 1962 immo
1079 1922 1131 1961 mi
1152 1930 1271 1973 pater.

262 1993 432 2044 repperit
461 2000 610 2043 patrem
643 1992 840 2029 Palaestra
869 2002 983 2028 suom
1011 1995 1130 2038 atque
1155 1989 1350 2026 matrem?
1406 1989 1482 2025 TR.
1514 2000 1596 2037 rep-

1483 2059 1592 2102 perit.

311 2173 403 2201 1242,
426 2173 506 2201 1243
525 2163 583 2202 ire,
605 2162 653 2192 uti
676 2160 813 2204 (Hinc)
838 2172 912 2192 cum
941 2161 981 2201 (2)
1002 2160 1066 2191 Leo
1170 2169 1249 2198 1247
1275 2158 1417 2188 malefici
1435 2157 1593 2196 Pylades:

266 2206 441 2237 maleficiis
468 2205 533 2237 cod.
704 2207 786 2244 1248
811 2205 891 2235 mibi
911 2204 1075 2235 conlusim
1092 2203 1188 2233 Exon
1204 2214 1210 2233 ε
1236 2203 1316 2232 mihi
1337 2212 1410 2232 cum
1428 2201 1489 2231 lusi
1507 2199 1572 2231 cod.
1589 2211 1595 2230 ε

265 2250 479 2290 cogitaveram
497 2250 535 2280 de
552 2250 633 2280 nihil
652 2249 780 2280 conlusi
916 2258 994 2287 1251
1023 2248 1230 2277 monstrabat
1246 2246 1310 2276 cod.
1329 2257 1334 2275 :
1361 2255 1437 2275 corr.
1458 2243 1597 2283 Pylades

267 2293 370 2333 poplo
396 2294 550 2334 (populo)
577 2293 678 2324 stab:
713 2292 805 2332 potio
832 2291 896 2322 cod.
992 2301 1074 2329 1252
1098 2291 1148 2321 vel
1170 2289 1235 2320 ind'
1331 2299 1409 2327 1254
1434 2288 1597 2318 molestus

270 2338 323 2375 (sc.
342 2337 403 2375 sis)
422 2338 481 2367 alii
614 2346 697 2375 1259
721 2346 764 2366 an
783 2336 972 2366 conseruo?
1110 2335 1193 2365 1260
1218 2333 1293 2363 forti
1311 2332 1376 2363 cod.
1515 2331 1599 2360 1266

268 2380 368 2411 immo
388 2382 500 2420 potius
517 2379 583 2411 cod.
600 2391 605 2409 ε
633 2379 704 2410 irai.
730 2378 820 2415 Reiz,
840 2378 957 2419 Speclzt
976 2377 1033 2408 ‘de
1050 2378 1154 2408 immo
1164 2376 1327 2417 particula
1340 2375 1347 2387 '
1365 2386 1395 2415 p.
1417 2385 1459 2413 49

978 2519 999 2530 κ
