1783 2707
167 140 236 178 IV.

199 580 241 611 60

259 141 304 176 vi
682 141 727 177 T.
762 139 941 178 MACCI
974 138 1176 175 PLAVTI

264 251 331 287 ΡΥ.
355 249 569 287 leuandum
585 247 766 285 morbum
784 244 935 284 mulieri
952 244 1081 283 uideo.
1131 246 1203 281 M1.
1227 250 1269 281 ut
1286 241 1439 280 tremit!
1470 250 1588 292 atque

1398 305 1585 352 extimuit,

260 386 471 428 postquam
502 385 539 415 te
563 376 721 426 aspexit.
794 377 860 412 ΡΥ.
893 373 965 412 uiri
997 387 1156 423 quoque
1186 371 1324 410 arma'tti
1353 371 1459 410 idem
1489 371 1587 409 istuc

1427 436 1585 480 faciunt,

261 521 310 546 ne
332 515 373 546 tu
395 506 532 545 mirere
554 506 767 544 mulierem.
806 506 875 542 sed
893 503 989 553 quid
1008 502 1083 554 <est
1101 500 1227 553 quod>
1247 503 1328 539 uolt
1350 514 1412 539 me
1433 501 1588 538 facere?

264 574 335 611 M1.
385 573 436 610 ad
485 585 525 609 se
565 579 606 609 ut
645 584 732 608 eas:
782 577 913 607 tecum
961 567 1093 606 uiuere'
1142 568 1225 606 uolt
1263 573 1381 616 atque
1419 572 1587 603 aetatem

1425 629 1586 679 exigere.

263 703 329 741 ΡΥ.
362 716 462 753 egon
484 701 533 740 aid
556 701 660 739 illam
682 714 767 738 eam
790 713 890 749 quae
916 705 1038 748 nupta
1065 696 1144 735 sit?
1174 695 1232 735 uir
1256 695 1338 734 eius
1366 709 1428 733 me
1456 695 1589 744 depre-

1427 760 1585 798 hendat.

263 835 338 872 M1.
368 832 463 883 quin
485 840 551 871 tua
571 845 707 870 caussa
729 829 855 880 exegit
875 828 1001 867 uirum
1026 828 1076 866 ab
1102 841 1152 865 se.
1214 828 1281 864 ΡΥ.
1314 824 1380 875 qui
1402 824 1441 863 id
1463 825 1588 862 facere

1431 888 1589 939 potuit?

264 966 336 1002 M1.
361 961 485 1016 [quia]
500 963 617 1001 aedes
634 960 776 1000 dotalis
793 959 913 998 huiiu'
930 966 1031 998 sunt.
1074 960 1141 996 ΡΥ.
1166 956 1301 996 itane?
1342 957 1414 993 M1.
1438 954 1490 992 ita
1511 955 1586 1004 pol.

1125 1025 1192 1060 ΡΥ.
1225 1022 1316 1060 iube
1337 1022 1500 1060 domum
1522 1019 1586 1058 ire.

262 1095 338 1133 iam
360 1108 432 1144 ego
454 1093 506 1132 illi
528 1107 603 1132 ero.
666 1093 738 1130 M1.
771 1091 863 1130 uide
884 1089 933 1128 ne'
955 1089 1029 1128 sies
1050 1088 1089 1126 in
1111 1086 1412 1138 exspectatione,

229 1180 239 1188 -
263 1174 311 1198 ne
344 1160 449 1198 illam
484 1157 604 1196 animi
639 1156 846 1196 excrucies.
908 1157 975 1193 ΡΥ.
1012 1168 1092 1192 non
1125 1166 1190 1192 ero
1225 1153 1410 1202 profecto.
1470 1149 1586 1188 abite.

1262 1219 1334 1256 M1.
1367 1216 1589 1255 abimus.—

263 1292 330 1329 ΡΥ.
363 1291 432 1329 sed
464 1289 560 1340 quid
595 1302 667 1339 ego
701 1287 851 1327 uideo?
909 1288 976 1324 PA.
1010 1284 1106 1335 quid
1142 1283 1283 1322 uides?
1341 1284 1409 1320 ΡΥ.
1441 1281 1589 1321 nescio-

1176 1348 1263 1399 quis
1284 1361 1421 1387 eccum
1443 1346 1590 1386 incedit

262 1428 399 1460 ornatu
422 1420 582 1470 quidem
605 1417 824 1472 thalassico.
886 1418 954 1454 ΡΑ.
988 1415 1016 1454 it
1036 1416 1086 1454 ad
1108 1428 1191 1462 nos,
1215 1415 1298 1452 uolt
1319 1421 1356 1452 te
1378 1414 1564 1463 profecto.

262 1488 464 1525 nauclerus
486 1473 713 1534 hicquidem
735 1490 803 1521 est.
864 1483 931 1519 ΡΥ.
965 1479 1149 1519 uidelicet
1178 1478 1340 1517 accersit
1370 1479 1472 1515 hanc
1499 1477 1587 1516 iam.

1358 1545 1425 1581 PA.
1458 1544 1589 1582 credo.

306 1666 386 1695 1272
411 1660 446 1687 ut
463 1654 577 1686 tremit
599 1652 795 1684 Hermann:
825 1651 959 1693 [uiden]
982 1656 1018 1682 ut
1041 1651 1154 1683 tremit
1180 1652 1313 1693 (iubent
1330 1649 1457 1681 adirem
1475 1648 1526 1687 Β;
1551 1649 1587 1688 (f.

260 1700 307 1731 ad
323 1702 417 1740 1273)
431 1699 494 1730 cod.
517 1699 561 1737 rii.
580 1699 616 1733 6)
755 1705 837 1736 1273
859 1699 932 1734 post
947 1695 1073 1726 faciunt
1089 1696 1238 1735 sequitur
1253 1695 1328 1725 iube
1342 1694 1474 1724 domum
1492 1693 1539 1724 ire
1557 1693 1590 1723 in

260 1745 293 1775 P
314 1749 395 1784 (non
421 1743 454 1773 in
476 1742 507 1772 A
536 1745 572 1771 ut
601 1740 690 1778 vid),
712 1750 794 1779 quae
825 1740 920 1770 verba
957 1740 1173 1770 retractamus
1203 1739 1312 1778 fuisse
1336 1737 1425 1768 credo
1449 1736 1507 1777 qui
1538 1746 1604 1768 vv„

263 1788 390 1828 1272—8
417 1787 560 1816 onfu'tlere
581 1784 704 1815 voluit:
729 1782 799 1822 del„
826 1787 864 1813 ut
884 1794 923 1813 ex
939 1794 966 1814 v.
994 1785 1073 1823 1278
1098 1783 1198 1823 illata,
1219 1781 1394 1813 Acidalius
1509 1790 1589 1820 1274

262 1831 411 1874 [melius]
440 1829 613 1859 mulierem
640 1826 705 1858 cod.
737 1827 793 1866 (ἦν.
821 1829 881 1865 3);
907 1827 1027 1858 melius
1058 1827 1115 1858 del.
1143 1827 1301 1857 Gm'etns:
1326 1827 1399 1856 eius
1424 1824 1500 1855 mul.
1526 1823 1591 1855 Lco

261 1881 312 1907 est
333 1874 422 1915 quod
439 1871 554 1903 addidi
586 1872 630 1902 iii.
654 1873 727 1908 11);
755 1881 784 1909 q.
804 1869 904 1914 (illa)
923 1870 1049 1902 thsclzl
1140 1876 1307 1902 metacere
1328 1872 1394 1911 (me
1413 1868 1530 1899 tacerit
1547 1868 1587 1906 B,

261 1924 328 1950 met
345 1929 445 1958 agere
460 1916 566 1955 PCDJ:
583 1926 675 1958 -cere
693 1915 725 1944 A
846 1925 926 1955 1275
950 1917 991 1946 ad
1009 1917 1070 1947 sed
1089 1926 1147 1947 eas
1169 1914 1202 1944 Β
1219 1916 1289 1955 (vix
1305 1914 1393 1954 recte)
1511 1913 1591 1950 1276

260 1965 301 1994 ad
321 1974 386 1994 om.
410 1961 480 1991 PCD
593 1971 644 1990 me
662 1961 897 2001 deprehendat
916 1958 1045 1993 Loewe:
1071 1972 1126 2002 me
1140 1985 1146 1992 ,
1160 1984 1167 1992 .
1185 1984 1191 1991 .
1206 1983 1212 1990 .
1227 1984 1234 1990 .
1253 1985 1259 1991 ,
1276 1960 1332 1990 dat
1356 1958 1388 1987 A
1407 1969 1413 1988 :
1440 1961 1591 1987 metuere

260 2008 405 2038 hendast
435 2005 650 2045 (metuendus
679 2010 731 2036 est
760 2007 805 2040 Β)
835 2005 887 2035 P:
910 2005 995 2035 ·med
1022 2009 1058 2035 ut
1085 2005 1227 2045 prendat
1250 2002 1470 2042 (prehendat)
1497 1999 1592 2031 Gortz

198 2070 202 2072 Α
264 2061 344 2091 1277
370 2051 477 2090 exigit
489 2049 553 2081 [στί.
648 2062 717 2082 ase
736 2050 882 2081 Merula:
921 2049 1092 2090 asse[qui]
1122 2048 1223 2087 (PCD)
1249 2047 1296 2077 vel
1317 2045 1506 2086 obse[quit]
1528 2044 1589 2081 (B)

260 2095 325 2126 cod.
341 2095 398 2133 (iv.
409 2095 444 2134 3)
531 2096 610 2136 quid
624 2098 632 2126 3
660 2096 715 2136 qui
729 2096 760 2126 id
776 2095 989 2125 Camerarius
1095 2093 1177 2131 1278
1200 2091 1277 2130 quia
1291 2090 1402 2129 (ett'am
1412 2088 1445 2118 A
1461 2091 1496 2118 ul
1509 2087 1589 2122 vids)

261 2138 318 2169 del.
346 2138 426 2169 Reiz
445 2140 499 2180 (cf.
519 2139 565 2170 ad
582 2141 672 2180 7523.
721 2138 830 2179 Neque
856 2138 933 2177 quia
962 2136 1065 2167 aedes
1082 2136 1186 2177 placet
1206 2144 1305 2174 neque
1325 2134 1359 2163 in
1385 2136 1501 2173 quarto
1516 2130 1592 2171 pede

261 2183 360 2214 huius
391 2188 470 2214 sunt
520 2206 522 2208 -
581 2184 658 2214 iube
686 2183 804 2213 Wefse:
831 2182 940 2212 iubam
967 2179 1052 2211 cod.:
1077 2179 1156 2218 fort.
1184 2178 1283 2208 iuben
1420 2186 1501 2215 1279
1526 2175 1589 2204 iam

261 2226 363 2258 Bothe
378 2239 385 2258 :
409 2229 487 2259 itam
505 2227 570 2259 cod.
666 2228 698 2257 in
717 2238 771 2258 ex.
789 2226 861 2256 Ital.
878 2237 884 2255 z
910 2223 1155 2262 inspectatione
1175 2220 1445 2261 (exspectatione
1461 2219 1505 2248 B>
1523 2217 1589 2249 cod.

262 2281 303 2303 ne
320 2272 367 2302 sis
385 2272 446 2311 (ita
461 2271 546 2309 cod.)
564 2269 655 2312 (illi)
673 2271 705 2300 in
721 2281 773 2301 ex.
793 2268 930 2299 Mueller
945 2267 1075 2306 (le'u.
1097 2265 1184 2296 Μηε.
1205 2275 1255 2304 54,
1276 2264 1355 2302 400)
1460 2263 1540 2292 1282
1566 2261 1590 2291 it

261 2315 304 2344 ad
321 2325 383 2345 nos
405 2315 504 2346 Bm'x:
532 2315 596 2345 iam
609 2314 802 2354 (proitan2)
822 2322 888 2342 non
911 2310 976 2342 cod.
1082 2310 1162 2348 1283
1187 2309 1272 2339 hanc
1289 2309 1361 2338 iam.
1401 2306 1460 2336 PA.
1489 2305 1589 2336 credo

264 2357 328 2389 Leo
339 2361 414 2399 post
431 2358 512 2389 alios
528 2369 534 2389 :
555 2358 639 2388 hanc
654 2376 694 2380 —
711 2356 743 2386 Α
763 2367 770 2387 :
796 2356 857 2386 hac
872 2354 948 2386 itam
969 2352 1053 2395 [hic]
1071 2353 1172 2383 credo
1189 2351 1222 2382 P

983 2522 1004 2532 A

1611 574 1697 609 1275

1612 1148 1702 1183 1280
