1731 2713
75 875 163 910 1290

75 1228 159 1264 1295

74 1876 159 1912 1305

588 131 759 169 MILES
789 129 1101 169 GLORIOSVS
1439 129 1506 167 IV.
1531 128 1591 165 vii

435 317 779 352 Pliizvsicllus
893 316 1254 350 1'.x1,.x1⁴2s'1'R10
1528 314 1587 350 vii

577 381 1092 416 Ργκιιονοιγκιεκε

294 470 357 505 Ρῐ,.
392 467 523 505 Alium
545 467 622 505 alio
644 474 759 517 paeto
781 474 938 516 propter
959 479 1133 503 amorem
1157 465 1195 503 ni
1217 464 1337 503 sciam

290 532 426 570 secisse
448 534 569 570 multa
591 531 778 581 nequiter,
801 544 936 569 uerear
957 530 1078 580 magis

292 611 354 636 me
374 596 516 635 amoris
538 610 674 635 caussa
694 594 807 647 (huc)
827 597 904 634 hoc
925 603 1064 634 ornatu
1086 594 1279 633 incedere.

290 676 425 700 uerum
447 675 567 712 quom
590 662 733 699 multos
756 662 879 698 multa
898 660 1069 699 admisse
1092 659 1308 709 acceperim

289 727 496 766 inhonesta
516 734 673 777 propter
693 740 868 764 amorem
889 733 1007 776 atque
1028 725 1155 763 aliena
1174 738 1196 762 a
1219 725 1332 762 bonis
1349 738 1356 762 ε
1531 741 1547 772 5

289 792 401 830 mitto
422 792 511 839 iam,
534 799 575 830 ut
596 791 722 830 occidi
746 791 920 829 Achilles
942 790 1038 829 ciuis
1060 803 1196 841 passus
1218 797 1330 828 est—

288 859 358 896 sed
378 860 515 896 eccum
539 856 855 904 Palaestrionem,
880 864 955 895 stat
976 869 1065 894 cum
1088 854 1224 893 militi:

288 923 411 962 oratio
431 923 507 962 alio
529 922 624 961 mihi
645 923 925 961 demutandast
947 935 1043 960 mea.

289 1015 426 1054 mulier
446 1017 622 1066 profecto
644 1022 769 1053 natast
792 1028 837 1053 ex
858 1014 943 1065 ipsa
965 1016 1079 1053 Mora
1096 1028 1104 1060 ;

289 1095 380 1119 nam
405 1080 566 1130 quaeuis
588 1080 672 1127 alia,
698 1094 799 1130 quae
823 1088 969 1119 morast
991 1092 1128 1129 aeque,
1153 1092 1261 1117 mora
1531 1097 1569 1119 10

289 1146 416 1185 minor
436 1160 481 1184 ea
502 1146 657 1185 uidetur
678 1160 796 1196 quam
819 1159 920 1196 quae
941 1153 1099 1195 propter
1120 1144 1370 1183 mulieremst.

288 1213 364 1250 hoc
385 1213 485 1251 adeo
506 1210 587 1250 fieri
608 1212 726 1250 credo
749 1209 1047 1249 consuetudine.

288 1291 378 1315 nam
400 1290 472 1327 ego
493 1278 594 1315 hanc
615 1290 773 1315 accerso
797 1275 1144 1314 Philocomasium.
1203 1275 1272 1313 sed
1293 1276 1395 1313 fores

286 1342 459 1392 pultabo.
501 1343 609 1388 heus,
619 1341 753 1391 ecquis
769 1340 832 1379 hie
847 1342 928 1379 est?
970 1342 1037 1378 ΡΑ.
1062 1341 1305 1386 adulescens,
1317 1338 1412 1389 quid
1427 1340 1508 1377 est?

287 1406 381 1457 quid
400 1405 513 1444 ueis?
537 1406 632 1456 quid
654 1407 814 1456 pultas?
866 1407 933 1443 PL.
963 1403 1296 1443 Philocomasium
1318 1403 1504 1454 quaerito.
1533 1416 1568 1448 ¹5

285 1485 308 1510 a
328 1479 448 1510 matre
469 1471 571 1510 illius
592 1470 720 1510 uenio.
784 1472 815 1509 si
836 1470 981 1517 iturast,
1005 1478 1077 1509 eat.

286 1537 413 1576 omnis
435 1543 606 1575 moratur
626 1551 632 1574 :
663 1536 796 1574 nauim
820 1535 999 1586 cupimus
1020 1536 1182 1574 soluere.

287 1604 354 1640 Pv.
387 1601 463 1640 iam
485 1602 638 1640 dudum
660 1615 718 1640 res
741 1609 921 1652 paratast.
980 1600 1002 1647 i,
1027 1599 1249 1647 Palaestrio,

285 1679 434 1714 aurum,
457 1674 698 1714 ornamenta,
724 1674 886 1713 uestem,
910 1665 1078 1716 pretiosa
1100 1664 1233 1704 onmia

286 1733 363 1770 duc
383 1731 581 1770 adiutores
603 1739 733 1770 tecum
759 1733 810 1770 ad
832 1731 963 1769 nauim
986 1730 1052 1781 qui
1074 1732 1208 1768 ferant.
1242 1739 1250 1743 ’
1531 1745 1571 1766 20

287 1796 421 1835 omnia
440 1796 659 1847 composita
683 1804 773 1835 sunt
796 1810 896 1846 quae
918 1795 1064 1834 donaui
1083 1811 1088 1833 :
1119 1796 1277 1833 auferat.

289 1864 357 1900 PA.
390 1864 576 1901 eo.—PL.
609 1875 756 1912 quaeso
786 1862 915 1899 hercle
942 1874 1116 1911 propera.
1177 1862 1245 1897 Px:
1277 1873 1357 1898 non
1386 1873 1508 1897 mora-

1391 1924 1504 1963 bitur.

287 1993 382 2044 quid
403 1993 512 2041 istuc,
536 2007 683 2044 quaeso
700 1995 715 2031 ?
745 1992 840 2043 quid
861 1993 977 2031 oculo
998 1993 1181 2030 factumst
1201 1993 1301 2029 tuo?

226 2098 307 2137 1284
332 2098 478 2130 nesciam
490 2098 555 2130 cod.
667 2098 859 2137 1285-1303
877 2102 984 2138 pauca
1002 2097 1036 2126 in
1053 2096 1152 2126 mitiis
1162 2094 1316 2125 cxtantA
1425 2095 1508 2125 1286

180 2142 245 2174 huc
261 2141 338 2174 add.
356 2142 494 2173 Mueller
509 2141 638 2174 <Rham
657 2141 745 2172 Mus.
767 2151 820 2180 54,
839 2141 917 2182 400)
1059 2141 1153 2179 1287*
1165 2150 1186 2178 9
1202 2138 1315 2169 om.A
1425 2140 1505 2178 1287

179 2186 370 2226 accepimus
406 2187 448 2224 (Γ)
489 2184 554 2216 Leo
734 2185 816 2215 1288
848 2185 959 2215 aliena
1001 2183 1198 2215 Gulielmius
1215 2193 1222 2213 t
1255 2182 1402 2213 alienum
1438 2182 1502 2213 cod.

184 2240 267 2270 1290
290 2229 384 2260 militi
405 2228 438 2259 Β
556 2238 635 2268 1291
663 2229 727 2259 allo
747 2229 788 2266 P,
805 2229 838 2258 A
859 2239 890 2259 n.
912 2229 931 2259 l.
1060 2227 1142 2267 1298
1168 2226 1219 2257 uis
1238 2226 1342 2264 <ue-is)
1362 2226 1503 2256 Ritsclzl:

180 2277 214 2303 tu
243 2273 292 2304 eis
314 2277 351 2303 ut
368 2272 430 2304 vid.
455 2272 488 2303 P
503 2273 554 2313 (tu
570 2273 620 2304 ais
639 2272 680 2309 Β,
708 2277 742 2303 tu
766 2282 802 2302 es
820 2271 921 2311 pem,
942 2271 974 2301 A
995 2281 1025 2301 u.
1046 2271 1066 2302 l.
1220 2279 1303 2308 1300
1326 2269 1504 2300 absoluere

179 2315 253 2346 ΡΠ)
382 2326 461 2355 1301
487 2320 634 2355 paratast
651 2316 659 2346 i
676 2315 812 2356 Sejffert
826 2326 832 2346 :
858 2320 992 2354 paratas
1009 2314 1036 2345 si
1050 2315 1081 2344 Β
1095 2325 1101 2345 :
1127 2318 1275 2354 paratast
1289 2313 1373 2351 Pel),
1389 2312 1421 2342 A
1437 2323 1468 2343 n.
1483 2313 1501 2344 Ι.

183 2363 266 2398 1‘302
290 2360 440 2400 pretiosa
464 2360 576 2390 omnia
599 2359 720 2390 Bothe:
757 2359 911 2398 preciose
934 2360 1020 2398 (-um
1039 2357 1128 2397 PCD)
1154 2367 1254 2388 omne
1277 2357 1328 2398 [ut
1354 2356 1454 2398 serat]
1476 2356 1509 2387 P

182 2403 228 2442 (ii.
245 2403 294 2442 5⁸2
310 2403 342 2432 A
363 2414 396 2435 n.
413 2403 433 2434 l.
581 2413 663 2442 1303
687 2402 768 2443 duc]
787 2402 865 2433 dum
886 2402 919 2432 P
1061 2402 1144 2440 1306
1167 2400 1247 2440 quid
1265 2400 1380 2431 oculus
1399 2400 1505 2430 sactus

180 2450 238 2477 tuo
255 2447 296 2484 Β,
313 2446 346 2477 Α
366 2458 398 2479 ιι.
418 2446 436 2477 Ι.
