1731 2713
613 106 1013 144 MOSTELLARIA
1408 110 1475 146 IV.
1495 108 1522 144 ii

157 221 235 258 ΤΗ.
267 219 331 258 ain
353 219 468 259 minis
489 219 643 271 triginta
663 220 830 258 amicam
852 220 1085 259 destinatam
1111 221 1433 260 I'hilolachem-
1451 223 1467 258 Ξ)

69 292 134 328 975
158 282 259 321 pm.
292 284 378 324 aiio.
438 286 520 323 Tu.
549 293 667 336 atque
705 298 792 323 eam
831 297 948 322 manu
989 284 1192 324 emisisse?
1254 287 1354 323 PHA.
1387 283 1474 322 aiio.

740 350 818 387 ΤΗ.
852 357 899 395 et,
924 358 1131 399 postquam
1155 349 1236 387 eius
1257 350 1349 387 hinc
1370 357 1478 399 pater

153 412 201 450 sit
222 414 417 462 profectus
438 427 607 463 peregre,
631 421 856 463 perpotasse
879 413 1058 459 adsiduo,
1082 414 1126 452 ac
1148 414 1263 451 simul
1497 425 1537 465 65

154 486 221 516 tuo
248 491 337 516 cum
368 478 562 517 domino?
619 480 720 517 ΡΗΑ.
752 478 838 517 aiio.
903 480 982 516 ΤΗ.
1015 478 1143 529 quid?
1184 480 1214 517 is
1246 480 1353 519 aedis
1383 480 1478 518 emit

1038 545 1107 582 has
1128 544 1219 582 hinc
1241 547 1478 595 proxumas?

155 610 256 646 PHA.
299 621 379 646 non
410 607 496 646 aiio.
558 610 635 646 ΤΗ.
680 608 937 658 quadraginta
966 607 1083 647 etiam
1114 609 1222 647 dedit
1255 608 1346 647 huic
1377 622 1478 659 quae

1145 681 1274 713 essent
1294 673 1445 725 pignori
1463 676 1478 712 ?

153 741 254 777 PHA.
287 751 415 789 neque
437 738 535 777 istuc
550 738 636 777 aiio.
697 740 775 777 ΤΗ.
808 738 843 777 ei
864 741 869 777 !
899 739 1043 789 perdis.
1103 741 1204 777 PHA.
1226 739 1348 778 immo
1364 752 1477 777 suom

283 850 286 853 ,
1027 812 1176 854 patrem
1198 803 1275 842 illic
1295 804 1475 854 perdidit.

64 875 134 919 980
152 871 230 907 ΤΗ.
263 882 354 908 uera
374 875 518 907 cantas.
578 870 680 906 PHA.
712 882 815 907 uana
835 870 988 908 uellem.
1048 869 1165 918 patris
1188 868 1349 907 amicu's
1373 868 1479 908 uide-

1373 934 1473 972 licet.

150 1001 228 1037 ΤΗ.
252 1013 300 1038 eu
321 1001 464 1050 edepol
484 1007 633 1051 patrem
654 999 751 1038 eiius
773 999 957 1037 miserum
979 999 1204 1050 praedicas!
1254 1001 1356 1037 ΡΗΑ.
1379 987 1475 1036 nihil
1497 1016 1536 1046 70

1126 1065 1202 1102 hoc
1223 1064 1383 1114 quidem
1405 1071 1473 1111 est,

149 1129 304 1180 triginta
325 1129 467 1177 minae,
488 1143 579 1180 prae
599 1143 718 1180 quam
740 1128 837 1167 alios
858 1128 1019 1179 dapsilis
1040 1137 1219 1179 sumptus
1240 1129 1341 1168 facit.

149 1196 228 1232 ΤΗ.
260 1194 430 1244 perdidit
461 1202 621 1245 patrem.
696 1195 798 1231 PHA.
845 1207 946 1232 unus
979 1193 1064 1232 istic
1098 1207 1231 1232 seruos
1266 1201 1324 1233 est
1356 1208 1476 1233 sacer-

1329 1273 1476 1307 rumuS,

149 1324 295 1362 Tranio
314 1340 320 1363 :
350 1324 381 1362 is
402 1325 465 1362 uel
487 1323 651 1362 Herculi
673 1327 899 1364 †conterere
919 1331 1126 1374 quaestum
1147 1329 1312 1374 potest†.

61 1392 126 1436 985
148 1390 290 1439 edepol
319 1402 368 1427 ne
398 1402 461 1427 me
491 1388 573 1427 eius
603 1388 721 1439 patris
752 1388 891 1427 misere
918 1388 1084 1436 miseret,
1115 1389 1182 1440 qui
1208 1403 1328 1440 quom
1354 1390 1474 1429 istaec

1378 1455 1473 1494 sciet

145 1523 246 1560 facta
265 1522 328 1569 ita,
350 1523 530 1561 amburet
550 1522 586 1561 ei
607 1521 749 1560 misero
770 1523 972 1560 corculum
994 1523 1266 1560 carbunculus.
1492 1536 1531 1570 75

144 1589 224 1626 Tu.
256 1587 287 1626 si
311 1587 471 1638 quidem
499 1587 618 1626 istaec
644 1601 737 1626 uera
759 1595 860 1626 sunt.
922 1589 1022 1625 PHA.
1055 1587 1151 1637 quid
1178 1601 1327 1626 merear
1352 1601 1471 1638 quam

1103 1653 1155 1691 ob
1176 1666 1257 1691 rem
1279 1652 1472 1691 mentiar?

146 1720 204 1757 ΡΙ.
236 1720 333 1758 heus
354 1732 436 1767 uos,
458 1718 593 1769 ecquis
620 1719 738 1757 hasce
765 1717 919 1769 aperit?
977 1719 1078 1755 PHA.
1111 1717 1208 1767 quid
1232 1717 1323 1756 istas
1344 1719 1472 1768 pultas

1034 1782 1102 1822 ubi
1122 1796 1241 1821 nemo
1261 1782 1365 1821 intus
1386 1785 1472 1822 est?

141 1849 219 1888 alio
239 1851 357 1889 credo
377 1849 631 1888 comissatum
651 1848 804 1887 abiisse.
863 1848 1052 1887 abeamus
1074 1847 1314 1886 nunciam-2

185 1963 250 1993 974
273 1953 477 1985 destinatum
493 1952 527 1983 P
614 1952 798 1983 Philolachi
817 1951 1013 1983 Gulielmius
1030 1953 1149 1992 (immo
1170 1952 1239 1992 -ae)
1405 1962 1469 1992 975

144 1997 229 2028 eiius
245 1997 278 2027 A
368 1998 434 2037 976
449 1997 498 2027 vel
510 1996 742 2036 perpotauisse
827 2005 864 2026 ac
881 1995 980 2026 simul
997 2006 1062 2027 om.
1083 1996 1115 2026 Ρ
1214 2006 1277 2036 977
1302 1996 1351 2027 vel
1363 1996 1407 2026 sic
1420 1996 1469 2026 di-

143 2041 272 2082 stingue
286 2041 366 2080 quid
387 2041 436 2072 is?
460 2040 534 2071 aed.
640 2040 701 2070 has
724 2039 819 2080 hinc]
839 2039 892 2069 hic
915 2039 949 2070 Ρ
1068 2041 1132 2078 978
1156 2039 1220 2070 huc
1243 2040 1276 2070 Ρ
1295 2041 1384 2080 (corr.
1404 2038 1467 2079 3²)

143 2085 250 2124 qui-A
348 2089 399 2115 est
414 2084 448 2114 P
533 2094 597 2123 979
619 2093 651 2114 n.
671 2083 751 2114 illud
768 2082 809 2121 Β,
831 2082 863 2112 A
884 2092 916 2113 n.
933 2082 952 2114 l.
1055 2083 1118 2122 981
1143 2083 1194 2113 vel
1217 2084 1283 2114 heu
1366 2082 1466 2124 eiius]

144 2137 254 2158 meum
267 2128 359 2168 (eum
373 2127 413 2167 C)
425 2126 459 2157 P
542 2128 606 2167 982
631 2130 746 2166 preter
755 2136 853 2165 quam
865 2125 899 2155 P
962 2126 1135 2166 dapsillies
1148 2126 1181 2156 P
1265 2128 1329 2166 983
1353 2126 1403 2158 vel
1413 2127 1469 2157 isti

144 2181 190 2203 se.
202 2175 253 2202 est
269 2170 333 2212 sa.]
352 2180 474 2201 seruos
496 2171 524 2201 si
543 2172 620 2211 (pro
636 2169 806 2201 seruolust
818 2170 843 2207 ἓ)
863 2169 1090 2200 acerrimusP
1210 2171 1274 2210 984
1298 2171 1354 2201 vix
1369 2180 1468 2209 quae-

142 2215 241 2245 situm
346 2218 425 2254 pote
442 2214 506 2245 siet
522 2213 606 2244 Ellis
620 2225 627 2244 :
650 2213 779 2253 possiet
799 2212 1011 2244 Camerarius
1119 2214 1184 2253 985
1209 2224 1252 2244 ne
1269 2224 1334 2244 om.
1351 2212 1385 2243 P
1402 2213 1465 2253 (iii.

145 2258 177 2295 ι)
278 2257 402 2289 misere
418 2268 484 2289 om.
501 2257 533 2288 P
549 2258 607 2288 «iii.
622 2257 653 2298 1)
755 2256 820 2296 986
845 2255 906 2296 ita]
927 2257 990 2296 ista
1009 2256 1118 2298 [esse]
1135 2257 1169 2288 A
1273 2256 1335 2298 (e)i
1356 2257 1468 2296 miseri

140 2300 174 2332 A
193 2313 200 2332 :
223 2301 345 2332 misero
361 2301 392 2332 ei
410 2300 443 2331 P
527 2301 592 2342 988
616 2311 644 2331 e.
664 2299 775 2340 aperit
790 2299 851 2330 has
869 2299 903 2329 A
923 2299 950 2339 (ἓ
957 2303 1021 2339 pro
1036 2300 1133 2340 ecqui
1149 2300 1266 2341 a.has)
1358 2300 1423 2331 ista
1438 2299 1472 2330 Ρ

141 2344 208 2386 est]
227 2349 258 2375 st
274 2344 307 2375 P
323 2346 400 2385 (pro
415 2344 460 2375 sit
473 2343 500 2385 2)
634 2345 700 2384 989
722 2341 859 2374 abemus
876 2341 910 2372 P
922 2342 1018 2383 (corr.
1036 2342 1096 2384 32)

185 2433 302 2456 PLAVT.
323 2433 333 2453 Ι
338 2433 349 2454 1
1360 2424 1380 2456 9
