1731 2713
669 97 1015 134 TRINVMMVS
1454 95 1506 131 II.
1531 93 1561 129 ii

170 223 263 255 *non
294 223 342 248 co
372 210 468 248 hacc
497 210 599 255 dico,
628 207 722 258 quin
754 221 854 258 quae
885 215 924 245 tu
958 206 1016 245 uis
1048 220 1120 256 ego
1148 206 1265 244 uelim
1299 213 1336 243 et
1368 204 1506 243 faciam
1529 209 1571 238 60

1344 270 1484 309 lubens
1502 286 1508 308 :

183 341 251 379 sed
283 353 356 390 ego
385 341 461 378 hoc
494 339 657 378 uerbum
687 352 808 389 quom
841 337 893 376 illi
925 337 1110 388 quoidam
1142 336 1244 383 dico,
1267 343 1509 386 praemostro

1425 400 1505 447 tibi,

182 477 223 508 ut
245 469 297 508 ita
318 477 355 508 te
375 469 538 508 aliorum
562 469 795 515 miserescat,
820 482 869 507 ne
890 468 937 507 tis
957 468 1054 507 alios
1076 468 1266 506 misereat.

183 536 250 572 ΙΝ.
284 535 461 572 deserere
482 534 589 572 illum
613 542 650 572 et
671 534 856 572 deiuuare
878 533 916 571 in
939 534 1054 572 rebus
1075 531 1252 571 aduorsis
1273 531 1407 581 pudet.

95 608 158 645 345
183 601 257 637 PH.
289 601 354 649 pol
376 601 523 650 pudere
544 613 662 649 quam
684 599 813 649 pigere
836 606 1004 649 praestat
1026 598 1189 637 totidem
1212 596 1359 636 litteris.

181 666 252 702 Lx:
275 666 428 714 edepol,
451 666 569 703 deum
592 664 735 703 uirtute
756 664 897 711 dicam,
920 672 1039 714 pater,
1062 672 1099 702 et
1121 663 1312 702 maiorum
1334 670 1371 700 et
1388 669 1455 700 tua
1527 661 1569 705 65

180 732 302 768 multa
323 731 427 768 bona
448 731 549 769 bene
571 738 679 780 parta
699 731 902 776 habemus,
926 731 1027 768 bene
1049 729 1078 767 si
1099 729 1228 767 amico
1250 728 1385 767 feceris

180 809 228 834 ne
250 795 378 846 pigeat
399 795 547 842 fecisse,
572 803 613 833 ut
635 795 763 845 potius
786 796 931 845 pudeat
952 794 982 832 si
1005 808 1083 832 non
1106 793 1252 833 feceris.

180 863 253 899 PH.
286 862 336 899 de
358 861 507 911 magnis
528 861 674 899 diuitiis
695 860 725 898 si
747 860 842 910 quid
864 862 1009 906 demas
1033 861 1119 910 plus
1142 861 1181 897 fit
1202 873 1251 897 an
1274 858 1436 897 minus?

91 936 160 973 350
180 927 250 963 Lx'.
284 925 414 972 minu’,
438 934 570 975 pater3
599 927 669 963 scd
690 925 766 963 ciui
789 925 940 962 inmuni
963 924 1045 963 scin
1067 924 1162 974 quid
1184 924 1330 962 cantari
1352 925 1480 962 solet?

177 992 315 1041 ‘quod
345 992 466 1030 habes
496 990 544 1029 ne
577 992 722 1029 habeas
753 997 791 1029 et
822 990 913 1029 illuc
945 991 1053 1040 quod
1084 1003 1163 1028 non
1195 990 1316 1028 habes
1346 990 1504 1036 habeas,
1528 997 1570 1034 70

1345 1056 1507 1103 malum,

178 1121 503 1172 quandoquidem
525 1135 598 1160 nec
620 1121 689 1160 tibi
711 1122 812 1160 bene
833 1135 918 1160 esse
938 1129 1030 1172 pote
1050 1120 1130 1171 pati
1151 1134 1281 1171 neque
1301 1119 1434 1158 alteri.’

179 1188 254 1225 PH.
286 1187 368 1225 scio
389 1186 575 1237 equidem
597 1187 696 1225 istuc
718 1186 770 1224 ita
792 1188 915 1225 solere
937 1185 1017 1225 fieri
1036 1201 1046 1234 ,-
1075 1199 1223 1232 uerum,
1247 1192 1363 1235 gnate
1385 1185 1449 1232 mi,

177 1250 208 1290 is
225 1259 283 1290 est
303 1251 475 1291 inmunis
496 1252 591 1303 quoi
612 1252 708 1290 nihil
730 1260 787 1290 est
809 1251 875 1302 qui
897 1265 1040 1290 munus
1062 1252 1244 1301 fungatur
1265 1264 1389 1289 suom.

90 1326 156 1363 355
178 1319 248 1355 Lv.
280 1319 399 1356 deum
422 1318 565 1357 uirtute
586 1319 778 1356 habemus
801 1325 839 1356 et
859 1317 926 1367 qui
947 1325 1101 1356 nosmet
1123 1324 1288 1364 utamur,
1312 1323 1431 1367 pater,

175 1391 213 1421 et
233 1382 317 1421 aliis
338 1383 405 1433 qui
426 1383 601 1422 comitati
622 1383 744 1422 simus
766 1382 1106 1421 beneuolentibus.
1525 1392 1564 1428 ¹75

177 1450 251 1486 PH.
275 1462 355 1487 non
376 1450 519 1499 edepol
540 1448 610 1487 tibi
632 1462 843 1499 pernegare
860 1461 1020 1498 possum
1038 1447 1250 1498 quicquam
1269 1448 1377 1497 quod
1394 1446 1501 1485 uelis.

176 1513 317 1563 quoius
339 1523 551 1564 egestatem
573 1515 737 1553 tolerare
759 1513 850 1552 uis?
881 1512 1100 1566 [e]loquere
1120 1514 1307 1551 audacter
1326 1512 1436 1563 patri.

178 1581 246 1617 Lv.
281 1578 504 1618 Lesbonico
525 1578 617 1617 huic
638 1579 891 1626 adulescenti,
917 1577 1143 1618 Charmidei
1168 1577 1258 1624 filio,

89 1647 158 1692 360
176 1645 243 1695 qui
270 1644 348 1683 illic
376 1644 536 1682 habitat.
598 1646 672 1682 PH.
704 1643 799 1694 quin
829 1643 1003 1682 comedit
1032 1645 1141 1693 quod
1171 1642 1252 1690 fuit,
1285 1644 1393 1693 quod
1423 1657 1504 1682 non

1404 1709 1474 1746 fuit
1488 1711 1504 1747 ?

176 1776 245 1813 Lv.
279 1788 327 1813 ne
351 1774 560 1825 opprobra,
581 1781 690 1825 pater
704 1789 714 1823 3
744 1775 867 1813 multa
891 1773 1079 1813 eueniunt
1106 1773 1257 1812 homini
1285 1787 1386 1823 quae
1407 1775 1500 1821 uolt,
1523 1778 1564 1808 80

1232 1852 1333 1889 quae
1354 1840 1500 1878 neuolt.

216 1955 281 1985 343
305 1945 446 1976 miseres
465 1955 548 1976 cane
563 1945 611 1976 tui
628 1945 713 1976 alius
729 1945 762 1976 P
889 1946 954 1984 346
978 1944 1134 1976 uirtutem
1153 1944 1185 1974 P
1313 1939 1384 1983 ’347
1410 1945 1504 1984 paria

173 1989 358 2020 habeamus
383 1988 417 2019 P
552 1999 616 2029 349
639 1990 809 2020 animinus
844 1989 876 2019 P
1013 1999 1076 2028 350
1101 1988 1227 2019 inmuni
1253 1988 1503 2030 [inmunifico]s

173 2032 358 2073 scisP(iv.
382 2033 413 2070 1)
546 2043 605 2072 351
633 2034 723 2072 quod
750 2042 838 2062 nunc
867 2043 933 2063 non
957 2032 991 2062 Ρ
1076 2033 1150 2063 hab.
1181 2033 1281 2063 uelim
1315 2032 1438 2064 malum
1466 2032 1499 2061 A

173 2085 236 2116 352
259 2077 395 2116 quando
421 2075 575 2116 equidem
602 2077 635 2106 A
748 2081 847 2116 potes
872 2076 905 2106 P
1044 2086 1107 2114 354
1132 2076 1241 2106 minus
1266 2075 1300 2105 Ρ
1437 2085 1500 2115 357

173 2121 262 2160 quod
279 2131 344 2151 om.
360 2120 392 2149 A
527 2121 591 2159 358
615 2119 750 2150 tolerari
764 2119 830 2150 Leo
918 2119 1058 2159 loquere
1075 2119 1108 2149 Ρ
1186 2119 1271 2159 patri
1288 2120 1450 2150 audacter
1465 2119 1498 2149 A

173 2174 237 2203 359
261 2164 310 2194 vel
323 2163 518 2194 Charmides
535 2163 599 2204 (-di
619 2163 650 2193 A
668 2175 675 2194 t
699 2164 756 2194 -de
773 2163 817 2204 P)
965 2165 1029 2202 360
1052 2163 1130 2202 quia
1146 2163 1178 2193 A
1284 2162 1380 2204 quin]
1398 2163 1454 2202 qui
1471 2162 1506 2192 Ρ

174 2217 240 2237 non
259 2208 303 2237 fui
320 2207 353 2237 P
461 2210 521 2246 361
548 2207 716 2247 exprobra
731 2207 765 2236 A
851 2206 971 2247 [mala]
989 2207 1092 2237 multa
1108 2207 1141 2236 A
1161 2207 1217 2247 (iv,
1231 2206 1266 2245 3)
1345 2207 1401 2246 qui
1420 2217 1449 2238 u.
1470 2205 1504 2236 P

173 2251 229 2290 qui
257 2262 288 2281 n.
311 2251 340 2281 Β
437 2262 502 2281 non
532 2251 601 2281 uolt
623 2251 656 2280 A
761 2254 914 2280 secuntur
928 2251 963 2280 in
980 2250 1075 2281 va.
1096 2251 1171 2289 369,
1191 2251 1266 2289 368,
1283 2250 1318 2279 in
1334 2250 1366 2279 A
1387 2260 1416 2281 v.
1436 2251 1500 2289 369

173 2295 329 2335 (omis-3129,
359 2297 396 2324 ut
424 2294 488 2325 vid.
517 2295 550 2324 iu
577 2295 714 2335 antiqua
745 2295 912 2334 nescioqua
943 2294 1119 2324 recensione
1148 2304 1198 2326 vv.
1231 2294 1380 2335 362-8):
1417 2303 1498 2325 corr.

172 2337 330 2378 Muretus,
348 2338 522 2368 Acidalius
