1731 2713
637 105 1047 144 TRVCVLENTVS
1454 110 1507 146 II.
1533 109 1540 117 '

168 215 293 265 *quasi
314 229 384 267 pro
405 229 593 267 puerpera
613 215 676 253 hic
698 217 911 266 procuras?
969 217 1043 254 PH.
1076 216 1268 266 quippini,

95 294 161 330 415
183 280 250 318 ubi
271 280 354 319 siue
376 282 507 319 labore
528 294 586 319 res
607 280 685 330 geri
707 282 868 330 pulchre
890 283 1050 330 potest?

181 346 232 384 ad
253 359 364 384 suom
387 360 584 396 quemque
605 359 773 395 aequom
797 353 854 384 est
875 359 960 384 esse
982 354 1188 396 quaestum
1211 345 1409 385 callidum.

183 411 248 448 DI.
281 410 376 460 quid
398 424 459 449 me
480 412 690 449 futurumst
711 412 872 461 quaudo
894 411 1005 449 miles
1027 410 1206 449 uenerit?

181 474 388 514 relictusne
409 489 477 525 aps
499 482 536 513 te
558 475 688 513 uiuam
707 477 723 513 ?
782 478 854 513 PH.
889 475 955 514 ubi
978 476 1074 514 illud
1096 477 1204 526 quod
1226 478 1318 516 uolo

181 541 338 578 habebo
358 541 408 578 ab
428 541 505 588 illo,
530 541 641 579 facile
662 540 823 579 inuenio
844 554 923 591 quo
946 542 1067 579 modo

93 620 163 654 420
181 605 393 643 diuortium
415 613 452 644 et
473 605 711 644 discordiam
734 605 833 644 inter
854 619 926 644 nos
947 619 1079 656 parem
1100 621 1106 644 :

181 670 311 720 postid
332 683 404 721 ego
425 678 565 717 tecum,
590 685 678 710 mea
698 673 890 721 uoluptas,
914 685 1038 721 usque
1059 685 1125 710 ero

179 736 358 775 adsiduo.
420 738 484 774 D1.
518 736 640 776 immo
661 738 791 776 hercle
812 751 906 776 uero
926 738 1106 777 accubuo
1128 738 1324 778 mauelim.

181 804 254 840 PH.
288 803 347 841 dis
368 803 487 842 hodie
508 804 737 842 sacruficare
758 817 828 854 pro
849 817 972 855 puero
992 806 1096 852 uolo,

179 867 318 917 quinto
339 867 403 906 die
424 869 532 918 quod
554 868 635 906 fieri
657 876 820 918 oportet.
882 871 946 907 D1.
977 882 1130 907 censeo.

90 941 156 978 425
181 934 255 970 PH.
287 946 367 970 non
387 934 509 971 audes
529 933 679 983 aliquid
700 935 792 972 dare
813 933 908 972 mihi
930 936 1241 973 munusculum?

180 1000 246 1036 D1.
278 999 428 1036 lucrum
450 999 579 1037 hercle
601 998 738 1037 uideor
759 1000 885 1037 facere
906 999 1012 1047 mihi,
1033 1001 1214 1050 uoluptas
1236 1013 1334 1047 mea,

178 1062 246 1101 ubi
268 1062 468 1113 quippiam
491 1076 554 1101 me
575 1063 715 1113 poscis.
778 1065 851 1101 PH.
884 1071 922 1101 at
943 1077 1026 1114 ego,
1050 1064 1117 1102 ubi
1137 1064 1290 1114 apstuli.

181 1131 245 1167 D1.
278 1128 355 1167 iam
376 1130 464 1167 faxo
485 1128 549 1167 hic
569 1128 704 1167 aderit.
763 1131 961 1167 seruolum
983 1131 1060 1168 hue
1082 1129 1233 1168 mittam
1255 1143 1399 1168 meum.

178 1195 255 1232 ΡΗ.
285 1193 340 1232 sic
362 1193 488 1232 facito.
552 1195 617 1231 D1.
652 1193 847 1244 quidquid
867 1194 1049 1242 attulerit,
1073 1194 1167 1234 boni
1188 1194 1380 1234 consulas.

89 1271 159 1306 430
179 1260 252 1297 PH.
285 1266 436 1297 ecastor
457 1272 599 1297 munus
621 1266 659 1297 te
680 1266 904 1298 curaturum
925 1259 1017 1307 scio,

177 1331 219 1362 ut
235 1323 376 1374 quoius
397 1337 460 1362 me
481 1337 561 1362 non
582 1323 780 1374 paeniteat
801 1323 975 1362 mittatur
995 1323 1102 1363 mihi.

179 1390 244 1426 D1.
277 1402 371 1426 num
393 1387 595 1438 quippiam
616 1388 724 1427 aliud
745 1402 808 1427 me
829 1388 920 1427 uis?
977 1390 1054 1427 PH.
1085 1396 1126 1427 ut
1147 1390 1308 1440 quando
1329 1388 1454 1429 otium

114 1460 121 1469 '
178 1453 248 1492 tibi
269 1453 317 1492 sit
337 1455 387 1492 ad
408 1467 471 1493 me
492 1453 648 1501 reuisas,
673 1462 715 1492 tu
737 1456 1004 1493 ualeas.—D1.
1036 1456 1134 1494 uale.

178 1597 248 1634 pro
269 1583 309 1622 di
329 1584 578 1623 inmortales!
608 1598 689 1623 non
710 1584 877 1624 amantis
899 1584 1081 1633 mulieris,

90 1661 156 1698 435
178 1651 247 1688 sed
268 1649 387 1688 sociai
408 1649 684 1697 unanimantss,
708 1650 864 1689 fidentis
885 1650 958 1688 fuit

177 1714 349 1753 officium
371 1716 496 1753 facere
517 1716 626 1764 quod
647 1716 768 1754 modo
789 1716 887 1755 haec
908 1715 999 1754 fecit
1021 1715 1127 1763 mihi,

221 1829 285 1858 414
311 1829 478 1859 puerpera
494 1818 567 1850 Ital.
585 1830 591 1849 z
618 1829 723 1859 puera
741 1819 806 1851 cod.
883 1825 1059 1860 procurast
1076 1820 1141 1852 cod.
1233 1831 1296 1860 415
1320 1820 1426 1861 pulcri
1437 1820 1505 1853 cod.

177 1864 242 1901 416
265 1872 336 1893 sum
349 1863 414 1893 cod.
486 1868 660 1901 quaestum
675 1875 751 1895 esse
766 1863 858 1895 cod..
851 1875 858 1882 ·
883 1865 953 1896 irai.
969 1864 1166 1895 Acidalz'us:
1190 1864 1378 1903 quaesitum
1392 1875 1421 1896 e.
1437 1865 1510 1905 Fay

178 1916 242 1945 419
265 1906 434 1937 inueniam
451 1905 525 1936 PCD
659 1918 720 1947 421
747 1912 856 1938 tecum
875 1908 1000 1939 Bothe:
1027 1907 1166 1950 [totum]
1181 1912 1290 1939 tecum
1308 1908 1373 1940 cod.
1394 1908 1450 1949 (iv.
1471 1910 1507 1950 3)

178 1950 335 1980 uoluntas
352 1949 418 1981 cod.
553 1961 616 1990 423
642 1951 693 1982 dis
710 1951 823 1992 Speng
804 1952 874 1982 0:12!
900 1951 1012 1993 [quin]
1032 1952 1084 1982 his
1099 1952 1165 1982 cod.
1187 1952 1243 1991 (iv,
1262 1962 1293 1992 p.
1311 1953 1368 1993 62)
1461 1963 1507 1983 se-

177 1997 300 2024 cuntur
309 1994 407 2033 quasi
429 2004 533 2024 novus
556 2005 668 2025 versus
691 1995 823 2026 Adsido
848 1995 948 2026 immo
974 1996 1089 2026 hercle
1114 2005 1196 2026 uero
1221 1995 1266 2035 (v.
1291 1996 1371 2034 422)
1394 1996 1454 2036 (iv.
1472 1996 1507 2036 3)

177 2047 240 2076 424
258 2037 331 2067 fieri
347 2042 480 2076 oportet
495 2037 592 2068 Itala
587 2062 592 2067 .
619 2039 689 2069 fleri
707 2043 800 2078 optet
817 2039 882 2070 cod.
997 2049 1061 2078 425
1086 2038 1210 2079 aliquid
1230 2039 1293 2080 (Β)
1311 2039 1361 2070 vel
1373 2039 1507 2079 aliquod

176 2080 283 2121 (PCD)
302 2080 367 2111 cod.
459 2081 540 2111 mihi
558 2081 638 2113 dare
656 2082 722 2113 cod.
744 2094 751 2113 ε
776 2083 845 2113 traz'.
874 2082 1097 2123 Camerarius,
1125 2093 1206 2114 nam
1233 2083 1314 2113 dare
1338 2094 1377 2113 ne
1399 2083 1433 2113 in
1449 2083 1510 2114 hoc

177 2123 308 2164 quidem
324 2134 436 2155 versus
451 2124 517 2155 loco
528 2125 630 2165 placet
647 2125 693 2165 (ii.
711 2126 745 2165 4)
838 2127 1084 2158 munusciuilim
1102 2126 1169 2158 cod.
1183 2128 1257 2166 (pro
1274 2127 1506 2158 munusculum

176 2178 254 2198 corr.
272 2168 346 2208 -li2)
503 2170 567 2207 426
591 2169 733 2200 facerem
759 2170 841 2200 mihi
867 2170 1024 2201 uoluntas
1049 2170 1215 2211 me[hi]ea
1243 2170 1390 2208 (meheia
1413 2169 1503 2211 PCD)

175 2210 241 2242 cod.
262 2211 321 2250 (iv.
341 2210 376 2250 3)
510 2222 572 2251 427
596 2222 715 2252 posces
732 2213 797 2244 cod.
817 2215 885 2247 (tle.
905 2214 948 2245 is
963 2216 988 2251 ²)
1090 2214 1225 2244 abstulit
1241 2213 1305 2245 cod.
1439 2223 1504 2253 429

175 2255 221 2285 sit
237 2253 269 2284 B
356 2254 506 2286 attulerit
522 2255 624 2287 Brix:
650 2257 694 2287 ait
711 2257 811 2287 uierit
827 2257 890 2288 cod.
968 2257 1047 2288 boni
1063 2257 1163 2288 Ima:
1187 2258 1272 2288 bona
1284 2256 1350 2288 cod.
1439 2267 1500 2296 431

176 2298 328 2328 mittatur·
342 2297 536 2329 Buecheler:
561 2299 654 2330 mitta
672 2303 752 2340 (pro
769 2301 873 2339 mitta-1,
893 2301 912 2332 i.
929 2311 950 2332 e.
970 2301 1159 2340 mittatur'l)
1177 2301 1243 2332 cod.
1263 2301 1370 2340 (mitte
1388 2299 1502 2341 PCD):

175 2341 287 2372 mittas
305 2341 519 2373 canam-'arms
606 2353 669 2382 432
695 2353 747 2374 me
764 2344 813 2375 uis
830 2325 931 2375 alium
949 2344 1040 2375 cod.:
1073 2355 1149 2375 corr.
1171 2344 1306 2384 Geppert
1436 2353 1500 2383 433

175 2389 210 2415 tu
240 2386 266 2416 C
267 2395 475 2416 amerartus
517 2390 529 2416 t
552 2386 618 2418 cod.
648 2389 724 2428 (seq.
753 2392 813 2429 u):
852 2392 885 2419 et
913 2387 1072 2429 Geppert:
1106 2388 1116 2418 i
1143 2386 1286 2429 Seyffert,
1311 2387 1395 2427 fort.
1425 2391 1502 2419 recte

174 2429 239 2468 436
256 2429 325 2460 ficit
341 2428 407 2461 cod.
430 2429 521 2470 (facit
537 2429 627 2471 PCD)

1530 120 1576 147 lV

1530 349 1572 392 65

1530 1007 1568 1042 75

1529 1329 1570 1360 80

1527 1720 1568 1759 85
