1731 2713
115 229 190 266 475>

112 550 183 591 480

108 1002 174 1045 485

105 1329 176 1365 490

105 1722 171 1758 495

747 108 973 145 RVDENS
1474 106 1526 143 II.
1550 117 1581 142 v

270 258 273 260 ,
311 225 353 256 ut
373 218 686 267 comprehendar
705 229 796 254 cum
817 229 926 253 sacra
946 229 1043 252 urna
1063 215 1243 253 Veneria.

309 296 453 332 nempe
474 291 638 331 optumo
658 280 756 332 (me)
775 281 857 319 iure
877 281 916 318 in
939 280 1079 318 uinclis
1101 280 1228 318 enicet

310 347 553 397 magistratus
575 346 605 384 si
627 346 714 396 quis
736 360 798 384 me
820 347 921 383 hanc
943 346 1088 383 habere
1109 345 1262 383 uiderit.

309 426 400 450 nam
422 414 518 450 haec
539 412 755 459 litteratast,
777 425 894 461 eapse
914 418 1046 449 cantat
1068 410 1186 460 quoia
1206 410 1264 449 sit.

309 477 385 515 iam
407 479 535 516 hercle
557 477 735 515 euocabo
757 476 849 515 hinc
870 477 972 514 hanc
994 477 1239 514 sacerdotem
1262 477 1374 524 foras,

308 550 350 580 ut
371 543 472 580 hanc
492 542 658 592 accipiat
679 555 828 580 urnam.
888 543 1076 580 accedam
1098 542 1175 579 huc
1195 542 1245 579 ad
1267 543 1378 579 sores.

307 608 415 654 heus,
439 607 556 657 Agasi
578 606 895 654 Ptolemocratia,
916 608 1013 657 ca'pc
1034 607 1136 644 hanc
1157 619 1292 644 urnam
1315 606 1384 644 tibi
1402 622 1409 645 :

307 672 533 710 muliercula
553 673 656 710 hanc
676 671 916 721 nescioquae
936 673 1013 709 huc
1033 672 1084 709 ad
1106 684 1169 709 me
1190 671 1340 709 detulit.

305 736 406 775 intro
427 738 638 776 ferundast.
698 736 849 787 repperi
871 736 1084 787 negotium,

305 800 501 852 siquidem
523 800 618 839 mihi
639 800 699 840 his
721 803 822 839 ultro
843 802 1072 852 adgerunda
1092 800 1209 839 etiam
1232 808 1289 840 est
1310 815 1479 851 aqua.—

520 912 749 949 LAssRAx
861 912 1205 950 CH.xRMi])Es

306 995 376 1031 LA.
409 992 514 1042 †Qui
536 994 658 1031 homo
678 1007 764 1031 sese
785 993 972 1031 miserum
993 1001 1031 1031 et
1052 993 1281 1032 mendicum
1302 996 1449 1042 uolet†‚

304 1059 494 1108 Neptuno
514 1059 647 1095 credat
668 1072 753 1096 sese
772 1066 892 1108 atque
912 1065 1082 1096 aetatem
1103 1072 1213 1096 suam
1232 1073 1239 1097 ε

303 1136 395 1161 nam
415 1122 447 1161 si
467 1122 553 1173 quis
574 1123 665 1161 crim
686 1136 734 1161 eo
755 1123 852 1173 quid
873 1123 926 1161 rei
947 1112 1208 1171 commiscuit,

301 1189 352 1227 ad
373 1189 448 1227 hoc
469 1189 691 1237 exemplum
712 1187 856 1226 amittit
877 1196 1059 1227 ornatum
1081 1190 1257 1228 domum.

301 1253 454 1303 edepol,
479 1252 667 1300 Libertas,
690 1252 823 1303 lepida
843 1267 884 1292 es
905 1267 1007 1303 quae
1028 1267 1245 1304 numquam
1267 1256 1411 1305 pedem

302 1318 461 1357 uoluisti
481 1318 521 1356 in
541 1332 685 1357 nauem
706 1332 797 1357 cum
821 1321 997 1358 Hercule
1018 1334 1096 1358 una
1116 1319 1330 1370 imponere.

301 1385 371 1423 sed
392 1383 459 1423 ubi
479 1384 543 1423 ille
564 1398 674 1423 meus
696 1393 754 1423 est
774 1386 920 1436 hospes
941 1384 1008 1435 qui
1030 1399 1093 1424 me
1113 1386 1315 1436 perdidit?

300 1457 419 1500 atque
457 1463 596 1488 eccum
642 1449 789 1488 incedit
807 1453 813 1488 !
886 1452 963 1491 CH.
1002 1465 1082 1501 quo
1125 1453 1272 1490 malum
1320 1466 1521 1503 properas,

1342 1519 1494 1557 Labrax
1508 1521 1524 1557 ?

300 1594 392 1618 nam
413 1580 598 1630 equidem
619 1588 657 1619 te
677 1594 834 1631 nequeo
854 1581 1044 1632 consequi
1065 1589 1144 1619 tam
1166 1590 1333 1621 strenue.

301 1648 372 1684 LA.
405 1645 555 1684 utinam
577 1653 614 1684 te
634 1646 730 1696 priu'
752 1660 871 1696 quam
892 1647 1017 1685 oculis
1038 1647 1226 1687 uidissem
1248 1649 1344 1687 meis

301 1712 405 1749 malo
426 1711 600 1749 cruciatu
621 1711 660 1749 in
682 1711 813 1750 Sicilia
834 1711 1058 1762 perbitereS‚

299 1790 418 1827 quem
439 1784 596 1826 propter
616 1777 692 1814 hoc
714 1776 809 1815 mihi
831 1777 969 1827 optigit
991 1778 1133 1817 misero
1154 1779 1257 1817 mali.

299 1843 376 1881 CH.
409 1841 569 1889 utinam,
585 1855 706 1891 quom
721 1842 759 1880 in
774 1842 882 1881 aedis
898 1857 960 1882 me
975 1845 1026 1882 ad
1043 1851 1080 1883 te
1095 1844 1293 1884 adduxisti
1307 1844 1518 1898 (donanim,

296 1906 337 1945 in
357 1920 511 1946 carcere
531 1906 598 1945 illo
617 1906 749 1957 potius
771 1907 997 1947 cubuissem
1019 1908 1094 1948 die.

277 1973 473 2022 ‚deosque
494 1971 709 2011 inmortalis
730 1987 890 2023 quaeso,
913 1975 1009 2013 dum
1030 1974 1153 2022 uiuas,
1176 1975 1232 2014 uti

231 2079 295 2116 476
318 2087 370 2107 me
394 2075 469 2107 add.
499 2075 710 2108 Camerarius
857 2079 917 2116 481
944 2078 1066 2120 Agasi]
1093 2080 1148 2110 exi
1174 2079 1312 2119 Seiffi’rt
1456 2083 1520 2119 482

187 2120 344 2151 accedt‘tA
363 2131 371 2158 ς
395 2121 526 2159 482—98
544 2121 749 2160 paucissima
767 2120 801 2151 in
819 2121 920 2152 initas
935 2126 1066 2153 servata
1220 2124 1284 2162 484
1309 2123 1362 2154 his
1378 2124 1458 2154 mihi
1477 2125 1516 2163 P,

187 2163 220 2194 A
239 2174 271 2195 n.
290 2163 310 2195 l.
332 2174 339 2194 :
363 2164 436 2194 trai.
455 2163 537 2194 Reiz
554 2164 626 2202 (sed
639 2165 676 2204 ‘f
695 2164 972 2205 Kaempf‘pron.
989 2165 1088 2206 pers.'
1105 2177 1135 2206 p.
1157 2167 1214 2207 28)
1337 2168 1400 2206 485
1425 2178 1519 2198 sesse

186 2206 222 2237 P
251 2208 326 2248 (pro
359 2217 396 2238 se
432 2217 507 2238 esse
536 2207 585 2238 vel
605 2218 682 2239 sese
714 2218 790 2239 esse
804 2209 840 2248 ἓ),
869 2209 902 2239 A
932 2221 961 2240 n.
992 2210 1039 2240 l.:
1065 2209 1282 2252 (hominem)
1310 2220 1386 2241 sese
1417 2211 1520 2241 Botlze

187 2261 252 2290 490
274 2261 375 2282 unam
406 2251 440 2282 Β
468 2251 535 2291 (vii.
562 2251 609 2290 4³¹,
639 2252 671 2281 A
695 2263 724 2282 n.
743 2252 762 2283 l.
914 2263 978 2292 494
1003 2252 1142 2295 (hisce)
1166 2254 1272 2284 oculis
1297 2253 1408 2293 Marx,
1436 2265 1517 2285 nam

189 2304 290 2334 neque
304 2299 398 2334 prius
416 2305 515 2334 neque
533 2305 632 2334 quam
656 2294 660 2337 Ι
679 2295 788 2327 oculis
802 2296 882 2326 satis
891 2296 1022 2336 placent
1037 2297 1088 2337 (cf.
1107 2298 1184 2337 455)
1291 2307 1353 2337 495
1377 2298 1517 2329 siciliam

187 2337 228 2375 P,
245 2338 278 2369 A
300 2349 330 2369 n.
355 2338 397 2368 l.:
422 2348 500 2370 corr.
528 2338 741 2370 Camerarius
872 2350 934 2380 497
961 2341 1098 2371 domum
1123 2340 1200 2371 add.
1222 2341 1363 2372 Mueller
1382 2341 1514 2380 (le'n.

188 2379 275 2413 Mus.
293 2391 345 2422 54,
365 2383 443 2422 533)
464 2381 511 2423 (A
531 2392 562 2414 n.
584 2382 623 2421 l.)
640 2392 647 2412 t
671 2381 790 2424 (tuas)
808 2382 1019 2414 Camerarius
1150 2385 1303 2425 499—516
1313 2385 1518 2426 paucissima

187 2426 221 2455 in
237 2426 386 2457 extremis
401 2425 543 2457 versibus
557 2429 686 2457 servata
702 2426 735 2457 A

1551 360 1592 383 20

1551 687 1588 718 25

1549 911 1592 947 vi

1546 1269 1564 1301 5

1545 1661 1582 1682 10
