1731 2713
700 119 1055 160 FRAGMENTA

522 266 734 307 CAECVS
764 267 823 303 vel
857 263 1192 302 PRAEDONES

200 345 265 384 Nil
287 345 498 396 quicquam
519 345 664 382 factum
690 341 761 380 nisi
791 342 897 380 fabre
924 354 997 378 nec
1017 339 1230 389 quicquam
1251 337 1422 387 positum
1445 337 1527 376 sine
1548 352 1559 373 1

1415 405 1527 450 loco;

251 490 356 523 auro,
380 477 508 522 ebore,
531 482 703 523 argento,
726 485 908 523 purpura,
929 470 1103 522 picturis,
1124 469 1269 520 spolii&

253 548 334 577 tum
357 539 492 577 statuis

201 606 341 655 Neque
362 617 448 643 eam
470 603 595 642 inuito
614 616 637 641 a
659 616 720 641 me
742 615 928 652 umquam
951 601 1137 638 abduces.
1549 613 1572 635 ιι

137 683 179 720 35
201 669 383 720 Spectaui
405 670 519 708 ludos
540 669 760 718 magnufice
781 676 899 717 atque
920 667 1135 716 opulenter.
1550 679 1588 700 111

202 765 208 773 .
233 766 239 772 .
265 766 271 773 .
296 765 303 772 .
328 736 441 773 Plure
461 735 582 772 altero
603 741 712 771 tanto
733 740 882 783 quanto
903 731 985 770 eius
1006 731 1168 768 fundust
1189 728 1318 767 uelim.
1549 740 1582 761 ιν

203 801 263 838 Ita
283 807 373 838 sunt
395 800 612 850 praedones
632 813 639 836 ε
669 811 827 849 prosum
849 804 1013 847 parcunt
1034 794 1193 834 nemini.
1549 806 1570 825 v

471 865 519 903 In
540 877 697 914 peregre
719 860 821 915 [est]
1549 872 1582 892 v1

416 931 464 968 A.
495 929 623 977 Velim
647 937 684 967 te
703 927 878 967 arbitrari
900 928 1057 965 factum.
1549 940 1598 962 νυ

136 1009 183 1042 4ο
202 997 244 1034 B.
277 996 465 1035 Sedulum
486 1009 493 1039 ;
519 994 549 1032 si
571 1001 871 1032 summouentur
891 993 1035 1038 hostes,
1059 998 1311 1030 remouentur
1330 987 1525 1042 lap[id]es.

200 1092 206 1098 .
231 1091 238 1098 .
262 1091 269 1098 .
293 1060 332 1099 Si
354 1074 434 1099 non
455 1068 610 1098 strenue
631 1060 771 1097 fatetur
791 1057 858 1097 ubi
880 1057 927 1096 sit
947 1070 1097 1103 aurum,
1548 1069 1612 1091 vm

199 1125 376 1164 membra
396 1124 612 1163 exsicemus
633 1136 744 1161 serra.

201 1190 267 1228 Nil
287 1189 362 1229 feci
384 1203 496 1228 secus
517 1202 636 1239 quam
658 1202 721 1227 me
741 1189 867 1227 decet.
1551 1200 1586 1222 xx

199 1257 244 1293 A.
278 1254 377 1304 Quis
404 1262 446 1293 tu
478 1268 519 1293 es
551 1253 618 1304 qui
648 1252 760 1293 ducis
791 1253 886 1291 me?
956 1253 998 1289 B.
1033 1264 1110 1289 mu.
1170 1252 1216 1288 A.
1249 1249 1344 1300 perii
1377 1249 1530 1287 hercle!
1551 1259 1572 1280 x

1343 1315 1437 1353 Afer
1457 1321 1526 1353 est.

700 1405 1026 1446 CALCEOLVS

135 1487 177 1525 45
578 1478 814 1516 Molluscam
837 1489 978 1515 nucem

198 1556 314 1595 super
334 1542 417 1583 eius
438 1542 534 1583 dixit
554 1542 782 1593 impendere
804 1543 961 1592 tegulas.

682 1669 1054 1708 CARBONARIA

198 1779 205 1786 .
231 1750 316 1799 Ego
337 1760 509 1799 pernam,
533 1759 686 1794 sumen,
708 1760 849 1793 sueres
874 1745 1022 1796 spetile,
1046 1746 1200 1792 callum,
1223 1744 1390 1795 glandia.
1549 1761 1559 1782 1

242 1853 324 1884 CAE.
353 1862 363 1883 1
391 1852 562 1884 Charisius
584 1861 643 1891 199
661 1851 784 1890 (fabre)
922 1859 933 1878 1
961 1849 1053 1890 siue]
1073 1849 1137 1879 nisi
1157 1850 1197 1886 (3³
1217 1847 1282 1878 Leo
1337 1873 1345 1880 .
1370 1847 1446 1878 luco
1462 1847 1528 1878 cod.

199 1907 218 1928 2
237 1901 313 1938 post
341 1896 458 1937 spoliis
493 1896 648 1926 lacunam
679 1894 764 1935 sign.
794 1891 920 1924 Winter
1049 1902 1075 1923 11
1101 1892 1273 1923 Charisius
1296 1902 1360 1922 202
1392 1891 1526 1930 (invito,

198 1941 342 1979 adverb.)
455 1949 493 1970 111
514 1938 683 1970 Charisius
699 1948 763 1978 209
781 1936 991 1978 (opulenter)
1083 1946 1194 1975 magn.
1214 1933 1432 1977 (confectos)
1448 1933 1527 1975 Leo,

200 1989 236 2015 ut
247 1989 346 2026 anap.
358 1983 556 2024 septenarius
558 1983 627 2022 fiat
689 1981 894 2022 opulentiter
908 1979 1017 2020 Weise,
1032 1983 1069 2010 ut
1080 1978 1180 2010 iamb.
1193 1979 1343 2010 senarius
1347 1979 1415 2019 fiat
1492 1988 1530 2009 ιν

201 2028 371 2059 Charisius
386 2037 446 2058 211
466 2025 595 2066 <plui-e)
663 2025 784 2056 fundus
801 2029 853 2056 est
865 2023 931 2056 cod.
1042 2033 1065 2054 v
1082 2023 1250 2054 Charisius
1260 2033 1320 2053 211
1339 2022 1528 2063 (prorsum)

199 2081 235 2102 v1
261 2071 432 2103 Charisius
455 2080 517 2101 212
544 2070 718 2111 (peregre)
810 2069 844 2100 in
869 2067 928 2099 del.
946 2067 1086 2098 Putsche
1172 2066 1207 2097 in
1234 2066 1335 2107 (isne)
1361 2067 1528 2105 peregre?

200 2115 273 2156 (del.
295 2116 363 2155 est)
387 2113 454 2144 Leo
584 2122 634 2143 vu
653 2112 825 2144 Charisius
840 2122 906 2152 219
922 2111 1105 2151 (sedulum,
1121 2109 1267 2149 adverb.)
1335 2110 1362 2141 si
1381 2109 1422 2150 (2)
1440 2108 1526 2142 Leo:

199 2163 251 2190 est
267 2158 333 2190 cod.
422 2158 527 2189 fustes
553 2155 677 2187 lVinter
760 2155 855 2196 lapes
872 2155 1052 2190 Buecheler„
1070 2158 1107 2185 ut
1128 2154 1224 2185 troch.
1245 2153 1450 2194 septenarius
1459 2153 1530 2192 fiat

198 2211 264 2233 vul
289 2201 462 2234 Charisius
483 2211 547 2240 219
565 2200 735 2240 (strenue)
876 2209 913 2230 lx
937 2198 1108 2230 Charisius
1123 2208 1188 2229 220
1206 2199 1318 2237 (secus
1334 2207 1396 2237 pro
1413 2196 1525 2233 aliter)

199 2255 220 2276 x
246 2245 415 2276 Charisius
438 2255 503 2284 240
526 2244 594 2283 (mu
619 2242 782 2283 interiect.)
873 2243 912 2282 cf.
938 2242 1040 2274 Class.
1067 2241 1146 2273 Rev.
1170 2251 1218 2280 12,
1238 2242 1300 2280 364
1419 2240 1524 2272 CALc.

199 2288 387 2320 Macrobius
415 2287 488 2320 sat.
523 2297 553 2327 3,
583 2288 634 2327 18,
663 2297 684 2326 9
711 2287 846 2327 (nucem
879 2286 1082 2324 molluscam,
1112 2285 1282 2316 Persicum
1313 2283 1402 2323 quod
1428 2284 1527 2323 vulgo

198 2335 352 2370 vocatur)
495 2331 607 2362 CARB.
635 2339 646 2361 1
663 2331 780 2361 Festus
794 2339 860 2369 330
878 2329 1028 2369 (spetile,
1042 2328 1128 2359 infra
1145 2328 1335 2359 umbilicum
1353 2327 1422 2359 suis
1438 2327 1527 2367 quod

197 2380 250 2407 est
270 2375 394 2416 carnis)
473 2374 608 2416 sueres]
627 2374 662 2414 cf
683 2373 834 2405 Heraeus
850 2373 968 2414 (Arch.
993 2373 1066 2404 Lat.
1086 2372 1162 2403 Lex.
1186 2383 1233 2410 14,
1256 2374 1328 2409 124)
1405 2371 1526 2402 callum

202 2418 363 2450 Ursinus:
389 2418 512 2458 galium
530 2418 595 2449 cod.
