1783 2707
176 319 214 352 55

178 704 220 733 60

206 158 215 168 .
236 130 265 167 ii
468 132 513 168 T.
547 132 726 171 MACCI
759 133 963 171 PLAVTI
999 133 1347 171 TRINVMMVS

237 243 307 279 Lv.
340 249 453 280 recte.
513 250 622 281 tuom
644 250 794 293 patrem
816 243 976 282 rediisse
998 245 1149 282 saluom
1172 258 1331 294 peregre
1350 246 1514 294 gaudeo.

237 308 308 345 LE.
340 307 427 356 quis
452 307 492 345 id
518 307 600 346 ait?
658 310 726 346 Lv.
759 322 843 359 ego.
904 311 973 347 LE.
1006 317 1076 347 tun
1104 308 1267 347 uidisti?
1324 311 1393 348 ΙΝ.
1426 317 1463 348 et
1484 316 1566 348 tute

1190 374 1283 413 item
1306 374 1440 413 uideas
1461 374 1561 414 licet.

238 438 307 475 LE.
341 450 365 475 O
386 445 504 487 pater,
528 445 636 488 pater
657 438 720 486 mi,
741 440 847 477 salue
865 441 871 477 1
930 440 1007 479 CH.
1041 441 1148 478 salue
1170 441 1351 487 multum,
1366 447 1482 490 gnate
1498 439 1562 479 mi.
1589 442 1677 478 1180

238 502 307 539 LE.
341 501 371 539 si
392 502 488 551 quid
510 502 590 549 tibi,
615 511 735 553 pater,
757 503 1036 543 laboris—CH.
1068 503 1166 542 nihil
1187 503 1329 550 euenit,
1353 518 1403 542 ne
1423 503 1541 543 time:

236 566 340 605 bene
360 580 400 605 re
420 575 528 616 gesta
549 569 678 605 saluos
700 569 905 607 redeo-‘si
928 577 969 607 tu
991 570 1113 608 modo
1135 569 1233 619 frugi
1254 583 1338 607 esse
1359 569 1428 608 uis.

237 633 335 670 haec
357 631 426 669 tibi
447 640 597 682 pactast
620 633 799 672 †Ca11icli
821 634 939 674 filia†.
1001 636 1071 672 LE.
1105 648 1178 684 ego
1198 635 1353 681 ducam,
1376 642 1494 684 pater,

238 705 275 735 et
310 710 396 735 eam
432 704 469 735 et
503 697 534 735 si
569 711 686 747 quam
721 698 837 736 aliam
872 698 1036 738 iubebis.
1098 701 1175 739 CH.
1219 713 1459 750 quamquam
1495 700 1565 738 tibi

1350 766 1562 813 suscensui‚

237 827 390 866 miseria
423 827 536 881 (una)
569 828 636 867 uni
672 829 833 879 quidem
868 830 1056 868 hominist
1095 831 1268 869 adfatim.
1329 831 1399 870 CA.
1443 831 1565 868 immo
1590 835 1674 880 1185

1267 895 1357 934 huic
1378 903 1563 946 parumst,

237 972 328 997 nam
350 958 380 996 si
402 972 472 1009 pro
493 959 664 1009 peccatis
686 967 846 998 centum
868 961 987 999 ducat
1007 973 1157 1007 uxores,
1182 968 1366 1010 parumst.

238 1025 310 1061 LE.
340 1031 378 1061 at
399 1023 475 1062 iam
498 1025 662 1074 posthac
684 1026 924 1075 temperabo.
986 1026 1062 1064 CH.
1096 1025 1204 1070 dicis,
1224 1025 1255 1063 si
1276 1025 1392 1063 facies
1414 1027 1545 1064 modo.

238 1090 308 1127 Lv.
341 1089 535 1139 numquid
563 1098 761 1128 caussaest
788 1090 883 1140 quin
911 1103 1071 1128 uxorem
1099 1103 1182 1128 eras
1210 1092 1373 1128 domum
1395 1092 1568 1128 ducam?

1002 1156 1078 1194 CH.
1112 1162 1368 1205 optumumst.
1430 1153 1566 1207 [licet.]

201 1234 213 1263 ;
238 1222 279 1259 tu
301 1220 339 1257 in
361 1220 620 1270 perendinum
640 1227 795 1270 paratus
812 1219 863 1258 sis
880 1227 922 1258 ut
938 1221 1071 1259 ducas.
1119 1221 1329 1259 CATERVA.
1354 1220 1538 1270 plaudite.

285 1333 365 1362 1179
390 1324 468 1354 item
487 1324 588 1354 Bothe
604 1336 610 1355 :
636 1324 724 1355 idem
742 1323 807 1355 cod.
1487 1327 1569 1364 1184

239 1371 273 1397 et
291 1377 363 1397 eam
382 1366 485 1397 Bothe
500 1377 506 1395 z
544 1365 644 1396 etiam
661 1365 727 1396 cod.
900 1366 979 1404 1185
1004 1376 1071 1396 uua
1089 1365 1166 1398 add.
1185 1365 1372 1397 Lambinus
1486 1368 1567 1406 1187

240 1410 365 1441 saciaes
381 1410 412 1440 Β
429 1422 435 1441 z
461 1409 561 1440 facias
580 1409 795 1440 Camerarius
903 1410 984 1440 1188
1008 1420 1094 1440 nunc
1112 1410 1190 1449 quid
1207 1409 1273 1442 cod.
1378 1410 1479 1440 ducat
1496 1410 1568 1440 PCD

240 1459 407 1493 optumast
426 1454 535 1493 (—tima
552 1459 617 1487 est)
639 1452 823 1483 Gronovius
898 1453 975 1483 licet
997 1453 1056 1483 del.
1081 1452 1215 1483 Gm'etns
1294 1456 1301 1470 ‘
1316 1453 1452 1493 duplicis
1468 1464 1568 1484 recen-

241 1498 342 1527 sionis
357 1497 489 1536 vestigia
506 1500 674 1536 apparent,
703 1497 781 1527 [γε.
811 1496 982 1535 Numquid
1003 1521 1008 1527 .
1030 1520 1036 1527 .
1059 1521 1064 1527 .
1083 1497 1226 1528 ducam?
1261 1497 1325 1528 Cn.
1353 1497 1569 1536 optumumst

241 1545 269 1571 et
285 1541 346 1571 CA.
385 1540 552 1579 Numquid
571 1564 577 1571 .
599 1564 606 1571 .
626 1564 633 1571 .
655 1541 775 1572 ducat?
801 1539 866 1570 CH.
897 1539 1012 1570 Licet’
1042 1540 1169 1570 Ritsclzl
