1731 2713
720 130 870 167 Pslivl
880 129 1037 167 ³0LVS
1472 129 1538 165 IV.
1560 128 1605 164 iii

325 252 445 294 atque
465 245 606 294 edepol
628 242 812 293 equidem
834 243 938 288 nolo,
963 255 1053 279 nam
1075 240 1128 279 illi
1151 241 1252 279 bene
1273 242 1375 278 uolo.

100 321 197 353 1024,
325 322 431 347 nunc
451 308 491 346 in
513 316 619 346 metu
641 321 726 345 sum
749 320 933 344 maxumo
955 305 1094 355 triplici
1118 306 1262 343 modo:

110 366 195 402 ¹0²5
325 372 493 423 primum
514 372 691 410 omnium
713 371 788 409 iam
811 372 916 409 hunc
937 383 1162 420 comparem
1185 378 1318 408 metuo
1340 384 1470 408 meum

324 451 373 475 ne
393 438 546 476 deserat
567 437 658 474 med
679 444 796 485 atque
816 436 867 474 ad
888 435 1011 473 hostis
1028 443 1197 473 transeat
1214 450 1223 481 ς
1568 451 1605 472 10

323 510 457 540 metuo
477 509 609 540 autem
630 500 679 539 ne
700 514 787 539 erus
808 501 941 538 redeat
962 499 1080 538 etiam
1102 501 1197 538 dum
1218 514 1241 538 a
1261 502 1355 547 foro,

324 581 373 606 ne
393 575 507 617 capta
526 567 672 617 praeda
692 565 796 615 capti
818 566 1037 615 praedones
1059 566 1178 603 fuant.

110 648 198 682 1030
324 646 445 682 quom
466 634 562 671 haec
584 640 728 679 metuo,
752 638 887 669 metuo
908 645 957 669 ne
979 631 1042 669 ille
1063 632 1140 668 huc
1163 633 1324 680 Harpax
1344 633 1515 669 adut-nat

323 697 418 747 priu'
439 711 557 747 quam
578 696 673 736 hinc
691 695 753 735 hic
778 698 941 746 Harpax
961 695 1099 734 abierit
1120 709 1210 733 cum
1233 695 1406 734 muliere.

321 762 416 813 perii
438 763 590 801 hercle!
620 761 787 799 nimium
809 762 918 799 tarde
940 760 1193 811 egrediuntur
1213 761 1324 799 foras.
1565 773 1603 805 ¹5

321 841 388 866 cor
407 827 610 878 conligatis
631 827 733 865 uasis
754 834 953 876 exspectat
975 839 1119 873 meum,

94 905 192 938 1034.
322 893 353 931 si
374 907 454 931 non
475 894 617 932 educat
638 892 841 931 mulierem
863 905 997 930 secum
1019 891 1145 938 simul,

106 952 191 987 ¹⁰35
321 966 364 997 ut
384 960 601 997 exsolatum
621 972 667 997 ex
688 966 846 1008 pectore
867 956 1040 1008 aufugiat
1060 971 1162 996 meo.

320 1023 446 1062 uictor
465 1037 562 1071 sum,
587 1022 664 1061 uici
685 1030 820 1061 cautos
842 1024 1027 1061 custodes
1048 1036 1169 1062 meos.

571 1136 737 1173 SIMIA
849 1135 1178 1171 P51311D0Lvs
1562 1136 1610 1170 iv

319 1218 452 1255 Suum.
486 1217 548 1254 Ne
568 1217 688 1266 plora,
712 1214 838 1253 nescis
859 1222 902 1252 ut
922 1228 981 1253 res
1003 1214 1061 1260 sit,
1087 1215 1358 1262 Phoenicium,

317 1295 454 1320 uerum
475 1282 552 1319 hau
574 1282 698 1319 multo
719 1288 807 1331 post
829 1281 917 1318 faxo
938 1279 1056 1318 scibis
1075 1280 1286 1318 accubans.

102 1363 192 1396 1040
318 1360 398 1385 non
419 1359 491 1396 ego
512 1353 550 1384 te
569 1346 619 1384 ad
640 1345 750 1383 illum
771 1347 875 1383 duco
894 1345 1102 1384 dentatum
1123 1345 1250 1383 uirum

318 1410 681 1457 Macedoniensem,
704 1410 771 1460 qui
793 1418 830 1449 te
850 1423 957 1448 nunc
978 1411 1139 1448 flentem
1160 1410 1251 1448 facit
1269 1426 1275 1448 :

315 1478 474 1528 quoiam
496 1491 580 1516 esse
601 1485 639 1516 te
659 1477 718 1515 uis
740 1491 933 1524 maxume,
956 1478 1007 1515 ad
1028 1491 1118 1515 eum
1140 1478 1307 1516 ducere:
1560 1494 1577 1525 5

315 1542 545 1582 Calidorum
566 1543 644 1580 hau
665 1543 791 1580 multo
812 1549 902 1592 post
922 1543 1010 1580 faxo
1031 1542 1315 1592 amplexabere.

315 1611 377 1646 Ps.
410 1607 506 1657 quid
527 1615 568 1645 tu
590 1606 694 1645 intus
716 1620 864 1657 quaeso
886 1606 1073 1645 desedisti
1094 1620 1212 1657 quam
1234 1606 1331 1646 diu?

98 1690 184 1726 1045
314 1672 410 1711 mihi
431 1686 497 1711 cor
517 1679 757 1710 retunsumst
777 1673 1048 1722 oppugnando
1068 1679 1236 1722 pectore.

313 1741 446 1777 ΞΙΜΙΑ.
478 1737 728 1777 occasionem
749 1737 964 1788 repperisti,
987 1738 1164 1784 uerbero,

311 1803 379 1842 ubi
400 1803 636 1854 perconteris
659 1816 735 1850 me,
756 1802 907 1841 insidiis
929 1802 1167 1841 hostilibus?
1560 1819 1597 1841 10

310 1869 405 1920 quin
427 1869 518 1907 hinc
539 1868 723 1907 metimur
742 1868 926 1919 gradibus
948 1867 1167 1906 militariis?

84 1953 181 1988 1049,
312 1937 374 1973 Ps.
406 1942 524 1985 atque
555 1935 709 1985 edepol,
742 1947 985 1985 quamquam
1020 1947 1192 1984 nequam
1231 1935 1396 1982 homo's,
1430 1943 1533 1973 recte

96 2001 185 2036 1050
1381 2013 1530 2038 moneS.

309 2066 362 2105 ite
382 2067 467 2114 hac,
490 2066 686 2117 triumphe
705 2069 711 2104 ἒ
741 2067 792 2105 ad
813 2067 1044 2104 cantharum
1066 2073 1170 2104 recta
1191 2065 1322 2103 uia.—

250 2170 330 2199 1027
347 2160 461 2191 velme
475 2161 535 2192 (ita
547 2160 629 2197 cod&
680 2164 855 2190 transeant
867 2158 931 2190 cod.
949 2159 1042 2199 (corr.
1055 2159 1117 2193 3¹)
1187 2169 1265 2197 1031
1287 2169 1387 2198 quom
1401 2169 1442 2189 m.
1459 2158 1525 2189 cod.

202 2204 354 2243 (antiqua
361 2203 493 2243 forma)
553 2214 634 2243 1033
649 2202 958 2243 expectatMerula:
979 2207 1160 2242 expectata
1169 2202 1236 2232 cod.
1251 2201 1422 2243 (AproM;
1437 2202 1476 2233 iv.
1491 2202 1526 2241 3)

205 2249 288 2287 1036
303 2252 360 2278 aut
370 2247 475 2286 fugiat
487 2246 552 2278 cod.
646 2257 726 2286 1041
745 2251 778 2277 te
793 2257 880 2277 nunc
893 2246 1105 2277 Camerarius
1120 2257 1127 2276 :
1143 2245 1267 2276 lenunc
1278 2245 1342 2276 cod.
1358 2246 1470 2286 (Lpro
1482 2246 1525 2282 T)

206 2301 288 2330 1042
312 2291 436 2321 ducere
456 2290 597 2331 Ussing:
623 2291 709 2320 duco
726 2294 760 2320 te
777 2290 842 2320 cod.
860 2290 893 2330 (i.
907 2291 966 2330 92)
1058 2300 1140 2328 1044
1164 2290 1215 2320 vel
1229 2289 1390 2320 desedisti
1405 2291 1414 2320 3
1429 2300 1526 2328 quam

197 2335 259 2365 diu
352 2344 432 2373 1047
457 2334 684 2373 percunctetis
711 2332 771 2364 rod.
910 2333 992 2372 1048
1016 2333 1131 2363 accedit
1149 2333 1182 2362 A
1274 2333 1307 2362 hi
1329 2333 1527 2363 cometirnur

203 2380 256 2415 (ut
269 2377 348 2417 vid.)
371 2377 402 2407 T
414 2378 489 2418 (pro
505 2377 619 2415 hicm-,
638 2377 659 2407 i.
674 2388 697 2407 e.
719 2377 797 2407 hinc
814 2376 872 2415 m.)
889 2387 895 2406 z
920 2377 966 2406 hii
984 2386 1026 2407 m.
1046 2376 1099 2406 B:
1125 2376 1178 2406 hic
1195 2386 1237 2407 m.
1253 2375 1326 2405 PCD
1432 2387 1523 2416 1049,

205 2430 288 2459 1050
311 2431 422 2461 nequa
438 2419 525 2451 codd.
618 2420 719 2450 homo
738 2422 817 2460 (om.
837 2421 889 2459 es)
907 2419 940 2449 A
1078 2429 1156 2458 1051
1183 2419 1341 2459 triumphi
1358 2420 1391 2450 P

1376 2463 1438 2493 20*
