1731 2713
743 116 968 154 RVDENS
1491 118 1517 155 1.
1541 117 1586 154 iv

303 227 368 263 ΡΑ.
402 239 572 276 occupas
594 223 793 276 praeloqui
817 237 918 274 quae
940 237 1025 263 mea
1047 224 1218 264 oratiost.

300 304 404 328 nunc
425 290 531 329 abire
553 289 644 328 hinc
665 291 778 328 decet
800 302 882 327 nos.
942 292 1024 327 AM.
1057 302 1147 339 quo,
1170 290 1324 337 amabo,
1349 290 1522 329 ibimus?

105 360 174 397 250
302 356 368 392 ΡΛ.
400 354 489 392 litus
512 355 587 393 hoc
608 367 898 404 persequamur.
958 355 1039 392 ΑΜ.
1072 367 1215 404 sequor
1235 367 1315 405 quo
1336 354 1452 394 lubet.

216 409 221 413 ’
298 419 418 457 sicine
439 419 502 457 hic
523 432 612 458 cum
635 419 755 457 uuida
776 426 884 457 ueste
903 418 1194 469 grassabinmr?

300 485 365 521 ΡΑ.
399 485 475 522 hoc
495 485 603 534 quod
624 492 692 531 est,
717 483 756 522 id
778 483 1040 522 necessarium
1062 491 1119 522 est
1140 484 1300 534 perpeti.
1540 502 1577 533 35

350 549 420 587 sed
440 548 536 598 quid
563 550 649 595 hoc,
673 561 848 599 opsecro,
871 549 958 587 est?
1001 550 1082 586 ΛΜ.
1116 548 1241 599 quid?
1287 551 1352 588 ΡΛ.
1385 550 1518 598 uiden,

1361 616 1515 663 amabo,

403 680 536 717 fanum
555 676 752 732 [uidesne]
775 680 881 717 hoc?
924 680 1005 716 Am.
1039 678 1104 717 ubi
1127 681 1214 718 est?
1259 681 1326 718 ΡΑ.
1359 681 1409 719 ad
1430 682 1518 720 dex-

423 754 425 756 ’
1382 753 1514 784 teram.

102 818 143 855 25
150 818 167 855 5
403 811 409 839 s
458 811 538 847 AM.
572 809 690 848 uideo
711 810 900 848 decorum
921 808 982 848 dis
1003 810 1134 848 locum
1158 809 1334 849 uiderier.

189 875 256 912 ΡΛ.
290 875 366 913 hau
387 875 503 925 longe
529 874 667 913 abesse
688 881 842 924 oportet
863 873 1043 912 homines
1065 873 1168 921 hinc,
1191 874 1243 913 ita
1264 875 1327 914 hic
1348 875 1518 925 lepidust

1394 942 1514 979 locus.

239 1005 416 1056 quisquis
437 1012 495 1044 est
516 1006 616 1052 deu',
640 1018 806 1043 ueneror
826 1011 868 1043 ut
889 1017 961 1043 nos
982 1018 1029 1043 ex
1049 1005 1122 1043 hac
1142 1018 1330 1043 aerumna
1349 1005 1503 1053 eximat,
1536 1023 1577 1053 40

241 1071 409 1118 misera-S,
433 1070 582 1120 inopes,
606 1083 859 1109 aerumnosas
882 1076 923 1108 ut
943 1069 1076 1125 aliquo
1097 1069 1241 1109 auxilio
1260 1070 1431 1109 adiuuet.

187 1181 674 1217 PTOLEMOCRATIA
763 1180 1095 1216 PALAESTRA
1183 1181 1515 1219 AMPELlscA
1537 1191 1565 1216 v

293 1263 360 1299 PT.
393 1260 474 1310 Qui
495 1268 585 1299 sunt
605 1260 673 1311 qui
693 1274 716 1299 a
735 1268 900 1311 patrona
920 1273 1055 1311 preces
1077 1274 1163 1300 mea
1184 1263 1463 1312 expetessunt?

98 1330 167 1365 260
293 1339 384 1364 nam
406 1339 483 1364 uox
503 1339 566 1364 me
587 1332 817 1376 precantum
839 1325 917 1364 huc
938 1327 1039 1364 foras
1060 1325 1254 1365 excitauit.

293 1391 439 1429 bonam
459 1398 578 1441 atque
597 1398 885 1441 opsequentem
906 1391 1022 1429 deam
1043 1398 1161 1441 atque
1181 1392 1258 1429 hau
1278 1400 1478 1441 granatam

292 1463 496 1506 patronam
519 1463 783 1506 exsequontur
802 1455 1096 1506 benignamque
1117 1457 1295 1494 multum.

293 1524 361 1560 ΡΑ.
395 1521 576 1560 iubemus
598 1529 636 1560 te
657 1523 817 1567 saluere,
842 1528 974 1559 mater.
1036 1523 1102 1558 PT.
1135 1523 1294 1568 saluete‚
1538 1540 1555 1571 5

560 1587 724 1636 puellae.
787 1587 856 1624 sed
878 1586 972 1624 und’
992 1598 1063 1625 uos

97 1656 162 1701 265
345 1651 399 1691 ire
419 1665 510 1690 cum
531 1651 652 1691 uuida
672 1645 782 1690 ueste
803 1650 944 1698 dicam,
968 1663 1143 1701 opsecro,

74 1719 163 1764 265³
613 1724 693 1756 tam
716 1716 914 1756 maestiter
934 1715 1124 1755 uestitas?

346 1784 414 1820 ΡΑ.
446 1781 537 1821 ilico
557 1782 649 1821 hinc
670 1781 782 1829 imus,
806 1782 884 1820 hau
905 1782 1063 1831 longule
1083 1794 1130 1820 ex
1150 1782 1227 1821 hoc
1247 1783 1336 1821 loco
1348 1797 1360 1831 3

342 1861 479 1887 uerum
500 1849 616 1898 longe
637 1847 729 1886 hinc
749 1847 860 1886 abest
881 1847 988 1886 unde
1008 1847 1199 1885 aduectae
1220 1848 1297 1885 huc
1318 1861 1464 1888 sumus.
1534 1860 1572 1884 10

344 1915 411 1952 PT.
443 1926 588 1964 nempe
607 1926 711 1963 equo
731 1912 862 1963 ligneo
882 1925 950 1963 per
970 1911 1053 1951 uias
1073 1913 1247 1951 caerulas

224 2017 287 2055 248
310 2020 397 2047 mest
418 2016 525 2047 oratio
545 2016 586 2057 P,
604 2016 637 2046 A
655 2026 687 2047 n.
701 2015 720 2048 l.
741 2016 813 2056 (pro
830 2020 939 2047 meast
957 2016 1044 2054 or.):
1070 2026 1150 2046 corr.
1179 2014 1328 2056 Pylades,
1348 2015 1428 2047 Reiz
1452 2016 1506 2057 (cf

181 2059 227 2091 ad
245 2059 339 2091 Merc.
357 2059 436 2100 230)
542 2069 605 2099 249
633 2069 700 2100 quo
723 2059 887 2091 elisionem
911 2059 1032 2090 vocalis
1051 2060 1182 2100 patiens
1203 2059 1347 2100 displicet
1449 2070 1509 2099 251

180 2103 237 2135 hie
254 2113 331 2141 cum
352 2103 430 2134 uiuo
445 2108 563 2136 aueste
579 2103 619 2143 P,
639 2103 672 2134 A
691 2113 723 2133 n.
748 2103 769 2133 l.
794 2115 801 2134 :
824 2114 903 2134 corr.
922 2101 1110 2134 saracenus
1127 2115 1133 2134 :
1157 2103 1212 2135 hic
1236 2104 1269 2134 in
1288 2103 1399 2134 umida
1415 2110 1511 2135 ueste

180 2146 269 2179 codd.
288 2146 448 2178 Macrobii
461 2147 498 2178 de
513 2147 595 2179 verb.
614 2147 682 2188 diff
704 2147 742 2178 G.
760 2147 800 2178 L.
815 2157 844 2187 5,
864 2149 928 2187 652
945 2146 982 2178 K
1090 2155 1153 2186 254
1177 2147 1320 2179 uidesne
1336 2146 1394 2179 del.
1412 2147 1514 2179 Bm'er

182 2190 230 2232 (A
248 2201 281 2223 n.
302 2191 340 2231 l.)
357 2192 409 2231 (cf.
429 2202 456 2222 v.
474 2200 557 2231 253;
581 2191 622 2222 iv.
646 2192 676 2230 Ι)
766 2200 827 2230 257
852 2191 902 2222 vel
913 2190 960 2222 uti
980 2189 1093 2226 (zhmb.
1113 2191 1275 2231 octonan)
1341 2191 1456 2230 exigat
1476 2191 1509 2221 A

181 2244 245 2275 259
269 2238 389 2275 preces
403 2234 508 2275 m(ea)
524 2238 578 2266 ex.
595 2245 661 2266 non
678 2234 814 2265 omnino
824 2234 937 2275 placet,
951 2233 1057 2264 multo
1069 2234 1183 2264 minus
1199 2237 1319 2273 preces
1331 2234 1436 2275 me(a)
1456 2238 1509 2266 ἐκ.

181 2279 328 2317 261-481
353 2277 438 2309 deest
452 2278 485 2308 A
603 2279 683 2317 265⁸
706 2287 749 2310 m.
767 2282 864 2309 ueste
880 2277 1020 2308 uestitas
1035 2276 1126 2307 codd.
1146 2277 1323 2316 Non1'1'511
1444 2280 1509 2309 266

180 2325 238 2352 aut
262 2321 398 2360 longula
419 2332 463 2352 ex
484 2320 549 2352 cod.
703 2321 766 2352 268
799 2330 886 2360 equo
908 2320 1006 2352 ItaL:
1033 2325 1067 2350 et
1089 2330 1156 2360 quo
1181 2320 1231 2362 (et
1254 2321 1344 2361 quod
1368 2320 1414 2363 B)
1438 2321 1504 2354 cod.

181 2365 354 2399 caeruleas
369 2364 451 2404 cod.‚
468 2368 578 2396 contra
595 2368 738 2396 metrum
