1664 2661
95 380 160 418 I.i

120 1086 156 1107 10

116 1805 153 1827 20

699 263 933 312 ACTVS
985 265 1003 311 Ι

338 381 860 418 PYRGOPOLYNICES
970 383 1349 422 ARTOTROGVS

180 486 247 523 ΡΥ.
281 485 426 524 Curate
446 480 492 522 ut'
508 484 694 533 splendor
715 497 803 522 meo
826 483 873 522 sit
894 485 1035 534 clupeo
1057 484 1194 523 clarior

178 562 297 599 quam
318 549 409 588 solis
431 548 527 588 radii
549 562 633 588 esse
654 548 748 587 olim
770 562 891 599 quom
914 550 1094 588 sudumst
1115 551 1251 597 solent,

178 622 230 661 ut,
254 614 321 653 ubi
343 628 435 653 usus
456 613 598 660 ueniat,
623 621 757 652 contra
778 622 958 652 conserta
979 628 1097 653 manu

178 679 431 729 praestringat
453 681 657 718 oculorum
677 679 802 718 aciem
832 678 835 731 Ι
862 679 901 717 in
922 679 1005 718 acie
1026 680 1214 719 hostibus.

176 758 268 782 nam
290 757 362 794 ego
384 745 486 782 hanc
508 745 755 783 machaeram
777 744 874 782 mihi
894 745 1087 784 consolari
1109 747 1211 793 uolo,
1526 764 1542 802 5

178 823 226 848 ne
248 811 482 848 lamentetur
502 822 603 848 neue
623 809 799 848 animum
821 811 1077 860 despondeat,

177 875 269 924 quia
289 888 330 913 se
350 874 427 913 iam
449 875 601 925 pridem
623 874 796 913 feriatam
817 875 1009 925 gestitem,

177 953 278 989 quae
299 940 440 979 misera
458 940 573 990 gestit
595 941 732 979 fartem
754 942 879 980 facere
901 955 947 979 ex
967 941 1156 981 hostibus.

177 1007 246 1044 sed
268 1005 334 1043 ubi
356 1007 587 1055 Artotrogus
609 1006 672 1044 hic
693 1007 780 1044 est?
836 1008 913 1044 AR.
947 1014 1021 1045 stat
1042 1015 1200 1058 propter
1219 1008 1346 1047 uirum

177 1071 315 1108 fortem
337 1078 455 1120 atque
476 1071 717 1108 fortunatum
740 1079 776 1109 et
797 1062 921 1110 forma
942 1061 1069 1121 regia}
1527 1089 1568 1115 10

176 1143 259 1173 tum
281 1135 676 1174 bellatorem—Mars
698 1137 804 1175 haud
825 1136 925 1175 ausit
946 1129 1080 1175 dicere*

176 1213 304 1250 neque
323 1201 576 1251 aequiperare
597 1214 686 1239 suas
707 1201 870 1240 uirtutes
891 1203 941 1240 ad
963 1198 1058 1240 tuas

177 1268 244 1304 ΡΥ.
277 1279 448 1317 quemne
469 1280 542 1317 ego
563 1268 715 1305 seruaui
738 1267 777 1305 in
798 1268 947 1318 campis
969 1268 1268 1316 Curculionieis‚

176 1331 243 1369 ubi
265 1331 628 1371 Bumbomachides
652 1332 1188 1383 Clutomestoridysarchides

137 1412 153 1443 5
175 1403 255 1434 erat
277 1398 488 1446 imperator
508 1410 695 1444 summus,
721 1397 898 1448 Neptuni
929 1399 1082 1449 nepos?
1404 1451 1410 1453 ‚
1525 1414 1562 1450 15

175 1463 250 1499 AR.
285 1461 456 1500 memini.
516 1475 660 1513 nempe
681 1462 789 1501 illum
811 1462 910 1501 dicis
931 1477 1022 1502 cum
1043 1463 1159 1502 armis
1179 1463 1315 1511 aureis

173 1526 315 1576 quoius
336 1534 378 1565 tu
398 1527 571 1577 legiones
593 1527 791 1566 difflauisti
812 1527 960 1578 spiritu,

174 1591 284 1642 quasi
306 1599 447 1630 uentus
468 1592 560 1631 folia
579 1600 646 1631 aut
667 1592 894 1643 peniculum
917 1593 1135 1632 tectorium.

176 1658 242 1695 ΡΥ.
276 1657 375 1695 istuc
405 1657 567 1707 quidem
597 1659 739 1708 edepol
771 1658 867 1697 nihil
898 1667 966 1698 est.
1026 1662 1102 1698 AR.
1135 1659 1231 1698 nihil
1261 1660 1391 1699 hercle
1424 1660 1499 1698 hoc

1302 1725 1499 1776 quidemst
1527 1743 1530 1747 >

173 1795 309 1837 praeut
329 1788 403 1826 alia
424 1788 711 1840 dicam—quae
736 1797 776 1828 tu
799 1804 1014 1841 numquam
1037 1790 1182 1830 feceris.
1519 1802 1564 1827 20

172 1852 420 1902 peiiuriorem
442 1855 517 1892 hoe
539 1854 742 1894 hominem
765 1855 796 1894 si
817 1855 903 1906 quis
925 1855 1065 1894 uiderit

219 1956 244 1987 1.
270 1957 278 1987 i
303 1957 413 1997 incipit
434 1957 492 1997 A;
522 1969 625 1998 usque
641 1958 687 1989 ad
706 1970 734 1990 v.
765 1969 801 1997 17
821 1964 929 1999 pauca
949 1964 1075 1990 servata
1208 1970 1224 1999 7
1251 1959 1322 1990 fieri
1344 1964 1445 1991 attam
1469 1960 1503 1991 P

173 2000 193 2029 8
215 2010 315 2039 quem
332 2001 366 2031 P
435 2002 554 2041 misere
572 2002 604 2031 A
686 2003 825 2041 gestitet
841 2002 881 2042 P,
897 2002 930 2032 A
950 2013 980 2033 n.
997 2003 1016 2033 l.
1039 2002 1091 2041 (cf.
1109 2013 1139 2033 v.
1158 2005 1190 2042 7)
1271 2003 1389 2033 fartem
1408 2003 1495 2041 (-im)

173 2042 324 2080 Skutsch,
344 2045 443 2075 etiam
466 2044 521 2075 ΡΑ
545 2049 583 2076 ut
603 2045 663 2077 vid.
692 2046 831 2084 (fartum
852 2045 967 2086 (-im2)
991 2045 1085 2086 TU),
1104 2046 1239 2077 fratrem
1262 2046 1373 2086 (-im?)
1391 2046 1493 2087 PBG),

172 2087 204 2117 A
233 2097 264 2118 n.
293 2088 312 2119 l.
451 2098 485 2118 11
513 2093 578 2119 tam
604 2088 707 2119 Bothe
802 2099 856 2119 ars
887 2088 920 2119 P
949 2090 1042 2129 (corr.
1079 2089 1137 2129 32)
1274 2099 1312 2119 12
1336 2089 1436 2129 nequi
1465 2089 1500 2120 P

176 2140 213 2169 13
237 2140 355 2162 eureus
381 2131 420 2162 lis
447 2132 545 2162 donis
570 2131 604 2162 P
747 2142 785 2171 14
812 2132 930 2162 Bumb.
962 2131 1119 2172 Pylades:
1153 2132 1424 2163 bumbomarides
1451 2133 1491 2173 P,

170 2174 204 2202 A
227 2185 259 2205 n.
288 2174 308 2206 l.
414 2175 559 2206 Clutom.
590 2175 734 2206 Ritscld:
760 2176 883 2206 elutum
909 2175 972 2206 ista
998 2176 1080 2206 ridis
1099 2176 1246 2206 archidis
1267 2175 1308 2214 P,
1333 2176 1365 2205 A
1391 2187 1423 2207 n.
1451 2176 1493 2207 I.:

171 2217 654 2258 Clutomistharidysarchides
674 2218 740 2249 Leo
875 2219 914 2248 16
936 2219 1037 2249 armis
1060 2219 1134 2250 Ital.
1154 2231 1160 2249 :
1188 2219 1276 2250 auris
1295 2219 1334 2257 P,
1358 2219 1391 2249 A
1415 2230 1446 2250 u.
1472 2219 1490 2250 ι’.

171 2261 216 2300 (v.
234 2264 268 2299 4)
400 2271 435 2300 17
460 2262 594 2300 egionis
614 2262 647 2292 P
765 2263 802 2292 18
826 2266 882 2292 aut
902 2261 1031 2292 Merula
1050 2274 1056 2293 :
1081 2266 1115 2292 ut
1132 2262 1171 2301 P,
1188 2262 1220 2292 A
1241 2273 1272 2293 n.
1289 2262 1307 2292 Ι.
1400 2264 1492 2302 pani-

170 2304 280 2334 culum
300 2304 476 2344 Turnebus,
493 2304 525 2334 A
543 2316 572 2335 u.
590 2305 610 2336 Ι.
631 2305 703 2343 (sed
712 2305 783 2336 vide
795 2305 896 2336 class.
914 2304 990 2336 Rev.
1006 2306 1037 2344 6,
1054 2306 1110 2341 88>
1221 2315 1261 2344 19
1285 2306 1347 2336 hoc
1359 2306 1492 2345 quidem

169 2346 204 2378 P
217 2347 268 2387 (gf.
283 2349 341 2388 31)
454 2358 496 2379 20
519 2352 554 2378 tu
572 2359 637 2389 que
655 2348 688 2380 P
702 2349 736 2389 (i.
746 2360 769 2380 e.
789 2353 823 2379 tu
842 2349 1029 2388 quae,fort.
1050 2353 1139 2386 recte3
1164 2347 1269 2386 sedcf.
1290 2348 1377 2379 adv.
1397 2350 1454 2390 45)

916 2513 938 2523 l
