1783 2707
193 122 238 157 V.
264 121 309 158 iii
686 123 732 158 T.
767 122 947 161 MACCI
979 123 1183 160 PLAVTI

203 247 218 275 4
227 245 243 276 5
270 232 343 268 DA.
378 229 582 281 uapulabis
604 230 769 269 uerbum
792 229 823 268 si
843 230 966 269 addes
988 229 1063 269 isto
1084 244 1220 269 unum.
1273 233 1349 270 GR.
1382 234 1446 271 uel
1465 234 1595 272 hercle

1470 297 1592 346 enica,

266 374 345 399 non
368 361 508 399 tacebo
531 373 720 410 umquam
742 360 818 399 alio
840 367 957 410 pacto
978 359 1052 399 nisi
1073 362 1223 400 talento
1243 361 1493 412 comprimor.

267 427 338 464 LA.
369 425 440 464 tibi
471 439 630 476 operam
660 425 889 476 hicquidem
912 426 988 464 dat.
1050 434 1146 465 tace.
1208 428 1283 465 DA.
1318 428 1494 466 concede
1518 429 1594 466 hoc

1150 498 1203 538 tu,
1228 492 1328 530 leno.
1390 494 1458 530 LA.
1491 492 1591 531 licet.

266 557 343 595 GR.
389 557 518 607 palam
549 570 631 606 age,
664 558 757 594 nolo
790 569 863 606 ego
902 555 1190 595 murmurillum
1225 570 1355 608 neque
1395 570 1594 596 susurrum

1501 622 1592 661 fieri.

267 689 342 726 DA.
375 686 439 726 dic
456 686 551 725 mihi
573 686 709 736 quanti
731 686 836 725 illam
858 686 986 725 emisti
1007 693 1115 725 tuam
1133 688 1293 726 alteram
1312 686 1592 735 mulierculam,
1618 700 1703 737 1405

202 767 245 799 50
266 752 564 803 Ampeliscam?
623 754 693 790 LA.
727 751 832 791 mille
854 765 1060 790 nummum
1088 752 1356 791 denumeraui.
1418 754 1493 791 DA.
1526 753 1593 791 uin

1525 818 1595 858 tibi

265 882 544 922 condicionem
566 883 806 921 luculentam
829 884 924 921 ferre
946 885 1039 921 me?
1098 885 1166 920 LA.
1201 896 1295 922 sane
1316 884 1419 922 uolo.

267 950 343 987 DA.
375 947 583 988 diuiduom
606 949 797 986 talentum
819 947 971 986 faciam.
1023 949 1092 986 LA.
1128 948 1229 986 bene
1250 948 1354 986 facis.
1417 949 1491 986 DA.
1524 961 1595 998 pro

1378 1013 1443 1051 illa
1463 1015 1592 1060 altera,

264 1080 386 1119 libera
406 1086 447 1118 ut
469 1079 528 1126 sit,
553 1078 761 1118 dimidium
785 1078 855 1116 tibi
877 1092 1001 1126 sume,
1023 1078 1233 1117 dimidium
1256 1080 1334 1117 huc
1355 1079 1465 1117 cedo.

267 1148 336 1185 LA.
370 1158 562 1184 maxume.
625 1146 700 1182 DA.
733 1157 803 1194 pro
833 1143 899 1181 illo
929 1144 1096 1183 dimidio
1127 1158 1199 1194 ego
1222 1144 1388 1194 Gripum
1417 1143 1592 1182 emittam
1618 1156 1707 1191 1410

1461 1223 1591 1257 manu,

203 1293 243 1325 55
266 1290 384 1328 quem
406 1283 563 1327 propter
584 1283 625 1314 tu
647 1275 827 1314 uidulum
849 1282 886 1313 et
909 1288 981 1325 ego
1002 1283 1161 1325 gnatam
1182 1275 1329 1314 inueni.
1389 1277 1458 1313 LA.
1493 1276 1593 1314 bene

1486 1340 1591 1389 facis,

263 1407 425 1458 gratiam
447 1407 576 1445 habeo
598 1419 789 1456 magnam.
844 1406 919 1444 GR.
954 1418 1073 1455 quam
1095 1418 1187 1444 mox
1208 1405 1261 1443 mi
1282 1412 1485 1456 argentum
1502 1418 1594 1456 ergo

1396 1471 1594 1509 redditur?

265 1541 342 1578 m.
373 1552 433 1577 res
468 1539 594 1577 soluta
628 1544 699 1584 est,
735 1536 867 1587 Gripe.
928 1549 1000 1586 ego
1041 1536 1181 1574 habeo.
1243 1537 1318 1574 GR.
1351 1536 1389 1574 at
1424 1549 1496 1586 ego
1532 1535 1593 1574 me

1271 1602 1400 1639 hercle
1422 1602 1591 1639 mauolo.

266 1672 341 1708 DA.
374 1668 471 1707 nihil
501 1669 630 1707 hercle
660 1666 723 1705 hic
754 1666 824 1705 tibi
855 1674 923 1713 est,
956 1666 1005 1706 ne
1036 1674 1078 1705 tu
1109 1679 1250 1716 speres.
1322 1665 1413 1704 iuris
1441 1665 1593 1704 iurandi

1502 1731 1593 1768 uolo

264 1799 425 1850 gratiam
447 1798 577 1837 facias.
638 1798 714 1836 GR.
747 1797 843 1848 perii
866 1798 1018 1836 hercle!
1049 1795 1123 1835 nisi
1145 1809 1209 1835 me
1230 1796 1431 1845 suspendo
1451 1793 1590 1833 occidi.
1617 1807 1704 1845 1415

204 1871 247 1904 60
265 1877 483 1915 numquam
513 1864 644 1902 hercle
674 1862 815 1901 iterum
838 1861 1067 1901 defrudabis
1099 1874 1161 1899 me
1183 1860 1344 1910 quidem
1372 1866 1461 1910 post
1488 1860 1593 1897 hunc

1475 1923 1591 1963 diem.

268 1996 343 2032 DA.
376 1993 440 2032 hic
460 1992 581 2032 hodie
603 2000 755 2039 cenato,
779 1993 880 2031 leno.
943 1993 1014 2029 LA.
1047 1992 1123 2038 fiat,
1149 1989 1333 2028 condicio
1355 1990 1494 2040 placet.

269 2061 344 2098 DA.
377 2058 587 2110 sequimini
609 2058 721 2097 intro.
837 2064 1088 2108 spectatoreS,
1111 2069 1182 2094 uos
1204 2068 1364 2105 quoque
1384 2055 1434 2093 ad
1455 2067 1594 2092 cenam

1439 2132 1592 2166 uocem,

314 2240 392 2269 1401
420 2230 524 2261 addes
548 2228 643 2260 Ima:
669 2228 756 2259 adde
781 2226 846 2258 cod.
868 2239 875 2258 ι
899 2226 995 2257 addis
1016 2225 1082 2256 Leo
1172 2235 1274 2255 unum
1296 2225 1379 2254 istuc
1405 2223 1489 2263 (-tuc
1513 2221 1594 2262 cod.)

267 2274 346 2305 Reiz
493 2283 575 2312 1403
601 2277 673 2302 tace
704 2270 859 2302 Guietns:
896 2270 1014 2301 tacebo
1047 2268 1133 2300 codd.
1173 2269 1264 2308 (sort.
1293 2273 1355 2309 pro
1380 2266 1446 2299 GR.
1480 2271 1596 2305 taceo3

265 2329 294 2358 v,
311 2328 343 2358 p.
361 2318 417 2359 78)
520 2327 602 2355 1404
627 2325 691 2355 ego
708 2314 796 2346 codd.
815 2314 921 2344 Nom'i
938 2324 996 2352 142
1015 2324 1020 2342 :
1045 2324 1110 2343 0111.
1129 2312 1195 2342 cod.
1294 2311 1376 2350 1408
1400 2310 1482 2341 facis
1498 2309 1572 2342 Ital.
1587 2320 1594 2339 :

267 2362 368 2392 facias
400 2359 465 2392 cod.
603 2370 684 2398 1409
715 2358 792 2389 huic
818 2357 891 2387 ΡΠ)
917 2358 966 2396 (tf
991 2356 1037 2386 ad
1058 2357 1153 2394 1387)
1307 2364 1387 2393 1413
1418 2354 1532 2383 hercle
1563 2358 1595 2383 at

266 2415 331 2446 ego
348 2415 401 2435 me
419 2403 484 2435 cod.
501 2415 506 2434 :
534 2403 607 2434 tras.
627 2401 844 2435 Studennmd
949 2410 1030 2440 1415
1056 2400 1157 2430 facias
1173 2398 1247 2430 Ital.
1262 2410 1268 2431 :
1294 2398 1411 2429 faciam
1428 2396 1491 2431 cod.

963 2523 986 2533 l
