1783 2707
154 154 207 191 II.
230 154 277 190 iv
645 154 690 190 T.
726 152 906 190 MACCI
939 151 1143 188 PLAVTI

168 274 209 316 65
232 274 404 304 ceterum
426 279 505 315 quo
526 265 702 315 quidque
722 272 838 314 pacto
858 263 973 302 saciat
993 262 1067 312 ipsi
1088 262 1232 300 dixero.
1577 269 1642 306 755

232 332 347 370 CALI.
381 330 476 380 quid
497 343 602 368 nunc
630 329 744 379 igitur
771 330 948 366 stamus?
1006 329 1068 365 Ps.
1100 326 1304 365 hominem
1332 338 1422 363 cum
1450 337 1559 362 orna-

1210 390 1353 429 mentis
1374 388 1558 427 omnibus

230 468 459 500 exornatum
480 459 666 499 adducite
687 460 737 497 ad
759 471 821 497 me
842 458 919 496 iam
940 459 991 496 ad
1012 456 1238 506 tarpezitam
1259 454 1515 494 Aeschinum.

230 529 299 565 sed
322 534 535 576 properate.
596 527 710 565 CALI.
744 524 849 575 prius
870 523 923 561 illi
946 523 1089 562 erimus
1106 535 1225 572 quam
1246 522 1424 559 tu.—Ps.
1454 518 1559 557 abite

1324 599 1415 635 ergo
1437 584 1556 623 ocius.

230 656 425 706 quidquid
446 655 583 694 incerti
605 655 656 693 mi
677 654 717 692 in
738 654 871 692 animo
892 653 997 704 prius
1018 660 1085 691 aut
1105 651 1333 701 ambiguom
1354 650 1435 696 fuit,

170 734 210 770 70
231 735 336 760 nunc
358 722 489 771 liquet,
513 734 619 758 nunc
640 721 925 758 defaecatumst
946 732 1013 757 cor
1034 717 1130 756 mihi
1149 733 1156 764 ;
1185 731 1291 755 nunc
1311 715 1548 766 peruiamst:
1580 722 1648 766 760

231 786 360 825 omnis
382 786 519 824 ordine
540 785 599 823 his
621 785 694 822 sub
716 783 834 834 signis
856 785 1001 822 ducam
1022 783 1196 833 legiones
1220 795 1326 820 meas

229 848 292 886 aui
314 845 537 899 sinist<e>ra,
564 846 567 897 Ι
594 845 771 895 auspicio
792 845 944 895 liquido
964 853 1083 894 atque
1104 858 1150 882 ex
1171 843 1389 890 sententia3

230 911 471 951 confidentia
492 919 550 949 est
571 910 751 949 inimicos
773 923 883 948 meos
905 923 967 948 me
988 922 1104 959 posse
1124 910 1298 959 perdere.

230 991 335 1016 nunc
358 977 424 1015 ibo
444 979 495 1015 ad
516 978 643 1015 forum
665 983 783 1025 atque
804 975 979 1013 onerabo
1001 974 1097 1013 meis
1118 973 1336 1024 praeceptis
1358 972 1534 1018 Simiam,

173 1058 208 1091 75
230 1043 325 1093 quid
346 1050 445 1092 agat,
468 1055 518 1080 ne
539 1041 634 1091 quid
656 1040 809 1087 titubet,
832 1041 950 1078 docte
971 1046 1013 1077 ut
1034 1041 1136 1077 hanc
1157 1040 1253 1077 ferat
1274 1037 1477 1076 fallaciam.
1581 1040 1647 1085 765

230 1108 308 1147 iam
329 1120 402 1157 ego
423 1108 498 1145 hoc
520 1106 649 1157 ipsum
664 1104 856 1156 oppidum
871 1112 1138 1155 expugnatum
1154 1105 1244 1142 faxo
1261 1102 1330 1141 erit
1345 1101 1561 1141 lenonium.

711 1357 948 1406 ACTVS
1001 1357 1079 1404 III

97 1477 212 1516 nri
826 1471 973 1506 PVER

342 1571 449 1621 Quoi
470 1570 700 1610 seruitutem
721 1569 761 1608 di
783 1570 934 1607 danunt
955 1567 1154 1606 lenoniam

340 1650 474 1688 puero,
497 1644 615 1686 atque
636 1635 766 1674 eidem
788 1634 820 1673 si
840 1634 994 1672 addunt
1015 1631 1310 1683 turpitudinem,

341 1716 391 1740 ne
411 1702 476 1749 illi,
500 1708 693 1751 quantum
714 1713 787 1750 ego
808 1712 914 1737 nunc
935 1699 1054 1737 corde
1076 1697 1278 1748 conspicio
1300 1710 1401 1744 meo,

342 1769 486 1805 malam
507 1780 589 1805 rem
611 1779 793 1815 magnam
817 1765 1041 1814 multasque
1061 1776 1269 1801 aerumnas
1290 1764 1454 1800 danunt.
1584 1762 1654 1809 770

192 1852 209 1883 5
340 1834 449 1871 uelut
469 1833 567 1870 haec
588 1831 641 1869 mi
662 1830 795 1869 euenit
816 1828 993 1876 seruitus,
1017 1828 1086 1866 ubi
1107 1842 1179 1878 ego
1200 1827 1385 1866 omnibus

341 1897 470 1948 paruis
492 1896 722 1947 magnisque
744 1894 908 1933 miseriis
929 1893 1163 1944 praefulcior
1181 1908 1188 1931 ε

342 1977 472 2013 neque
493 1976 565 2013 ego
585 1969 800 2000 amatorem
823 1959 877 1998 mi
898 1959 1075 1998 inuenire
1096 1960 1220 1997 ullum
1242 1971 1346 2008 queo

344 2029 411 2079 qui
431 2035 536 2066 amet
557 2041 634 2075 me,
654 2034 697 2065 ut
717 2040 827 2065 curer
849 2026 1010 2064 tandem
1032 2024 1294 2063 nitidiuscule.

279 2135 342 2172 760
366 2133 550 2173 peruiamst
567 2131 730 2172 Spengel·
768 2132 916 2180 peruiast
935 2131 1036 2163 (PBG)
1056 2129 1105 2160 vel
1120 2129 1270 2169 prouiast
1284 2130 1451 2169 (promast
1463 2128 1488 2167 ἲ)
1505 2127 1565 2167 (Τ)

235 2177 321 2208 cod.:
370 2177 557 2217 peruiumst
588 2175 662 2207 Ital.
813 2176 870 2205 vir
900 2175 1005 2213 proba
1034 2174 1122 2204 uiast
1267 2173 1325 2212 761
1354 2172 1472 2202 ordine
1515 2171 1566 2201 his

236 2221 375 2251 Mueller
391 2220 521 2261 (lehem.
550 2219 639 2250 Mus.
660 2229 710 2258 54,
732 2218 835 2267 5363:
860 2219 998 2248 ordines
1014 2217 1079 2248 cod.
1101 2218 1127 2253 (ἲ
1140 2222 1201 2257 pto
1218 2216 1355 2255 ordinis
1371 2221 1432 2256 pro
1447 2215 1566 2245 ordine

236 2265 292 2295 is·
329 2265 349 2295 i.
375 2275 404 2303 7
433 2275 463 2304 p.
495 2264 594 2294 1085:
619 2263 766 2293 ordine
763 2263 883 2296 immo
909 2262 972 2294 -niB
998 2261 1145 2301 Scaltget
1290 2261 1352 2299 762
1377 2269 1420 2289 ex
1448 2257 1567 2299 (mea)

236 2307 341 2338 Bothe
440 2309 501 2346 764
528 2307 603 2337 iniis
619 2285 999 2345 cod.(cviliq1ms)11na]
1093 2306 1155 2343 766
1180 2304 1291 2342 ipsum
1309 2302 1367 2334 del.
1386 2302 1498 2341 Bothe
1518 2301 1570 2332 cui

237 2352 302 2382 iam
320 2362 382 2390 ego
400 2352 510 2390 magis
521 2350 604 2390 placz
604 2354 624 2379 t
771 2359 832 2388 772
857 2348 1054 2378 ministeriis
1082 2346 1253 2377 Acidalms
1362 2345 1569 2386 praefulgior

237 2395 303 2425 cod.
474 2404 535 2433 773
560 2393 663 2424 ullum
696 2393 848 2423 inuenire
865 2392 930 2423 cod.
953 2404 959 2423 :
983 2393 1054 2423 tras.
1069 2390 1209 2431 Pylades
1385 2400 1445 2429 774
1472 2398 1569 2419 curer

242 2439 438 2470 Gulielmius
452 2450 458 2469 :
484 2442 577 2468 curet
594 2436 658 2468 cod.

963 2524 986 2534 l
