1731 2713
677 96 1024 133 TRINVMMVS
1450 95 1516 131 IV.
1537 89 1568 126 ii

166 256 168 259 ι
196 213 258 249 δγ.
291 225 352 249 em
375 210 459 247 istic
481 209 560 247 erit.
621 207 688 257 qui
705 207 821 245 istum
839 207 879 246 di
901 208 1090 257 perdant!
1139 209 1215 246 Cn.
1250 207 1325 245 dixi
1349 220 1420 255 ego
1442 206 1517 243 iam

1252 273 1403 310 dudum
1425 271 1494 309 tibi
1512 286 1518 308 t

197 351 234 379 te
255 341 384 392 potius
406 341 506 379 bene
528 339 656 378 dicere
677 346 885 389 aequomst
906 338 1057 377 homini
1078 338 1206 377 amico
1227 352 1343 388 quam
1368 339 1477 376 male.

111 418 175 453 925
198 411 259 445 ὃν.
293 406 391 444 satin
414 406 512 444 inter
533 406 639 443 labra
659 414 777 454 atque
798 406 936 443 dentes
957 404 1069 442 latuit
1089 404 1147 442 uir
1168 403 1318 441 minimi
1340 402 1466 453 preti?

197 474 274 511 CH.
316 485 365 509 ne
396 472 495 508 male
526 472 685 520 loquere
715 469 867 519 apsenti
897 469 1035 507 amico.
1096 471 1161 507 ΒΥ.
1203 468 1298 518 quid
1333 482 1423 517 ergo
1458 467 1520 505 ille

1234 533 1520 583 ignauissumus

195 601 291 640 mihi
313 601 517 639 latitabat?
576 602 652 639 CH.
687 600 717 638 si
738 601 986 650 appellasses,
1009 599 1286 649 respondisset,
1311 598 1480 637 nomine.
1539 604 1579 642 85

195 668 264 706 sed
286 666 368 717 ipse
395 666 463 704 ubi
490 667 577 704 est?
634 669 696 704 ΞΥ.
730 666 794 715 pol
822 665 932 703 illum
959 664 1095 714 reliqui
1124 665 1174 703 ad
1203 665 1520 702 Rhadamantem

1071 729 1111 767 in
1131 728 1327 779 Cecropio
1349 727 1518 781 [insula]

196 800 272 838 CH.
316 797 402 848 quis
435 799 556 836 homo
591 804 648 835 est
684 809 747 834 me
781 795 1036 845 insipientior,
1060 794 1126 845 qui
1156 794 1239 845 ipse
1269 802 1424 845 egomet
1454 793 1520 832 ubi

1184 860 1257 898 sim
1278 860 1492 910 quaeritem
1507 861 1523 897 Ρ

109 943 177 978 930
196 931 265 968 sed
287 929 341 967 nil
362 927 612 968 disconducit
640 927 731 965 huic
758 927 821 966 rei.
882 926 977 976 quid
1003 926 1088 965 ais?
1129 925 1224 976 quid
1253 927 1329 964 hoc
1356 926 1463 976 quod
1485 933 1522 963 te

1400 992 1523 1041 rogo?

195 1074 295 1110 quos
317 1061 423 1097 locos
444 1057 603 1096 adiisti?
660 1059 722 1095 Sv.
756 1057 920 1094 nimium
943 1056 1160 1095 mirimodis
1182 1056 1380 1095 mirabilis.

197 1127 276 1164 CH.
319 1125 427 1162 lubet
471 1122 606 1161 audire
645 1121 718 1159 nisi
765 1124 1021 1160 molestumst.
1094 1125 1155 1160 sv.
1207 1121 1302 1171 quin
1342 1121 1522 1171 discupio
1542 1134 1586 1167 90

1379 1187 1519 1225 dicere.

197 1255 374 1296 onmium
409 1256 577 1305 primum
611 1253 652 1292 in
688 1256 859 1292 Pontum
893 1254 1049 1293 aduecti
1083 1255 1134 1293 ad
1165 1254 1352 1293 Arabiam
1383 1262 1523 1292 terram

1376 1333 1522 1358 sumus.

197 1389 274 1427 CH.
307 1387 383 1426 eho
403 1400 453 1425 an
469 1385 586 1425 etiam
603 1376 785 1425 Arabiast
805 1386 845 1424 in
863 1388 1020 1425 Ponto?
1064 1388 1126 1425 δι’.
1159 1393 1217 1425 est
1234 1401 1240 1425 :
1270 1399 1351 1424 non
1373 1385 1437 1424 illa
1457 1384 1525 1423 ubi

1262 1460 1323 1490 tus
1343 1450 1521 1501 gignitur,

110 1529 176 1565 935
197 1519 267 1557 sed
287 1518 355 1557 ubi
375 1517 617 1569 apsinthium
638 1519 680 1556 fit
699 1531 746 1557 ac
766 1517 896 1557 cunila
915 1518 1139 1569 gallinacea.

199 1586 276 1624 CH.
322 1583 486 1622 nimium
516 1583 744 1634 graphicum
783 1585 889 1623 hunc
927 1587 1180 1635 nugatorem!
1222 1584 1292 1622 sed
1326 1596 1398 1633 ego
1436 1595 1522 1621 sum

1279 1647 1524 1698 insipientior

198 1715 264 1766 qui
299 1723 454 1766 egomet
489 1717 595 1754 unde
627 1717 783 1754 redeam
818 1717 923 1755 hunc
958 1716 1136 1768 rogitem,
1164 1728 1265 1766 quae
1299 1727 1371 1764 ego
1403 1712 1522 1751 sciam
1544 1723 1584 1756 95

1128 1790 1247 1832 atque
1268 1779 1331 1818 hic
1352 1777 1499 1817 nesciat
1513 1792 1524 1826 3

197 1846 271 1885 nisi
292 1847 384 1897 quia
404 1847 512 1886 lubet
533 1846 695 1897 experiri
718 1860 797 1897 quo
819 1856 1023 1887 euasurust
1044 1847 1227 1898 denique.

199 1953 264 1983 CH.
280 1953 430 1985 Chares?
453 1956 505 1984 etc.
552 1952 733 1991 Acidalias,
765 1954 867 1986 Reiz:
901 1954 1094 1995 exemplum
1120 1954 1282 1986 est—CH.
1307 1964 1349 1984 an
1372 1952 1522 1983 Chares?

197 2006 240 2027 an
261 1997 479 2029 Charmides?
525 1996 583 2028 ΞΥ.
610 1997 700 2028 enim
721 1997 931 2031 Charmides.
954 1999 1018 2030 Leo
1136 1999 1216 2029 mim
1239 1997 1322 2039 (min
1339 1996 1426 2037 PCD)
1454 1994 1521 2026 cod.

199 2040 270 2082 (pro
285 2042 379 2080 num)
394 2053 401 2072 :
418 2041 505 2071 enim
525 2039 659 2073 Ribbeck
748 2045 813 2082 926
836 2043 976 2083 loquere
985 2042 1132 2082 Bentley:
1148 2042 1287 2081 loquare
1301 2039 1366 2072 cod.
1458 2050 1521 2079 927

197 2084 324 2115 nomini
334 2084 460 2115 Ritsclzl
553 2086 617 2124 928
641 2086 855 2118 ihadamante
872 2088 904 2117 Β
920 2098 927 2118 :
953 2087 1162 2117 Rhadamam
1179 2085 1304 2117 Ritschl
1369 2083 1523 2122 cecropio

198 2127 284 2167 (-pia
299 2127 386 2165 PCD)
411 2127 477 2159 cod.
557 2129 664 2161 insula
687 2129 744 2161 del.
767 2129 902 2161 Guietus
1010 2141 1075 2170 929
1093 2130 1149 2170 qui
1167 2130 1268 2160 homo
1281 2128 1346 2160 cod.
1458 2136 1519 2166 931

198 2171 322 2202 adistix
348 2171 420 2210 (Ae.
449 2172 549 2203 adisti
576 2183 650 2204 cum
680 2173 722 2212 X,
751 2177 827 2206 nota
845 2174 1015 2215 personae)
1041 2173 1105 2205 cod.
1197 2173 1289 2203 miris
1320 2171 1427 2203 modis
1453 2171 1518 2202 cod.

197 2224 262 2254 933
284 2215 328 2246 ad
342 2215 554 2246 Camerarius
568 2227 575 2247 ε
598 2227 616 2248 a
633 2217 702 2248 cod.
718 2229 725 2248 :
749 2217 806 2249 del.
823 2217 896 2250 Ital.
987 2228 1051 2257 934
1076 2217 1207 2248 cubitus
1220 2216 1252 2246 B
1339 2225 1403 2256 935
1420 2220 1521 2254 atque

197 2257 262 2289 cod.
371 2268 435 2299 937
459 2259 561 2300 quae]
579 2260 656 2299 quia
671 2261 705 2291 Β
721 2261 792 2301 (viix
812 2262 948 2301 antiqua
972 2262 1054 2292 vocis
1073 2272 1160 2300 quae
1168 2260 1300 2302 forma)
1449 2262 1526 2299 pos!

196 2300 284 2333 lmuc
303 2312 434 2334 versum
446 2305 535 2334 stant
549 2313 599 2335 vv.
620 2304 746 2345 889-91
765 2304 798 2334 in
814 2304 879 2336 cod.
898 2305 951 2345 (cs.
969 2304 1017 2336 ad
1029 2304 1108 2345 889)
