1731 2713
156 1046 198 1071 10

153 1370 191 1406 15

149 1760 193 1784 20

643 309 1121 358 PROLOGVS

322 455 518 494 Achillem
539 455 753 495 Aristarchi
776 454 870 493 mihi
893 454 1150 493 commentari
1172 455 1305 493 lubet:

325 517 404 556 ind'
428 517 522 555 mihi
544 518 778 568 principium
801 519 965 569 capiam,
990 534 1035 558 ex
1056 534 1102 558 ea
1122 521 1322 570 tragoedia

326 580 536 630 ‘sileteque
557 588 595 618 et
615 588 741 619 tacete
762 588 880 630 atque
901 579 1077 618 animum
1099 580 1308 628 aduortite‚

323 645 457 683 audire
478 645 586 683 iubet
607 658 678 683 uos
700 645 911 695 imperator
925 645 1180 692 'sshistricuffi

323 711 509 760 bonoque
529 718 571 748 ut
591 709 724 747 animo
746 711 909 748 sedeant
930 710 969 747 in
991 710 1186 748 subselliis

322 783 360 813 et
381 775 446 825 qui
468 774 702 813 essurientes
724 782 760 813 et
782 774 849 825 qui
871 774 987 812 saturi
1011 774 1190 813 uenerint
1209 791 1216 815 :

321 840 388 890 qui
409 839 555 886 edistis,
578 841 702 878 multo
724 839 868 877 fecistis
893 840 1117 890 sapientius,

322 905 388 956 qui
409 919 489 944 non
510 904 654 951 edistis,
679 904 796 943 saturi
819 906 884 943 fite
905 905 1072 952 fabulis3

322 985 412 1009 nam
435 970 528 1020 quoi
549 978 763 1020 paratumst
785 972 893 1019 quod
914 970 1008 1018 edit,
1029 979 1161 1008 nostra
1180 970 1301 1020 gratia

323 1036 443 1074 nimia
463 1044 520 1074 est
541 1035 703 1073 stultitia
723 1049 873 1074 sessum
898 1035 1126 1085 inpransum
1148 1035 1341 1074 incedere.
1563 1045 1602 1066 ¹0

324 1105 516 1151 ‘exsurge‚
541 1114 693 1151 praeco,
717 1102 776 1138 fac
798 1101 946 1150 populo
968 1100 1235 1139 audientiam)

321 1167 397 1205 iam
418 1167 571 1205 dudum
593 1173 777 1216 exspecto
799 1165 829 1203 si
851 1173 960 1203 tuom
983 1165 1155 1203 officium
1177 1165 1299 1204 scias:

320 1245 455 1270 exerce
476 1244 615 1269 uocem
638 1244 756 1281 quam
778 1244 846 1280 per
866 1230 1048 1280 uiuisque
1069 1238 1107 1269 et
1127 1230 1233 1269 colis.

321 1311 412 1335 nam
435 1296 508 1335 nisi
528 1296 728 1342 clamabis,
751 1295 912 1334 tacitum
935 1303 972 1334 te
993 1296 1156 1346 obrepet
1178 1298 1311 1335 fames.

319 1376 390 1412 age
411 1375 516 1400 nunc
537 1361 674 1408 reside,
698 1360 897 1411 duplicem
919 1368 961 1398 ut
982 1362 1204 1399 mercedem
1226 1363 1334 1400 seras.
1562 1371 1600 1404 15

1564 719 1584 752 <n

322 1489 330 1505 ‘
344 1486 493 1523 bonum
515 1487 659 1523 facturn
683 1488 836 1531 †esse†‚
861 1484 991 1523 edicta
1011 1492 1053 1523 ut
1074 1485 1236 1524 seruetis
1257 1487 1369 1525 mea.’

319 1559 490 1589 scortum
512 1552 709 1589 exoletum
730 1563 780 1588 ne
800 1549 887 1599 quis
909 1549 949 1588 in
970 1550 1200 1600 proscaenio

319 1618 464 1662 sedeat,
487 1630 564 1654 neu
586 1615 698 1654 lictor
719 1616 884 1653 uerbum
905 1623 972 1653 aut
994 1615 1124 1665 uirgae
1146 1615 1341 1663 muttiant,

319 1696 395 1720 neu
417 1681 652 1731 dissignator
671 1688 822 1731 praeter
843 1693 886 1718 os
909 1681 1139 1719 obambulet

319 1761 395 1786 neu
417 1760 567 1785 sessum
588 1748 716 1793 ducat,
741 1748 835 1784 dum
858 1745 994 1785 histrio
1016 1745 1055 1784 in
1077 1760 1219 1785 scaena
1239 1746 1321 1786 s'iet.
1562 1763 1601 1784 20

317 1811 385 1850 diu
407 1813 475 1862 qui
495 1811 603 1850 domi
624 1810 739 1849 otiosi
760 1811 1014 1857 dormierunt,
1039 1812 1153 1850 decet

315 1876 450 1916 animo
469 1890 598 1926 aequo
618 1890 724 1914 nunc
744 1883 848 1915 stent
869 1878 931 1915 uel
954 1876 1124 1915 dormire
1145 1884 1374 1928 temperent.

317 1942 417 1980 serui
439 1955 488 1981 ne
509 1941 727 1992 opsideant‚
751 1941 882 1981 liberis
903 1950 945 1980 ut
967 1942 1015 1981 sit
1036 1943 1157 1989 locus,

315 2009 379 2046 uel
399 2021 464 2046 aes
485 2021 555 2058 pro
576 2007 702 2057 capite
722 2008 818 2046 dent
833 2022 843 2055 3
866 2007 903 2046 'si
923 2007 963 2046 id
985 2009 1111 2046 facere
1132 2021 1212 2046 non
1234 2016 1398 2058 queunt,

315 2075 480 2112 domum
501 2074 654 2120 abeant,
678 2072 803 2112 nitent
822 2073 983 2124 ancipiti
1004 2073 1228 2121 infortunio,
1558 2090 1595 2122 25

315 2153 366 2177 ne
386 2146 424 2177 et
444 2138 508 2178 hic
529 2138 727 2177 uarientur
746 2138 863 2189 uirgis
884 2146 922 2177 et
942 2139 1033 2177 loris
1054 2138 1175 2186 domi,

656 2253 674 2283 5
700 2243 842 2273 sedeant
854 2242 946 2273 Ital.:
970 2243 1109 2274 sedeate
1130 2243 1210 2282 cod„
1231 2243 1324 2282 quod
1337 2247 1373 2273 ut
1387 2243 1536 2274 sedeatis

203 2286 459 2327 interpretantur
474 2287 526 2323 (cf.
545 2286 592 2317 ad
607 2286 704 2317 Most.
725 2288 806 2324 468)
962 2288 983 2315 6
1007 2287 1198 2317 esurientes
1215 2286 1288 2318 Ital.
1308 2299 1315 2317 :
1340 2287 1536 2326 esuplentes

204 2330 270 2361 cod.
297 2330 369 2370 (PL
389 2335 449 2370 pro
474 2330 539 2365 RI)
634 2340 672 2368 13
695 2340 761 2369 qua
790 2329 819 2360 T
899 2329 981 2360 colis
1007 2331 1165 2370 displicet:
1191 2336 1223 2360 te
1248 2330 1309 2361 alis
1333 2330 1420 2360 Lco:
1444 2331 1536 2360 uales

207 2373 360 2413 Geppert:
374 2374 457 2414 fort.
487 2374 580 2404 clues
754 2374 793 2403 16
817 2372 973 2403 factumst
984 2373 1141 2412 Pylades:
1166 2374 1356 2404 intercidisse
1372 2373 1535 2413 quaedam

206 2417 299 2447 credit
317 2417 400 2448 Leo:
424 2417 480 2448 vix
496 2417 598 2447 haece
691 2427 729 2455 17
753 2416 844 2457 quis]
863 2417 952 2455 quod
969 2416 1043 2447 Ital.
1136 2427 1176 2455 24
1201 2421 1325 2456 queant
1342 2417 1480 2457 Seyffert
