1731 2713
783 121 1007 158 RVDENS
1507 122 1557 157 ΙΙ,
1578 120 1622 156 iii

176 264 179 267 .
234 232 308 268 ΤΚ.
351 230 446 280 quid
477 231 646 268 faceret?
702 231 783 267 AM.
830 230 862 267 si
899 229 1068 275 amabat,
1100 242 1221 278 rogas,
1254 229 1348 278 quid
1389 230 1560 267 faceret?

1336 295 1559 332 adseruaret

145 363 214 405 380
232 359 315 398 dies
338 361 564 408 noctesque,
587 359 625 396 in
647 359 825 397 custodia
847 366 949 397 esset
970 372 1132 408 semper.
1193 372 1328 397 uerum
1351 367 1502 398 ecastor

232 433 273 462 ut
295 424 406 462 multi
427 424 517 462 fecit
538 424 590 462 ita
611 424 733 474 probe
754 423 905 462 curauit
930 423 1187 473 Plesidippus.
1583 432 1623 464 50

231 490 306 526 ΤΚ.
340 503 411 539 qur
432 497 473 528 tu
494 489 593 528 istuc
621 488 747 528 dicis?
790 491 871 527 An.
905 502 964 527 res
992 489 1120 539 palam
1149 497 1216 527 est.
1278 491 1355 526 ΤΚ.
1386 489 1467 527 scin
1490 492 1561 528 tu?

1111 554 1227 593 etiam
1249 554 1315 605 qui
1337 554 1366 593 it
1386 557 1559 593 lanatum

231 621 269 657 iu
293 620 475 666 balineas,
500 634 620 669 quom
642 619 695 659 ibi
717 621 855 658 sedulo
876 632 945 658 sua
966 619 1200 658 uestimenta
1221 628 1358 667 seruat,

231 695 362 724 tamen
401 686 683 735 surrupiuntur,
721 685 867 736 quippe
907 685 973 736 qui
1019 699 1137 735 quem
1184 685 1338 724 illorum
1378 695 1560 737 opseruet

1401 752 1535 790 falsust
1551 767 1561 800 3

145 820 208 864 385
230 818 289 854 fur
310 817 422 855 facile
443 831 561 867 quem
585 824 767 867 opseruat
788 816 896 855 uidet
915 832 921 854 ;
953 826 1085 855 custos
1107 817 1173 867 qui
1195 818 1253 854 fur
1274 817 1322 855 sit
1343 817 1476 856 nescit.

230 884 299 920 sed
320 884 421 922 duce
443 897 504 921 me
525 884 575 921 ad
596 883 701 921 illam
724 883 790 921 ubi
807 891 875 921 est.
926 885 1008 921 AM.
1038 882 1048 920 i
1071 897 1163 921 sane
1185 883 1224 920 in
1245 883 1409 921 Veneris
1426 885 1559 922 fanum
1581 891 1620 923 55

1347 949 1424 986 huc
1445 947 1557 995 intro,

229 1013 433 1051 sedentem
473 1014 711 1062 flentemque
751 1012 958 1062 opprimes.
1018 1015 1094 1050 ΤΚ.
1137 1020 1178 1050 ut
1217 1012 1293 1050 iam
1328 1012 1426 1051 istuc
1465 1012 1560 1050 mihi

998 1120 1004 1126 ι
1289 1079 1536 1116 molestumst
1553 1080 1560 1115 1

229 1143 298 1180 sed
334 1142 429 1192 quid
464 1143 559 1180 flet?
607 1144 689 1180 AM.
731 1156 804 1192 ego
839 1142 968 1180 dicam
1004 1142 1097 1180 tibi:
1138 1143 1213 1180 hoc
1248 1156 1332 1180 sese
1366 1142 1560 1181 excruciat

1425 1207 1557 1254 animi,

230 1274 320 1324 quia
342 1276 432 1313 leno
452 1274 600 1313 ademit
620 1274 800 1312 cistulam
822 1274 857 1312 ei
879 1288 998 1324 quam
1026 1274 1198 1313 habebat
1219 1273 1367 1323 ubique
1388 1273 1559 1312 habebat

143 1354 212 1389 390
230 1340 296 1390 qui
317 1354 407 1378 suos
428 1347 608 1390 parentes
629 1340 790 1378 noscere
811 1348 967 1390 posset:
998 1354 1084 1378 eam
1106 1347 1261 1378 ueretur

230 1419 278 1443 ne
309 1404 472 1454 perierit.
532 1406 609 1442 ΤΗ.
654 1404 816 1442 ubinam
851 1418 896 1443 ea
930 1404 1001 1442 fuit
1031 1404 1251 1443 cistellula?
1288 1406 1370 1442 AM.
1408 1403 1556 1442 ibidem
1578 1404 1622 1437 60

1392 1468 1431 1506 in
1452 1468 1554 1507 naui.

230 1535 422 1573 conclusit
442 1534 525 1585 ipse
545 1533 585 1572 in
606 1534 797 1582 uidulum,
821 1548 871 1573 ne
891 1535 1005 1585 copia
1026 1543 1127 1573 esset
1147 1535 1244 1573 eiius

230 1600 297 1650 qui
318 1614 408 1638 suos
429 1607 609 1651 parentes
630 1608 819 1638 nosceret.
880 1601 954 1637 ΤΗ.
989 1614 1012 1638 o
1034 1600 1184 1638 facinus
1205 1599 1448 1650 inpudicum,

231 1679 350 1715 quam
370 1665 532 1703 liberam
553 1678 638 1702 esse
659 1672 838 1714 oporteat
859 1663 1003 1702 seruire
1024 1666 1221 1715 postulare
1238 1668 1244 1703 1

144 1739 208 1776 395
230 1733 312 1768 AM.
345 1743 451 1768 nunc
472 1743 557 1767 eam
579 1743 669 1767 cum
691 1728 782 1767 naui
804 1729 952 1767 scilicet
973 1729 1115 1768 abiisse
1136 1743 1294 1780 pessum
1316 1730 1355 1768 in
1375 1732 1510 1769 altum.

229 1803 267 1833 et
287 1809 424 1833 aurum
445 1802 483 1833 et
503 1802 707 1844 argentum
728 1793 799 1831 fuit
819 1794 973 1832 lenonis
995 1808 1113 1833 omne
1135 1794 1294 1833 ibidem.
1577 1796 1618 1836 65

228 1862 304 1899 ΤΗ.
336 1861 455 1899 credo
478 1859 650 1910 aliquem
675 1859 911 1898 immersisse
937 1867 1057 1910 atque
1084 1874 1175 1898 eum
1203 1860 1412 1910 excepisse.
1473 1865 1554 1899 AM.

1152 1924 1191 1964 id
1213 1925 1353 1964 misera
1373 1934 1557 1965 maest-ast

228 1991 302 2031 sibi
333 2005 468 2031 eorum
500 1990 678 2030 euenisse
709 1990 893 2042 inopiam.
955 1993 1030 2030 TR.
1063 1991 1140 2030 iam
1175 1991 1274 2031 istoc
1309 1992 1430 2043 magis
1465 2006 1556 2031 usus¹

1417 2059 1557 2097 factost

228 2130 270 2161 ut
290 2136 377 2162 eam
397 2121 499 2161 intro
519 2123 778 2172 consolerque
796 2135 893 2169 eam,
918 2136 968 2160 ne
988 2121 1044 2160 sic
1064 2135 1105 2160 se
1126 2122 1320 2161 excruciet
1340 2121 1460 2160 animi
1475 2136 1486 2170 ,-

141 2202 212 2236 400
229 2202 320 2226 nam
342 2190 464 2226 multa
483 2195 635 2238 praeter
654 2200 764 2237 spem
786 2186 868 2226 scio
889 2185 1022 2226 multis
1043 2187 1148 2226 bona
1169 2188 1360 2226 euenisse.

272 2295 335 2333 384
359 2294 558 2325 obseruatur
576 2293 601 2333 (ἓ
618 2292 680 2332 -at)
697 2292 729 2323 Β
753 2291 799 2331 'cf.
818 2292 897 2331 385)
1021 2292 1084 2331 385
1109 2292 1164 2331 qui
1182 2292 1252 2324 obs.
1273 2291 1371 2322 Goetz
1490 2292 1555 2331 386

230 2334 328 2368 illam.
367 2337 436 2367 Am.
465 2337 473 2366 i
499 2346 580 2367 sane
597 2336 719 2366 —TR.
747 2335 857 2366 ubist?
903 2333 972 2366 ΑΜ.
1000 2335 1034 2366 in
1053 2337 1095 2376 (²)
1113 2336 1178 2366 Leo
1312 2345 1375 2374 392
1400 2335 1429 2365 ei
1446 2334 1556 2366 Luchs

228 2390 292 2420 395
315 2392 390 2412 eum
415 2381 546 2420 Bentley
685 2389 749 2420 399
773 2384 809 2409 ut
835 2379 1067 2410 Camerarius:
1099 2389 1140 2409 ne
1167 2378 1231 2411 coel.
1331 2389 1368 2410 se
1397 2378 1443 2409 sic
1463 2377 1554 2410 cod.=

229 2424 301 2456 trai.
323 2425 457 2455 Gm'etus
