1783 2707
149 126 219 164 IV.
241 125 272 162 ii
652 125 698 161 T.
732 122 913 161 MACCI
945 120 1149 159 PLAVTI

243 235 421 286 miroque
453 235 575 273 niodo
606 241 725 284 atque
759 231 981 271 incredibili
1015 230 1079 269 hic
1113 229 1284 280 piscatus
1318 225 1413 265 mihi
1443 225 1574 276 lepide

1428 291 1571 338 euenit,

296 378 427 417 neque
446 365 614 417 piscium
644 365 765 403 ullam
792 361 950 402 unciam
972 361 1091 400 hodie
1119 360 1254 410 pondo
1282 357 1380 408 cepi,
1403 356 1477 395 nisi
1497 358 1574 394 hoc

1105 426 1213 476 quod
1234 426 1315 462 fero
1336 422 1399 461 hic
1420 421 1460 460 in
1481 429 1571 460 rete.

353 510 445 535 nam
467 503 510 534 ut
530 497 579 535 de
600 503 717 534 nocte
738 495 862 532 multa
881 491 1109 543 inpigreque
1131 488 1335 535 exsurrexi,
1597 494 1721 531 914-15

188 576 228 600 10
354 564 506 600 lucrum
528 559 749 611 praeposiui
771 558 902 609 sopori
923 565 961 596 et
982 556 1102 607 quieti
1120 571 1127 594 :

355 634 589 677 tempestate
610 639 727 664 saeua
748 623 911 674 experiri
933 621 1104 672 expetiui

353 700 624 743 paupertatem
646 690 699 729 eri
721 689 787 740 qui
809 697 847 727 et
868 702 998 727 meam
1020 687 1248 726 seruitutem

461 759 677 802 tolerarem,
702 768 820 805 opera
840 755 919 792 hau
940 752 995 791 fui
1015 753 1144 803 parcu'
1167 764 1264 789 mea.

300 822 417 861 nimis
437 824 560 861 homo
581 820 729 859 nihilist
750 819 854 870 quist
874 818 982 870 piger
996 817 1193 867 nimisque
1214 816 1254 855 id
1275 828 1397 866 genus
1419 813 1485 852 odi
1506 826 1578 863 ego
1597 825 1667 860 920

1464 880 1576 916 male.

191 970 228 1002 ¹5
249 954 408 1006 uigilare
442 955 557 993 decet
594 951 798 991 hominem
843 949 911 1001 qui
958 950 1042 988 uolt
1085 960 1155 986 sua
1187 945 1352 996 temperi
1387 945 1580 984 conficere

1441 1008 1579 1048 officia.

250 1100 331 1125 non
353 1085 458 1125 enim
479 1085 588 1123 illurn
611 1090 836 1133 exspectare
850 1079 927 1134 <id>
942 1086 1109 1132 oportet,
1125 1080 1221 1118 dum
1242 1079 1319 1116 eru’
1336 1090 1377 1114 se
1396 1076 1447 1114 ad
1468 1087 1580 1112 suom

1216 1141 1376 1181 suscitet
1396 1138 1579 1178 officium.

305 1230 397 1255 nam
436 1215 503 1267 qui
542 1214 744 1254 dormiunt
782 1214 964 1252 lubenter
1002 1210 1086 1249 sine
1124 1211 1234 1248 lucro
1272 1214 1310 1246 et
1348 1219 1439 1244 cum
1478 1205 1583 1242 malo

1362 1276 1580 1321 qu1escunt.

520 1347 612 1384 nam
634 1359 706 1396 ego
727 1357 833 1382 nunc
855 1341 962 1390 mihi,
986 1340 1054 1392 qui
1075 1339 1226 1390 inpiger
1245 1337 1312 1385 fui,

522 1410 675 1461 repperi
695 1417 737 1448 ut
758 1409 866 1460 piger
886 1407 916 1446 si
938 1407 1057 1446 uelim
1079 1405 1175 1444 siem
1193 1419 1201 1443 :
1603 1413 1668 1450 925

195 1494 235 1517 20
523 1478 599 1515 hoc
620 1489 693 1526 ego
712 1475 752 1513 in
773 1473 869 1513 mari
889 1472 1085 1524 quidquid
1104 1471 1168 1509 hic
1189 1469 1290 1508 inest
1600 1480 1644 1516 92
1650 1474 1688 1515 5a

362 1541 525 1594 repperi.
584 1540 779 1591 quidquid
800 1539 910 1586 inest,
934 1551 1051 1588 graue
1073 1536 1271 1587 quidemst
1286 1549 1296 1582 3
1324 1547 1463 1572 aurum
1484 1533 1548 1571 hic

471 1621 544 1657 ego
564 1606 692 1645 inesse
709 1619 794 1644 reor
802 1620 811 1653 3
832 1617 906 1643 nec
928 1602 1024 1641 mihi
1046 1601 1228 1641 conscius
1249 1608 1307 1639 est
1327 1602 1429 1638 ullus
1450 1601 1583 1638 homo.
1606 1601 1694 1646 926a

309 1678 439 1715 †nunc
462 1675 558 1712 haec
575 1672 645 1711 tibi
663 1671 830 1718 occasio,
850 1670 981 1721 Gripe‚
1001 1668 1140 1720 optigit
1156 1675 1199 1707 ut
1214 1667 1355 1706 liberes
1373 1680 1419 1705 ex
1439 1667 1588 1716 populo

1342 1739 1493 1783 praeter
1513 1734 1593 1772 te†.'

258 1819 364 1845 nunc
389 1805 444 1844 sic
472 1804 623 1851 faciam,
647 1803 702 1842 sic
729 1802 939 1842 consilium
967 1808 1047 1841 est:
1078 1801 1129 1839 ad
1157 1798 1444 1839 erum'ueniam
1473 1797 1590 1835 docte

1276 1872 1394 1914 atque
1414 1860 1587 1915 astu[te].

200 1952 214 1974 2
221 1952 237 1984 5
261 1935 503 1987 pauxillatim
525 1934 773 1985 pollicitabor
793 1947 863 1984 pro
884 1932 1012 1984 capite
1032 1939 1237 1982 argentum
1258 1937 1301 1968 ut
1320 1929 1392 1968 sim
1414 1928 1521 1967 liber.

301 2051 366 2080 913
390 2051 433 2071 an
459 2043 618 2080 quattuor
638 2039 704 2070 cola
730 2038 912 2069 Reizianal
1041 2037 1156 2076 pondo
1174 2034 1277 2065 hodie
1298 2032 1438 2073 Pylades
1464 2032 1590 2073 (αντιφ.)

259 2085 317 2116 sed
332 2085 471 2124 piscium
489 2084 590 2114 sillam
607 2083 748 2123 displicet
849 2082 904 2112 hic
920 2092 985 2112 om.
1000 2081 1073 2111 PCD
1176 2080 1241 2118 918
1258 2078 1456 2109 seruitutem
1477 2076 1591 2107 Came-

259 2129 385 2159 rarius:
413 2129 618 2159 sententiam
636 2127 701 2158 cod.
717 2138 723 2158 z
751 2126 966 2157 sentilentam
980 2123 1105 2156 Schoell
1192 2133 1257 2162 920
1280 2122 1355 2161 quis
1369 2126 1420 2152 est
1431 2121 1528 2160 piger
1542 2119 1591 2150 B:

259 2172 334 2212 quis
351 2172 451 2212 piger
464 2177 515 2202 est
535 2171 609 2201 ΡΟ)
754 2180 818 2210 922
844 2170 876 2199 id
899 2169 975 2200 add.
994 2167 1128 2208 Seyfflrt
1206 2167 1287 2206 fort.
1308 2165 1427 2196 delend.
1446 2164 1590 2195 officium

260 2220 296 2246 ut
318 2227 430 2246 versus
454 2215 633 2246 trochaicus
649 2214 717 2254 fiat
861 2215 942 2253 925³
966 2213 1018 2242 hic
1050 2222 1115 2241 om.
1147 2210 1179 2240 Β
1328 2210 1392 2248 926
1425 2208 1592 2248 quidemst

262 2260 474 2291 Camerarius
489 2271 496 2290 :
519 2259 656 2298 quidem
675 2258 742 2288 inst
759 2256 824 2287 cod.
942 2266 1004 2295 927
1029 2255 1085 2285 vix
1100 2255 1203 2293 poplo
1294 2257 1497 2292 praeterper
1505 2261 1590 2281 com-

256 2303 352 2344 pend.
371 2303 476 2342 scripi.
497 2303 529 2332 in
548 2302 627 2339 cod.,
643 2305 716 2342 post
733 2300 858 2341 populo
876 2300 980 2330 littera
997 2310 1013 2329 s
1030 2299 1062 2329 in
1079 2298 1111 2328 Β
1128 2297 1181 2336 (de
1200 2308 1265 2337 qua
1284 2298 1320 2337 cf.
1339 2295 1386 2326 ad
1405 2295 1497 2326 Trnc.
1516 2293 1591 2333 102)

251 2348 332 2387 fort.
354 2358 442 2378 nunc
459 2347 519 2377 tibi
537 2346 669 2377 occasio
686 2346 779 2382 haec,
801 2344 916 2383 Gripe,
938 2343 1060 2382 optigit
1078 2346 1113 2372 ut
1130 2341 1250 2371 liberet
1268 2339 1441 2379 extemplo
1458 2341 1594 2378 praetor

263 2396 297 2421 te
407 2392 473 2429 928
496 2391 583 2421 sicut
600 2399 691 2421 cons,
712 2388 789 2419 PCD
879 2388 1014 2417 ueniam
1034 2386 1076 2416 ad
1094 2396 1187 2415 erum
1208 2385 1249 2424 (ἓ)
1268 2383 1332 2414 Leo
1421 2387 1496 2412 astu
1515 2381 1595 2411 Reiz

264 2435 317 2474 (cf.
337 2434 434 2464 llffost.
458 2435 554 2472 1069‘1
977 2442 981 2445 ·

979 2519 1000 2529 A
