1783 2707
155 119 232 154 ΙΙΙ,
256 118 284 154 ii
679 116 723 152 T.
760 114 938 153 MACCI
972 114 1175 152 PLAVTI

258 227 328 265 tibi
350 227 397 265 sit
418 228 731 266 emolumentum
753 224 928 272 honoris,
949 224 1043 263 mihi
1065 225 1172 274 quod
1194 224 1393 262 obiectent
1414 224 1495 262 siet.

261 294 328 330 ΙΝ.
362 291 486 342 quid?
516 299 553 329 te
574 291 806 330 dictatorem
828 303 965 328 censes
986 291 1078 336 fore,
1102 289 1131 327 si
1160 302 1228 339 aps
1256 288 1294 327 te
1320 302 1456 338 agrum
1476 301 1585 327 acce·
1603 290 1668 333 695

1433 353 1555 404 perim
1570 354 1586 391 ?

199 437 238 470 70
259 425 328 461 LE.
362 436 491 472 neque
515 423 608 460 uolo
636 435 766 472 neque
787 422 943 471 postulo
964 433 1093 471 neque
1115 433 1269 466 censeo,
1294 432 1431 457 uerum
1453 426 1585 456 tamen

257 488 289 526 is
310 495 366 527 est
387 489 514 526 honos
535 486 687 525 homini
709 486 867 536 pudico,
891 485 1116 524 meminisse
1137 484 1309 523 officium
1331 497 1454 522 suom.

260 554 327 591 ΙΝ.
361 552 442 591 scio
462 552 647 602 equidem
670 559 707 591 te
728 551 923 589 animatus
944 558 986 589 ut
1003 550 1053 588 sis
1069 565 1079 597 ;
1107 549 1236 596 uideo,
1253 550 1418 596 subolet,
1435 548 1562 588 sentio
1579 563 1585 586 :

258 618 297 657 id
318 617 398 669 agis
420 626 472 665 ut,
495 617 563 656 ubi
584 617 829 656 adfinitatem
851 616 950 654 inter
970 629 1041 654 nos
1063 622 1236 654 nostram
1257 614 1478 653 astrinxeris

257 690 375 733 atque
407 696 496 721 eum
530 695 664 731 agrum
700 680 855 720 dederis
888 694 960 719 nec
992 680 1204 730 quicquam
1240 680 1302 718 hic
1338 679 1407 718 tibi
1441 679 1489 718 sit
1521 679 1587 729 qui
1607 690 1675 725 700

1326 745 1447 783 uitam
1470 746 1585 791 colas,

201 824 238 859 75
258 813 428 863 ecfugias
447 827 493 851 ex
514 813 610 851 urbe
629 812 756 850 inanis
773 827 783 860 3
813 810 1085 862 †profugiens†
1102 810 1264 861 patriam
1286 812 1452 858 deseres,

259 886 457 928 cognatos,
481 878 738 924 adfinitatem,
761 876 910 915 amicos
932 876 1042 914 factis
1064 876 1234 927 nuptiis:

260 956 346 982 mea
366 956 483 994 opera
504 942 596 981 hinc
617 942 866 993 proterritum
888 949 925 980 te
946 955 1113 991 meaque
1134 941 1295 980 auaritia
1314 948 1530 980 autument.

259 1009 298 1048 id
320 1022 382 1047 mc
403 1008 706 1047 commissurum
728 1015 770 1046 ut
792 1007 915 1058 patiar
936 1007 1016 1045 fieri
1038 1020 1087 1045 ne
1107 1007 1283 1045 animum
1305 1006 1513 1046 induxeris.

260 1076 322 1113 ST.
355 1087 434 1112 non
462 1073 566 1112 enim
589 1087 750 1123 possum
774 1072 868 1123 quin
898 1073 1139 1111 exclamem:
1170 1085 1304 1122 eugae,
1328 1085 1460 1121 eugae,
1485 1070 1591 1121 Lysi·
1609 1078 1673 1116 705

1323 1139 1430 1184 teles,
1451 1139 1566 1176 πάλιν
1583 1140 1589 1175 l

201 1215 241 1244 80
261 1205 372 1244 facile
394 1207 566 1256 palmam
588 1205 710 1243 habes
728 1220 735 1242 2
766 1204 829 1242 hic
851 1203 1005 1249 uictust‚
1030 1202 1123 1241 uicit
1146 1210 1211 1241 tua
1232 1202 1450 1241 comoedia.

260 1270 323 1309 hic
343 1270 421 1320 agit
442 1270 565 1320 magis
586 1284 632 1309 ex
652 1277 885 1320 argumento
906 1276 943 1307 et
964 1281 1102 1307 uorsus
1124 1268 1303 1306 meliores
1324 1267 1425 1306 facit.

259 1336 377 1375 etiam
399 1336 450 1374 ob
472 1335 677 1374 stultitiam
699 1343 807 1373 tuam
830 1342 867 1373 te
891 1333 1042 1379 †curis†
1065 1333 1242 1372 multabo
1264 1332 1381 1371 mina.

261 1404 330 1441 LE.
364 1401 459 1453 quid
493 1401 562 1440 tibi
595 1400 858 1452 interpellatio
889 1407 955 1438 aut
990 1399 1029 1437 in
1064 1398 1271 1438 consilium
1305 1399 1382 1438 huc
1416 1398 1591 1438 accessio

1504 1472 1561 1504 est
1574 1466 1591 1503 ?

260 1535 321 1573 ST.
356 1535 498 1572 eodem
535 1541 652 1584 pacto
682 1545 762 1583 quo
794 1533 872 1571 huc
903 1530 1048 1570 accessi
1079 1543 1317 1581 apscessero.
1379 1532 1448 1568 LE.
1482 1531 1590 1568 ihac
1610 1539 1679 1574 710

1234 1609 1390 1634 mecum
1412 1596 1587 1641 domum,

198 1670 238 1710 85
261 1664 459 1714 Lysiteles,
484 1663 538 1702 ibi
560 1664 609 1703 de
630 1663 712 1702 istis
733 1663 849 1702 rebus
871 1664 981 1713 plura
1001 1661 1276 1701 fabulabimur.

261 1731 329 1768 LY.
363 1729 459 1768 nihil
481 1743 554 1779 ego
575 1729 614 1767 in
636 1730 793 1768 occulto
814 1742 928 1779 agere
949 1729 1068 1767 soleo.
1130 1740 1239 1765 meus
1261 1734 1302 1765 ut
1323 1727 1494 1765 animust
1516 1728 1591 1766 elo-

1469 1805 1588 1842 quar:

259 1860 290 1898 si
311 1860 407 1898 mihi
429 1868 494 1898 tua
515 1873 633 1907 soror,
656 1867 699 1898 ut
719 1873 793 1909 ego
812 1872 983 1910 aequom
1005 1872 1159 1906 censeo,
1183 1858 1236 1896 ita
1257 1864 1424 1908 nuptum
1446 1857 1570 1903 datur,

259 1925 342 1964 sine
363 1927 468 1972 dote,
491 1939 621 1975 neque
645 1933 687 1964 tu
714 1924 806 1963 hinc
834 1924 1032 1971 absturu’s,
1059 1924 1168 1973 quod
1196 1936 1328 1962 meum
1357 1921 1427 1961 erit
1454 1921 1494 1961 id
1522 1921 1592 1960 erit

1453 1995 1563 2026 tuom
1582 2001 1592 2034 ,-

301 2098 366 2135 695
390 2095 480 2127 fores
498 2095 564 2127 cod.
712 2097 776 2136 696
801 2097 930 2127 tertium
948 2105 1058 2135 neque
1074 2104 1141 2125 om.
1160 2094 1192 2126 Β
1326 2103 1388 2132 700
1412 2103 1474 2124 nec
1491 2092 1564 2124 Ital.
1583 2104 1590 2124 :

260 2150 303 2170 ne
320 2139 388 2171 cod.
548 2150 606 2179 701
634 2140 796 2180 profugus
825 2140 1058 2170 Camerarius:
1085 2139 1139 2170 vix
1162 2138 1345 2178 prosugens
1454 2137 1591 2167 deseras

261 2183 474 2215 Camerarius
500 2184 551 2224 (cf.
579 2183 625 2215 ad
648 2187 722 2223 715)
859 2192 921 2222 705
941 2183 1096 2214 Noenum
1121 2192 1152 2222 p.
1172 2181 1301 2212 Rz'tschl
1394 2180 1474 2220 quin
1500 2179 1590 2211 codd.

261 2226 420 2258 Ciceronis
435 2227 473 2258 de
490 2227 548 2259 Or.
573 2238 603 2266 2,
621 2238 664 2268 39
681 2239 687 2258 :
711 2227 768 2266 qui
788 2226 852 2258 cod.
959 2226 1008 2257 vel
1020 2227 1065 2257 sic
1078 2226 1242 2266 distingue
1266 2224 1450 2256 exclamem
1469 2233 1585 2263 eugae.

259 2281 367 2310 eugae
458 2273 520 2310 706
544 2271 652 2303 uictus
668 2271 733 2302 cod.
840 2271 903 2309 708
927 2274 959 2301 te
976 2271 1066 2301 curis
1082 2269 1115 2300 B
1130 2281 1137 2300 ε
1161 2273 1196 2300 te
1212 2268 1296 2300 turis
1312 2267 1386 2298 PCD
1403 2280 1409 2298 :
1434 2273 1467 2298 te
1484 2267 1590 2297 tueris

259 2314 411 2346 Merula:
435 2315 491 2346 ted
508 2315 580 2346 auri
605 2314 792 2354 Nt’emeyer:
817 2324 861 2344 an
879 2319 912 2345 te
931 2314 1045 2345 curib?
1146 2312 1249 2344 multa
1274 2311 1315 2343 ab
1337 2311 1396 2348 (ob
1413 2310 1457 2352 Β)
1478 2311 1589 2341 omina

259 2358 325 2389 cod.
344 2370 350 2388 :
373 2369 451 2389 corr.
471 2358 617 2399 Scaliger
747 2368 811 2398 709
834 2357 1008 2390 consilium
1033 2355 1121 2387 codd.
1140 2355 1269 2387 Donati
1281 2354 1327 2386 ad
1340 2354 1428 2386 Eun.
1448 2365 1478 2393 4,
1499 2365 1529 2392 4,
1548 2364 1565 2393 4
1584 2365 1590 2384 :

259 2402 433 2434 concilium
449 2402 514 2433 cod.
