1731 2713
661 112 1007 150 TRINVMMVS
1433 109 1501 143 IV.
1525 107 1553 142 ii

154 269 156 272 ,
181 226 293 264 tribu'
316 225 485 263 nummis
506 223 624 263 hodie
645 222 770 261 locaui
792 223 840 260 ad
862 220 952 259 artis
974 219 1206 269 nugatorias.

93 292 158 336 845
180 290 350 330 aduenio
372 305 417 329 ex
439 289 624 335 Seleucia,
651 286 898 332 Macedonia,
923 285 1017 324 Asia
1036 293 1154 335 atquc
1177 283 1332 329 Arabia,

181 370 277 406 quas
316 369 388 406 ego
434 369 560 405 neque
604 353 726 392 oculis
770 366 842 390 nec
882 351 1051 401 pedibus
1091 362 1279 399 umquam
1321 346 1507 397 usurpaui

1397 411 1503 450 meis.

181 485 299 523 uiden
321 493 471 534 egestas
493 483 587 533 quid
610 483 740 532 negoti
763 483 829 520 dat
850 480 1001 520 homini
1025 479 1166 518 misero
1188 478 1290 525 mali,
1530 488 1546 518 5

180 550 275 601 quin
303 564 375 600 ego
410 563 515 588 nunc
551 549 708 598 subigor
743 548 858 586 trium
894 550 1101 585 nummum
1141 559 1279 584 caussa
1321 551 1362 582 ut
1390 546 1507 581 hasce

1321 610 1507 659 epistulas

180 682 309 722 dicam
330 682 380 720 ab
401 695 448 720 eo
477 680 637 720 homine
662 693 725 719 me
754 678 952 730 accepisse
980 692 1098 729 quem
1129 691 1202 727 ego
1230 676 1296 727 qui
1318 676 1366 714 sit
1387 677 1508 714 homo

1375 740 1508 779 nescio

94 819 163 862 850
181 827 310 863 neque
332 812 436 858 noui,
461 826 589 862 neque
610 818 724 849 natus
746 824 871 849 necne
892 809 923 848 is
944 808 1057 847 fuerit
1079 807 1118 847 id
1141 808 1266 847 solide
1288 806 1379 845 scio.

182 880 259 919 CH.
301 879 367 928 pol
409 876 636 927 hicquidem
681 875 843 927 fungino
883 883 1086 926 generest:
1135 874 1262 924 capite
1302 888 1342 911 se
1382 880 1508 910 totum

1403 937 1505 987 tegit.

183 1008 363 1047 Hilurica
383 1007 499 1046 facies
521 1007 675 1046 uidetur
696 1006 878 1053 hominis,
903 1020 949 1044 eo
971 1013 1110 1043 ornatu
1131 1004 1303 1043 aduenit.
1534 1014 1572 1035 10

192 1077 257 1113 SV.
288 1074 337 1112 ill'
359 1075 423 1123 qui
448 1088 508 1111 me
534 1072 733 1118 conduxit,
758 1071 822 1109 ubi
846 1070 1048 1117 conduxit,
1069 1069 1231 1108 abduxit
1253 1070 1429 1114 domum,

183 1153 285 1189 quae
305 1137 430 1176 uoluit
452 1137 545 1175 mihi
568 1136 674 1182 dixit,
699 1136 834 1175 docuit
856 1145 893 1174 et
914 1134 1213 1186 praemostrauit
1234 1135 1338 1183 prius

95 1210 161 1255 855
183 1217 262 1254 quo
280 1203 400 1241 modo
420 1202 596 1252 quidque
611 1215 766 1251 agerem
783 1216 793 1249 3
820 1214 925 1238 nunc
945 1202 1047 1239 adeo
1068 1199 1098 1238 si
1116 1198 1211 1249 quid
1228 1213 1300 1249 ego
1321 1197 1513 1236 addidero

1328 1262 1509 1312 amplius,

182 1348 230 1373 eo
250 1335 468 1372 conductor
488 1333 626 1371 melius
647 1334 697 1371 de
719 1346 782 1370 me
803 1345 925 1382 nugas
947 1330 1224 1369 conciliauerit.

183 1407 226 1438 ut
246 1399 309 1438 ille
330 1413 392 1437 me
413 1398 624 1444 exornauit,
648 1398 701 1435 ita
721 1411 807 1435 sum
830 1405 1015 1444 ornatuSJ
1044 1403 1248 1445 argentum
1270 1396 1343 1432 hac
1364 1393 1466 1431 facit.
1534 1407 1571 1439 15

185 1464 269 1515 ipse
289 1472 518 1503 ornamenta
537 1477 560 1501 a
579 1464 750 1513 chorago
770 1464 868 1500 haec
890 1461 1055 1511 sumpsit
1076 1475 1148 1499 suo
1169 1460 1353 1511 periculo.

186 1543 292 1568 nunc
312 1543 384 1579 ego
405 1529 436 1567 si
456 1536 592 1579 potero
614 1527 854 1566 ornamentis
876 1526 1079 1565 hominem
1101 1526 1406 1572 circumducere,

99 1600 167 1635 860
186 1595 291 1633 dabo
312 1607 471 1644 operam
492 1600 534 1631 ut
555 1607 618 1631 me
639 1606 724 1630 esse
745 1592 874 1642 ipsum
895 1593 1012 1642 plane
1033 1591 1315 1640 sycophantam
1338 1589 1489 1628 sentiat.

187 1661 264 1700 CH.
293 1673 412 1709 quam
433 1658 546 1708 magi'
562 1666 709 1708 specto,
726 1657 846 1695 minu'
863 1658 991 1707 placet
1008 1655 1060 1694 mi
1077 1657 1174 1694 haec
1190 1654 1361 1693 hominis
1382 1654 1511 1692 facies.

1306 1718 1402 1757 mira
1421 1727 1512 1757 sunt

186 1791 225 1829 ni
245 1790 322 1828 illic
342 1790 500 1828 homdst
521 1797 587 1827 aut
608 1789 839 1827 dormitator
859 1796 926 1826 aut
947 1796 1073 1826 sector
1095 1786 1282 1825 zonarius.
1536 1797 1577 1819 20

187 1858 272 1902 loca
292 1857 543 1905 contemplat,
567 1854 868 1905 circumspectat
889 1867 974 1892 sese
994 1861 1113 1903 atque
1134 1851 1242 1891 aedis
1264 1850 1442 1890 noscitat.

187 1922 305 1960 credo
325 1922 477 1970 edepol,
501 1934 580 1970 quo
602 1934 693 1959 mox
715 1921 884 1958 furatum
906 1919 1039 1958 ueniat
1060 1919 1282 1969 speculatur
1301 1918 1398 1955 loca.

101 1989 165 2033 865
188 1986 300 2036 magi'
321 1984 494 2024 lubidost
515 1999 723 2035 opseruare
744 1984 841 2035 quid
860 1992 948 2035 agat
966 2000 972 2023 :
1004 1983 1039 2022 ei
1060 1983 1113 2022 rei
1134 1995 1293 2033 operam
1315 1981 1430 2021 dabo.

231 2091 294 2128 844
321 2088 548 2128 nauigatorias
575 2088 607 2118 A
640 2091 716 2130 (pro
745 2088 961 2129 naugatorias
975 2089 1000 2127 3)
1133 2089 1197 2126 846
1223 2085 1459 2126 usurpauimus
1487 2082 1519 2113 P

190 2139 262 2174 xlm)
276 2133 436 2173 usurpaui
447 2132 531 2172 ruiis,
546 2133 682 2172 antiqua
689 2133 823 2173 forma)
902 2133 963 2172 847
983 2129 1066 2170 male
1081 2131 1196 2171 (vel-i]
1214 2130 1245 2159 :1
1339 2130 1401 2167 848
1419 2129 1472 2167 qui
1487 2127 1520 2157 I'

189 2186 396 2207 nummorum
415 2175 501 2208 codd.
636 2176 701 2215 850
725 2177 751 2207 is
768 2187 833 2207 om.
853 2176 885 2206 A
1356 2174 1419 2211 855
1444 2171 1515 2209 (ῑμιί4

189 2232 254 2260 que
272 2220 304 2250 Ρ
419 2220 482 2258 856
505 2220 671 2251 conducto
687 2220 720 2250 A
812 2221 874 2259 857
901 2218 1066 2250 exornaui
1082 2217 1112 2248 P
1128 2229 1219 2253 acon.
1236 2215 1283 2246 Dl
1354 2214 1416 2246 hoc
1429 2213 1511 2252 PU),

178 2264 259 2303 sort.
280 2267 355 2295 recte
472 2265 539 2295 860
563 2264 671 2303 ipsum
690 2263 791 2303 plane
808 2274 884 2294 esse
902 2263 935 2293 A
1046 2263 1120 2301 861,
1139 2262 1202 2300 865
1230 2260 1276 2290 vel
1291 2270 1388 2299 mage
1476 2257 1516 2287 ab

187 2309 250 2339 862
276 2318 361 2339 nova
377 2317 490 2339 scaena
507 2307 628 2348 (novus
643 2307 746 2338 scriba
757 2308 783 2348 ἓ)
801 2306 876 2337 pen
1006 2306 1180 2344 864-1044
1204 2305 1286 2335 deest
1300 2301 1332 2333 A
1453 2302 1516 2339 864

187 2362 255 2383 nox
271 2351 417 2392 Scallger
