1731 2713
733 110 958 148 RVDENS
1433 109 1510 146 III.
1532 108 1578 145 iv

180 218 259 264 *nisi
280 218 362 258 scio
383 219 604 270 probiorem
627 220 727 257 hanc
748 232 833 257 esse
853 231 971 268 quam
994 227 1042 266 te,
1066 218 1378 268 inpuratissume.

188 285 258 321 LA.
291 287 380 323 tuae
410 283 505 322 istae
532 285 651 322 sunt?
707 285 782 321 TR.
815 284 1013 322 contende
1043 296 1135 333 ergo
1163 291 1247 321 uter
1277 283 1324 320 sit
1352 290 1512 332 tergo——

1361 347 1511 386 uerior:

186 411 225 449 ni
247 413 542 451 offerrumentas
564 412 729 452 habebis
750 412 870 463 pluris
891 412 930 451 in
951 420 1058 463 tergo
1079 420 1147 451 tuo

186 490 304 527 quam
327 479 403 516 ulla
425 477 536 516 nauis
557 479 672 528 longa
693 479 838 525 clauos,
862 486 944 516 tum
966 491 1039 528 ego
1061 491 1126 516 ero
1148 477 1512 516 mendacissumus:

99 555 139 591 75
147 555 164 592 5
186 549 322 591 postea
341 541 506 591 aspicito
528 555 671 589 meum,
696 543 856 592 quando
878 556 950 592 ego
972 550 1080 580 tuom
1102 542 1398 592 inspectauero:
1534 556 1575 588 50

185 607 226 644 ni
246 606 315 644 erit
337 615 415 645 tam
437 607 631 645 sincerum
655 615 696 645 ut
717 606 846 657 quiuis
868 607 973 646 dicat
993 607 1246 657 ampullarius

184 679 392 721 optumum
414 685 499 711 esse
519 672 626 722 operi
648 671 834 710 faciundo
855 672 1005 710 corium
1026 680 1063 710 et
1084 672 1419 720 sincerissumum,

184 735 280 785 quid
300 744 497 775 caussaest
518 737 613 787 quin
635 737 750 788 uirgis
772 745 810 776 te
830 751 956 788 usque
976 739 1026 776 ad
1047 737 1288 776 saturitatem
1310 737 1513 776 sauciem?

185 801 280 851 quid
302 801 385 839 illas
406 803 588 852 spectas?
618 815 714 852 quas
736 802 767 840 si
787 802 969 852 attigeris,
993 803 1129 841 oculos
1151 801 1311 852 eripiam
1333 801 1414 840 tibi.

98 870 167 914 760
186 867 256 904 LA.
280 866 398 916 atqui,
415 866 507 916 quia
527 874 650 913 uotas,
666 875 872 917 utramque
889 867 966 905 iam
985 880 1139 906 mecum
1156 867 1352 906 abducam
1373 868 1509 905 semul.
1533 879 1571 913 55

187 931 263 969 DA.
295 931 391 981 quid
412 932 559 971 facies?
617 934 686 970 LA.
720 933 943 970 Volcanum
963 933 1172 979 adducam,
1195 932 1226 970 is
1248 931 1428 970 Venerist
1448 933 1513 971 ad-

1306 997 1510 1036 uorsarius.

183 1061 258 1099 TR.
292 1062 371 1111 quo
393 1061 469 1100 illic
491 1062 548 1100 it?
606 1064 675 1100 LA.
709 1063 818 1110 heus,
834 1061 969 1113 ecquis
989 1062 1053 1101 hic
1074 1064 1161 1101 est?
1190 1063 1287 1101 heus
1307 1065 1314 1101 1
1374 1064 1450 1100 DA.
1482 1062 1514 1101 si

1162 1127 1333 1178 attigeris
1355 1127 1512 1175 ostium,

183 1189 260 1228 iam
282 1191 411 1230 hercle
432 1192 503 1231 tibi
525 1192 662 1232 messis
683 1192 723 1231 in
745 1206 811 1232 ore
831 1194 898 1232 fiet
919 1192 1059 1243 mergis
1080 1192 1255 1243 pugneis.

184 1256 255 1293 Lo.
288 1258 440 1294 nullum
461 1257 653 1296 habemus
674 1257 816 1308 ignem,
841 1257 924 1296 ficis
945 1257 1169 1296 uictitamus
1190 1257 1319 1296 aridis.

97 1322 161 1367 765
185 1321 261 1359 DA.
294 1334 366 1371 ego
405 1322 510 1361 dabo
549 1322 691 1372 ignem,
727 1322 922 1373 siquidem
962 1322 1002 1360 in
1040 1322 1168 1373 capite
1206 1330 1275 1362 tuo
1313 1322 1513 1362 conflandi
1533 1330 1575 1362 60

1348 1388 1509 1439 copiast.
1537 1440 1540 1444 .

184 1452 255 1489 LA.
288 1451 354 1491 ibo
375 1453 504 1492 hercle
524 1452 658 1504 aliquo
679 1453 939 1504 quaeritatum
960 1454 1102 1504 ignem.
1163 1455 1239 1492 DA.
1272 1453 1368 1504 quid
1389 1467 1509 1504 quom

1287 1519 1482 1558 inueneris
1496 1521 1513 1558 ?

184 1583 254 1621 LA.
288 1581 418 1633 ignem
451 1597 637 1634 magnum
676 1583 740 1622 hic
778 1583 930 1624 faciam.
1009 1585 1084 1623 DA.
1118 1583 1213 1635 quin
1252 1584 1513 1623 inhumanum

1258 1663 1393 1688 exuras
1415 1649 1514 1687 tibi?

184 1715 255 1752 LA.
288 1713 411 1753 immo
440 1715 558 1753 hasce
587 1715 724 1754 ambas
754 1714 818 1753 hic
842 1713 883 1752 in
906 1728 971 1753 ara
1000 1722 1043 1753 ut
1069 1713 1180 1753 uiuas
1208 1715 1450 1762 comburam,
1473 1714 1513 1753 id

1408 1781 1510 1818 uolo.

185 1846 260 1883 DA.
292 1844 370 1883 iam
400 1846 530 1884 hercle
560 1858 632 1895 ego
657 1852 695 1884 te
724 1845 916 1884 continuo
945 1845 1068 1884 barba
1096 1845 1289 1896 arripiam,
1312 1845 1351 1883 in
1381 1844 1512 1895 ignem

1316 1909 1510 1948 coniciam

97 1984 166 2018 770
184 1982 302 2025 teque
321 1975 630 2014 ambustulatum
652 1975 823 2015 obiciam
845 1975 996 2026 magnis
1016 1975 1157 2015 auibus
1178 1975 1378 2026 pabulum.
1528 1984 1571 2028 65

228 2089 290 2119 752
314 2085 370 2111 tua
395 2080 484 2110 enim
509 2081 613 2111 istaec
637 2085 716 2112 sunt
738 2080 892 2123 Seyffert:
918 2092 1027 2121 nugae
1052 2082 1071 2112 i.
1093 2091 1118 2112 s.
1138 2080 1288 2120 Bentley:
1315 2081 1417 2111 tricae
1442 2080 1461 2111 i.
1481 2090 1508 2112 S.

183 2122 248 2153 Leo
315 2125 427 2154 uerior
444 2123 678 2155 Camerarius:
702 2135 784 2164 —or
804 2124 836 2154 A
855 2136 862 2155 t
887 2125 1002 2155 ueri—
1016 2124 1071 2156 P:
1096 2125 1212 2164 purior
1228 2124 1363 2165 Sejffvrt
1451 2133 1512 2163 755

185 2173 281 2206 poste
307 2168 447 2207 aspicito
478 2167 557 2209 (tu)
593 2167 731 2198 Mueller
759 2167 808 2208 <A
841 2179 872 2200 n.
907 2168 947 2209 l.)
1096 2178 1156 2207 757
1182 2178 1285 2207 opere
1311 2167 1350 2207 P,
1379 2167 1413 2197 A
1438 2179 1469 2198 n.
1490 2167 1510 2198 Ι.

185 2212 248 2248 760
271 2212 385 2250 atquin
404 2210 442 2250 P,
463 2211 494 2240 A
515 2221 548 2241 n.
567 2210 586 2242 l.
723 2214 784 2250 763
809 2216 930 2242 messis
949 2212 1053 2252 4652)
1065 2216 1251 2252 suspectum
1270 2211 1342 2251 (vix
1356 2211 1510 2249 hercule)

184 2254 287 2285 fietin
305 2265 364 2285 ore
377 2255 495 2285 messis
505 2253 746 2285 Sonnenschein
818 2255 964 2294 mergeis
983 2255 1016 2285 A
1036 2255 1334 2295 (antiquasorma)
1450 2256 1513 2294 764

184 2297 273 2338 ficis]
303 2298 409 2338 olsicis
433 2297 466 2327 A
556 2298 679 2328 arideis
697 2303 734 2329 ut
750 2298 812 2329 vid.
833 2299 866 2328 A
889 2299 1181 2338 (antz'quaformm
1299 2299 1361 2337 766
1385 2298 1512 2337 lignum

183 2340 311 2372 Schoell
429 2343 488 2380 767
516 2341 750 2382 inhumanum]
769 2347 804 2372 ut
821 2342 1003 2373 humanum
1020 2341 1054 2372 P
1067 2342 1121 2382 (cst
1142 2342 1243 2373 Class.
1261 2341 1340 2372 Rev.
1363 2343 1412 2380 18,
1433 2342 1510 2380 402)

185 2384 371 2468 ῗκιῆτιίειεΡΡ
472 2385 534 2423 768
558 2385 748 2424 comburem
762 2385 795 2416 A
886 2388 951 2425 769
974 2396 1050 2416 nam
1069 2385 1101 2415 P
1186 2386 1288 2416 barba
1306 2386 1465 2416 continuo
1482 2385 1516 2415 P

203 2433 236 2458 et
267 2439 300 2458 in
