1783 2707
147 116 215 152 IV.
237 116 283 152 iv
648 115 694 151 T.
729 112 909 152 MACCI
941 111 1147 149 PLAVTI

175 239 215 273 45
236 239 336 276 quae
365 226 415 264 ad
445 238 526 264 rem
556 225 736 262 referunt.
796 226 874 262 Do.
907 230 1026 272 atque
1056 222 1185 259 hercle
1212 227 1254 258 tu
1284 233 1347 258 me
1377 218 1563 257 monuisti

1349 285 1426 322 hau
1448 286 1559 323 male.

237 356 326 395 uide
347 356 408 403 sis,
432 369 504 405 ego
526 354 589 393 ille
610 355 750 393 doctus
771 355 861 391 leno
882 365 1007 402 paene
1028 350 1068 389 in
1088 352 1246 388 foueam
1267 349 1407 396 decidi,

236 421 275 460 ni
305 421 368 459 hic
401 422 569 460 adesses.
630 426 821 469 quantum
855 425 913 471 est
941 416 1131 455 adhibere
1159 415 1362 453 hominem
1392 414 1562 453 amicum
1584 426 1646 462 595

1228 479 1295 518 ubi
1317 479 1411 529 quid
1431 492 1539 529 geras
1557 482 1563 516 1

235 553 309 589 ΤΟ.
351 565 430 601 quo
458 564 599 600 genere
630 557 696 588 aut
727 562 804 599 qua
834 547 873 586 in
903 546 1026 598 patria
1055 554 1145 584 nata
1174 545 1223 584 sit
1251 553 1318 583 aut
1347 544 1480 594 quibu'
1502 558 1565 594 pa-

1375 609 1560 658 rentibus,

236 695 284 719 ne
305 690 450 720 temere
466 683 568 718 hanc
590 688 626 718 te
647 679 789 718 emisse
811 678 918 717 dicas
940 677 1003 715 me'
1024 677 1238 727 impulsore
1259 683 1325 713 aut
1346 674 1473 721 inlice,

175 764 215 795 50
236 748 327 785 uolo
362 755 398 785 te
438 745 667 797 percontari.
730 747 806 783 Do.
853 743 948 794 quin
982 744 1113 790 laudo,
1150 742 1322 792 inquam,
1357 740 1564 779 consilium

1441 813 1562 843 tuom.

235 879 309 915 To.
355 876 428 915 nisi
463 878 673 916 molestum
707 883 775 923 est,
808 874 1027 926 percontari
1061 875 1163 912 hanc
1202 872 1336 922 paucis
1371 871 1434 909 hic
1469 861 1584 908 uolt.-

1246 939 1336 975 SAG.
1370 949 1562 981 maxume,

235 1023 306 1048 suo
326 1008 522 1048 arbitratu.
582 1009 655 1046 To.
688 1006 784 1057 quid
804 1008 912 1045 stas?
939 1005 1005 1044 adi
1021 1005 1072 1043 sis
1088 1011 1170 1043 tute
1190 1010 1308 1053 atque
1325 1002 1407 1052 ipse
1428 1001 1564 1039 itidem
1583 1005 1652 1039 600

1474 1080 1566 1116 roga

235 1148 276 1178 ut
297 1139 367 1178 tibi
388 1137 608 1190 percontari
628 1137 743 1175 liceat
763 1150 865 1186 quae
885 1136 982 1174 uelis
998 1150 1009 1184 3
1036 1134 1108 1174 etsi
1129 1133 1225 1172 mihi

234 1205 329 1244 dixit
350 1207 443 1244 dare
463 1211 699 1254 potestatem
720 1202 817 1241 eiius
833 1217 843 1250 3
872 1203 942 1240 sed
963 1214 1035 1251 ego
1057 1208 1094 1239 te
1115 1201 1219 1238 malo
1240 1207 1373 1237 tamen

173 1285 212 1319 55
233 1284 395 1321 eumpse
434 1269 552 1316 adire,
587 1276 629 1306 ut
663 1282 713 1306 ne
747 1274 977 1306 contemnat
1010 1274 1049 1304 te
1084 1265 1158 1304 ille.
1229 1267 1305 1302 Do.
1346 1263 1429 1302 sati'
1461 1270 1565 1301 recte

1414 1342 1563 1367 mones.

231 1405 387 1453 hospes,
410 1403 502 1440 uolo
521 1414 592 1450 ego
613 1401 716 1438 hanc
742 1397 974 1449 percontari.
1034 1398 1127 1435 SAG.
1159 1409 1182 1434 a
1201 1403 1301 1434 terra
1327 1396 1377 1433 ad
1398 1396 1562 1441 caelum,

1343 1460 1560 1510 quidlubet.

235 1536 310 1572 Do.
352 1532 443 1571 iube
475 1533 570 1570 dum
603 1544 649 1569 ea
682 1531 759 1568 huc
793 1529 957 1567 accedat
995 1528 1046 1566 ad
1076 1540 1149 1565 me.
1211 1528 1303 1564 SAG.
1340 1525 1351 1562 i
1390 1538 1483 1562 sane
1517 1537 1562 1562 ac
1582 1526 1648 1570 605

1182 1634 1184 1637 y
1216 1604 1365 1629 morem
1387 1589 1440 1627 illi
1461 1603 1559 1639 gere.

232 1670 472 1714 percontare,
509 1661 667 1711 exquire
706 1660 874 1710 quiduis.
938 1661 1013 1697 To.
1058 1671 1143 1707 age,
1181 1670 1251 1707 age
1290 1670 1395 1694 nunc
1435 1663 1486 1702 tu,
1523 1654 1563 1692 in

1371 1720 1563 1771 proelium
1614 1753 1616 1756 Α

233 1794 325 1833 uide
359 1801 401 1832 ut
435 1792 651 1842 ingrediare
685 1791 898 1840 auspicato.
958 1791 1024 1827 V1.
1065 1788 1298 1838 liquidumst
1331 1785 1561 1836 auspicium,

1467 1859 1562 1889 tace.

173 1932 214 1965 60
234 1925 380 1962 curabo
402 1931 443 1961 ut
464 1922 639 1973 praedati
661 1923 823 1972 pulchre
843 1922 894 1959 ad
916 1928 1040 1958 castra
1061 1917 1361 1957 conuortamini.

234 1992 307 2028 To.
340 1990 516 2027 concede
544 1988 657 2035 istuc,
678 2001 750 2037 ego
781 1986 886 2024 illam
916 1987 1124 2024 adducam.
1188 1986 1263 2021 Do.
1301 1997 1382 2033 age,
1412 1990 1454 2020 ut
1483 1995 1563 2020 rem

1079 2064 1163 2089 esse
1184 2050 1223 2087 in
1244 2056 1417 2087 nostram
1438 2055 1562 2097 putas.

278 2171 341 2201 593
366 2164 526 2200 reperant
543 2159 574 2190 A
667 2158 783 2198 atque]
803 2163 835 2188 et
854 2157 911 2197 qui
929 2157 961 2188 P
1095 2164 1168 2194 594.
1184 2164 1245 2193 ego
1270 2153 1325 2183 ille
1343 2151 1475 2191 doctus]
1496 2150 1567 2190 (ne)

235 2205 287 2245 ille
306 2205 456 2246 (d)ortus
475 2203 506 2233 A
599 2202 676 2233 leno
704 2201 768 2242 [et]
787 2201 818 2230 A
955 2209 1016 2238 595
1041 2199 1214 2229 hominem
1239 2197 1380 2227 amicum
1405 2195 1566 2225 adhibere

234 2249 267 2279 A
360 2253 454 2287 gerat
471 2247 503 2276 A
639 2256 701 2284 597
727 2246 758 2275 d.
780 2254 879 2274 suasu
899 2247 999 2282 atque
1013 2242 1147 2281 inpulsu
1160 2251 1233 2271 meo
1246 2240 1278 2270 P
1418 2239 1481 2277 598
1498 2248 1563 2268 om.

236 2293 267 2322 P
395 2293 460 2321 600
483 2289 534 2320 abi
555 2290 636 2327 (om.
665 2289 728 2323 sisU
754 2288 787 2318 P
926 2289 991 2325 604
1015 2285 1203 2326 percontiri
1227 2284 1259 2313 A
1404 2284 1466 2320 605
1493 2291 1566 2311 eam

236 2335 373 2366 Redslob
462 2336 526 2364 hoc
544 2334 575 2363 A
594 2332 884 2371 ‘antl'quasbrmffl
999 2330 1063 2358 608
1087 2339 1151 2358 om.
1174 2328 1206 2357 P
1313 2327 1377 2364 609
1402 2324 1501 2364 istuc]
1521 2325 1568 2354 sis

236 2381 299 2410 iam
319 2380 361 2420 (si
387 2389 477 2408 suam
507 2378 550 2416 B)
571 2376 604 2406 P
691 2379 805 2414 putras
822 2374 853 2403 A
