1731 2713
132 225 196 261 775

126 546 193 587 780

123 871 187 915 785

119 1332 188 1370 790

118 1659 184 1695 795

114 1972 183 2007 800

719 107 1038 145 PSEVI)OLVS
1457 109 1534 145 111.
1559 108 1572 143 i

326 232 431 257 nunc
452 219 543 257 huic
564 218 695 257 lenoni
718 218 872 256 hodiest
893 218 1031 256 natalis
1052 219 1135 257 dics
1153 234 1160 256 :

322 282 611 321 interminatust
630 296 653 321 a
674 282 836 321 minimo
863 282 866 333 Ι
893 284 942 321 ad
965 296 1202 330 maxumum,

323 347 353 386 si
375 347 461 397 quis
483 362 562 386 non
584 348 702 387 hodie
725 361 866 385 munus
890 347 1056 386 misisset
1077 348 1164 396 sibi,

322 427 412 451 eum
435 414 517 451 crzis
539 413 711 451 cruciatu
734 426 917 451 maxumo
939 413 1142 462 perbitere.

320 492 425 516 nunc
447 478 580 516 nescio
601 479 730 517 hercle
751 479 866 516 rebus
889 478 983 528 quid
1005 479 1142 516 faciam
1167 478 1288 527 meis;

319 556 448 593 neque
469 556 541 593 ego
563 543 659 581 illud
680 557 840 593 possum
862 544 969 593 quod
992 543 1044 581 illi
1066 543 1132 593 qui
1154 552 1319 594 possunt
1340 546 1476 584 solent.

319 622 434 654 nunc,
459 608 531 646 nisi
554 608 686 646 lenoni
708 622 850 647 munus
872 608 991 647 hodie
1012 609 1164 655 misero,

318 686 400 712 cras
423 673 517 710 mihi
539 674 735 723 potandus
756 675 902 711 fructus
924 681 982 711 est
1004 674 1199 712 fullonius.

318 739 430 785 eheu,
453 752 572 788 quam
594 738 681 776 illae
702 738 754 776 rei
776 752 848 788 ego
870 738 988 777 etiam
1009 753 1115 777 nunc
1136 753 1220 777 sum
1243 741 1451 790 paruolusi

317 811 436 853 atque
457 805 598 853 edepol
619 811 661 841 ut
683 817 788 842 nunc
810 805 910 842 male
932 806 1078 842 malum
1100 813 1234 842 metuo
1257 805 1381 851 miser,

317 868 348 906 si
370 869 563 919 quispiam
585 870 650 907 det
672 868 738 918 qui
760 883 898 907 manus
919 869 1072 919 grauior
1092 869 1174 916 siet,

316 947 557 984 quamquam
578 934 673 972 illud
694 934 803 972 aiunt
825 948 967 984 magno
987 935 1134 984 gemitu
1155 935 1247 982 fieri,

315 999 572 1048 comprimere
593 1000 731 1037 dentes
753 999 891 1037 uideor
911 1013 1027 1049 posse
1046 999 1179 1050 aliquo
1202 1001 1332 1038 modo,

318 1065 388 1102 sed
409 1064 706 1114 comprimenda
726 1072 783 1102 est
805 1064 901 1102 mihi
922 1078 999 1102 uox
1018 1072 1136 1114 atque
1157 1065 1303 1104 oratio:

315 1142 402 1168 erus
423 1143 560 1168 eccum
582 1129 718 1179 recipit
739 1142 780 1168 se
800 1131 965 1168 domurn
987 1137 1025 1168 et
1046 1129 1154 1168 ducit
1176 1143 1357 1180 coquom.

489 1241 701 1278 BALLIO
812 1240 992 1279 Cocvs
1106 1241 1253 1277 PVER

316 1323 385 1359 BA.
418 1322 562 1359 Forum
584 1321 797 1371 coquinum
821 1321 887 1371 qui
909 1329 1054 1359 uocant
1075 1323 1190 1359 stulte
1211 1330 1366 1368 uocant,

313 1399 405 1424 narn
426 1399 506 1424 non
526 1385 741 1436 coquinum
763 1394 834 1434 est,
856 1399 993 1424 uerum
1014 1385 1185 1424 furinum
1207 1394 1264 1424 est
1285 1388 1423 1424 forum.

311 1464 403 1489 nam
425 1464 497 1501 ego
518 1451 549 1489 si
569 1451 716 1489 iuratus
737 1451 911 1500 peiorem
932 1451 1136 1489 hominem
1158 1465 1383 1501 quaererem

311 1529 493 1566 coquom,
517 1529 597 1554 non
618 1515 729 1566 potui
749 1529 868 1566 quam
889 1517 996 1554 hunc
1016 1530 1134 1566 quem
1156 1517 1261 1555 duco
1281 1518 1435 1565 ducere,

312 1580 600 1630 mustiloquom,
622 1580 847 1630 gloriosum,
870 1581 1074 1629 insulsum,
1098 1572 1286 1620 inutilem.

313 1646 408 1696 quin
430 1646 483 1684 ob
502 1659 588 1684 eam
610 1659 691 1684 rem
713 1647 839 1685 Orcus
861 1646 1032 1697 recipere
1053 1648 1104 1686 ad
1124 1661 1165 1686 se
1186 1649 1291 1686 hunc
1313 1648 1447 1696 noluit,

311 1719 354 1749 ut
374 1718 476 1749 esset
497 1710 560 1749 hic
581 1710 647 1761 qui
669 1711 832 1750 mortuis
853 1725 992 1750 cenam
1014 1721 1183 1762 coquat3
1240 1746 1248 1750 .

310 1789 401 1814 nam
423 1775 486 1814 hic
507 1778 612 1815 solus
633 1776 707 1814 illis
729 1790 899 1827 coquere
920 1778 1029 1827 quod
1050 1779 1201 1828 placeat
1222 1786 1362 1828 potest.

310 1842 384 1881 Co.
414 1840 445 1879 si
467 1854 530 1880 me
548 1841 787 1880 arbitrabare
807 1841 882 1881 isto
904 1850 1020 1892 pacto
1041 1850 1083 1881 ut
1103 1843 1316 1893 praedicas,

307 1919 380 1956 qur
400 1907 682 1945 conducebas?
740 1909 810 1945 ΒΑ.
843 1907 977 1958 inopia
994 1924 1000 1946 :
1031 1907 1129 1946 alius
1150 1921 1231 1946 non
1252 1916 1342 1946 erat.

308 1973 378 2010 sed
399 1984 472 2021 qur
491 1972 658 2010 sedebas
679 1971 719 2010 in
740 1973 836 2019 foro,
860 1972 891 2010 si
912 1985 995 2010 eras
1016 1985 1177 2022 coquos,

246 2085 307 2115 775
321 2076 401 2115 fort.
434 2076 509 2106 huic
540 2076 676 2107 hodiest
703 2077 723 2108 l.
761 2076 824 2110 (vel
852 2076 1003 2108 lenonist
1034 2077 1155 2113 hodie;
1189 2078 1226 2118 cf.
1255 2077 1303 2108 ad
1327 2077 1424 2111 Merc.
1451 2080 1528 2118 330)

202 2120 266 2159 776
290 2119 525 2150 interminatus
555 2125 606 2151 est
633 2120 729 2151 Ital.:
754 2120 1004 2151 interminatust
1031 2120 1181 2164 (usque)
1206 2121 1345 2152 Redslob
1467 2125 1528 2162 778

200 2172 276 2193 eum
293 2162 367 2194 Ital.
388 2175 394 2193 :
421 2168 490 2193 tum
508 2163 574 2194 cod.
593 2163 637 2203 (T
648 2168 709 2204 pro
722 2163 764 2201 E)
857 2174 919 2203 779
943 2164 1021 2203 quid
1041 2164 1112 2195 Ital.
1133 2176 1140 2195 :
1161 2165 1239 2204 quia
1254 2165 1319 2196 cod.
1338 2166 1529 2207 (vixforma

200 2206 352 2246 antiqua)
421 2207 497 2237 miis
512 2206 577 2238 cod.
594 2206 730 2247 (forma
746 2207 898 2248 antiqua)
980 2209 1042 2247 783
1067 2208 1113 2238 rei
1127 2218 1191 2248 ego
1208 2207 1367 2239 Gruterus
1381 2221 1387 2240 :
1413 2210 1528 2249 relego

200 2249 268 2280 cod.
391 2252 453 2289 784
478 2250 601 2280 malum
617 2250 764 2281 Ritschl:
792 2261 867 2281 eum
884 2251 950 2283 cod.
1076 2252 1137 2291 785
1163 2252 1241 2292 quoi
1268 2252 1342 2283 Ital.
1467 2255 1529 2292 788

200 2293 238 2332 cf.
259 2303 287 2323 v.
309 2303 384 2332 409,
411 2294 468 2324 ubi
487 2293 763 2333 comprimunda.
784 2318 790 2324 .
810 2294 963 2332 oratiost,
989 2298 1026 2325 ut
1048 2294 1108 2326 vid.
1235 2306 1297 2335 792
1322 2297 1350 2326 si
1367 2306 1431 2335 ego
1456 2297 1529 2327 PCD

203 2346 264 2375 794
293 2337 344 2367 sin
361 2337 488 2367 suisum
508 2336 572 2367 cod.
699 2347 761 2376 795
785 2337 874 2368 hunc
895 2338 936 2368 ad
953 2348 990 2368 se
1017 2337 1100 2369 cod:
1125 2339 1197 2369 trai.
1221 2339 1355 2370 Gut'etns
1464 2341 1529 2371 800

202 2389 328 2418 coquos
346 2379 470 2420 (-qus)]
490 2380 615 2419 probus
631 2382 670 2419 (ἲ)
689 2379 755 2410 Leo
772 2381 824 2421 (cf.
838 2382 918 2421 802)
1006 2381 1088 2411 Post
1104 2392 1151 2412 co.
1171 2393 1235 2412 uon
1248 2382 1459 2424 distinguunt
1473 2382 1530 2415 alii

1564 300 1600 322 10

1560 953 1599 974 20

1554 1241 1584 1278 ii

1553 1921 1591 1943 10
