1783 2707
231 137 260 175 Ι.
283 136 326 173 iii
695 135 739 172 T.
776 134 955 172 MACCI
989 134 1190 171 PLAVTI

281 251 354 288 To.
387 262 508 300 prope
530 262 592 287 me
613 247 676 286 hic
697 246 921 297 nescioquis
942 246 1122 296 loquitur.
1183 247 1272 284 SAT.
1305 259 1329 284 o
1351 245 1403 284 mi
1430 245 1606 296 Iuppiter

220 333 259 356 20
280 314 476 360 terrestris,
501 314 746 364 coepulonus
768 313 978 362 compellat
999 319 1098 350 tuOS.
1630 327 1694 352 100

278 381 351 418 To.
385 393 408 418 o
430 378 594 425 Saturio,
617 386 840 428 opportune
860 376 1055 415 aduenisti
1077 376 1182 414 mihi.

279 446 368 483 SAT.
403 443 652 483 mendacium
676 444 818 493 edepol
840 442 937 480 dicis
957 450 1075 492 atque
1096 442 1173 479 hau
1195 448 1232 480 te
1253 442 1390 481 decet:

279 523 368 548 nam
391 509 539 548 essurio
559 509 688 554 uenio,
712 521 792 546 non
813 507 984 546 aduenio
1006 507 1160 545 saturio.

279 576 352 612 To.
385 582 423 613 at
444 576 548 621 edes,
573 587 662 612 nam
686 573 762 611 iam
785 573 890 611 intus
910 572 1057 611 uentris
1079 573 1229 610 fumant
1252 573 1390 610 focula.

216 659 253 689 25
277 639 444 678 calefieri
466 639 558 678 iussi
580 639 772 689 reliquias.
833 640 925 677 SAT.
957 651 1118 688 pernam
1140 637 1301 688 quidem
1630 647 1691 685 105

279 705 336 743 ius
358 712 415 743 est
435 704 583 754 adponi
605 704 783 754 frigidam
805 702 1004 753 postridie.

279 771 352 807 To.
385 769 437 807 ita
458 769 538 807 fieri
560 768 662 807 iussi.
725 770 814 807 SAT.
848 768 991 818 ecquid
1013 766 1202 805 halle'cis?
1249 769 1322 805 To.
1356 768 1444 813 uah,
1467 768 1608 817 rogas?

279 836 372 873 SAT.
403 834 495 885 sapi’
518 835 685 873 multum
707 835 757 872 ad
778 833 949 884 genium.
991 834 1064 871 TO.
1098 833 1167 871 sed
1194 832 1337 882 ecquid
1366 831 1605 871 meministin

1514 898 1607 935 here

279 978 355 1015 qua
377 966 426 1003 de
447 978 486 1003 re
507 977 579 1014 ego
601 972 731 1003 tecum
754 962 998 1002 mentionem
1019 963 1218 1001 feceram?

219 1046 259 1077 3>
279 1031 368 1067 SAT.
402 1029 562 1068 memini
581 1045 586 1067 z
618 1037 659 1067 ut
681 1041 842 1067 murena
865 1035 901 1066 et
923 1040 1067 1078 conger
1087 1040 1137 1065 ne
1158 1027 1406 1073 calefierent3
1631 1036 1696 1062 110

279 1107 370 1131 nam
392 1093 514 1132 nimio
536 1093 674 1131 melius
697 1100 962 1143 oppectuntur
982 1091 1129 1141 frigida.

279 1159 349 1197 sed
370 1158 466 1208 quid
487 1171 685 1197 cessamus
707 1157 898 1207 proelium
923 1156 1197 1195 committere?

279 1224 374 1262 dum
398 1236 512 1261 mane
533 1230 604 1270 est,
626 1222 754 1261 omnis
776 1236 861 1260 esse
883 1221 1056 1260 mortalis
1077 1223 1203 1260 decet.

279 1290 354 1326 To.
387 1288 493 1326 nimi’
514 1302 639 1338 paene
661 1295 823 1326 manest.
885 1289 974 1325 SAT.
1008 1300 1123 1326 mane
1145 1288 1253 1337 quod
1275 1294 1315 1325 tu
1337 1286 1536 1337 occeperis

220 1368 258 1400 35
281 1353 481 1403 negotium
502 1367 628 1403 agere,
650 1353 689 1392 id
712 1360 837 1391 totum
861 1352 1037 1402 procedit
1060 1351 1176 1390 diem.
1632 1362 1694 1398 115

279 1421 353 1457 TO.
387 1432 534 1469 quaeso
554 1418 730 1457 animum
752 1419 917 1456 aduorte
938 1419 1024 1456 hoc.
1085 1417 1162 1455 iam
1184 1417 1265 1456 heri
1287 1416 1439 1456 narraui
1460 1416 1531 1456 tibi

280 1492 491 1535 tecumque
512 1484 620 1523 oraui
642 1491 683 1522 ut
704 1496 889 1521 nummos
912 1490 1111 1521 sescentos
1133 1482 1227 1520 mihi

280 1551 392 1588 dares
415 1551 582 1588 utendos
606 1556 773 1587 mutuos.
834 1549 924 1586 SAT.
960 1547 1120 1586 memini
1143 1555 1179 1586 et
1201 1547 1283 1586 scio

281 1623 318 1654 et
340 1622 377 1654 te
399 1629 461 1654 me
482 1628 590 1653 orare
612 1622 648 1653 et
671 1614 766 1652 mihi
787 1627 868 1652 non
891 1627 974 1652 esse
995 1614 1103 1663 quod
1125 1614 1270 1651 darem.

217 1698 260 1729 40
282 1681 392 1719 nihili
413 1680 602 1731 parasitus
624 1688 682 1718 est
702 1679 769 1729 qui
791 1677 1199 1729 Argentumdonidest
1217 1693 1222 1715 :
1632 1687 1698 1714 120

281 1746 419 1785 lubido
440 1747 636 1796 extemplo
658 1752 860 1796 coeperest
882 1744 1124 1791 conuiuium,

281 1811 520 1850 tuburcinari
541 1812 590 1850 de
612 1824 697 1858 suo,
718 1810 749 1848 si
771 1809 867 1860 quid
890 1809 1045 1848 domist.

281 1876 463 1926 cynicum
485 1889 569 1914 esse
590 1883 770 1925 egentem
793 1881 948 1926 oportet
970 1873 1181 1925 parasitum
1204 1874 1326 1924 probe
1344 1889 1350 1912 :

281 1943 507 1991 ampullam,
530 1940 727 1991 strigilem,
751 1940 968 1991 scaphium,
993 1953 1140 1986 SOCCOS,
1164 1939 1337 1990 pallium,

218 2024 262 2057 45
283 2006 552 2057 marsuppium
572 2007 726 2054 habeat,
751 2006 847 2046 inibi
868 2008 1042 2057 paullum
1063 2005 1231 2056 praesidi
1631 2014 1693 2053 125

282 2073 349 2124 qui
371 2072 598 2112 familiarem
621 2086 731 2111 suam
753 2072 874 2111 uitam
896 2072 1067 2111 oblectet
1088 2073 1220 2110 modo.

328 2187 389 2207 100
408 2176 473 2217 [te]
489 2187 517 2207 c.
533 2176 607 2206 ΡΒΕ
701 2186 761 2215 104
780 2176 821 2206 ad
838 2176 941 2206 aedes
959 2175 1045 2206 codd.
1064 2175 1169 2206 Nonii
1182 2186 1220 2205 10
1236 2185 1243 2205 ε
1266 2175 1376 2205 atedis
1392 2174 1459 2206 cod.
1530 2185 1612 2205 uen-

281 2221 340 2251 tris
357 2220 447 2251 codd.
466 2220 585 2251 Nonii:
612 2220 749 2250 ueneris
766 2219 833 2250 cod.
982 2221 1043 2250 106
1067 2220 1176 2249 iusses
1191 2218 1307 2259 Bugge
1322 2231 1328 2249 :
1353 2219 1473 2249 satiust
1488 2217 1615 2248 Sclzoell

284 2275 343 2303 107
369 2264 492 2303 ecquid
509 2267 695 2303 suspectum
846 2263 907 2293 108
932 2263 992 2294 sed
1010 2261 1090 2305 (tu)
1107 2262 1234 2293 Schoell
1342 2262 1523 2292 meministi
1540 2261 1608 2292 cod.

285 2319 296 2338 1
310 2318 347 2338 ιο
363 2318 406 2338 ne
419 2307 507 2338 codd.
522 2307 685 2338 Prisciani
699 2316 724 2346 1,
739 2316 800 2345 224
818 2318 825 2337 z
849 2316 911 2336 nec
925 2306 990 2337 cod.
1041 2342 1048 2350 ,
1065 2308 1125 2336 116
1143 2305 1265 2347 [enim]
1283 2305 1345 2336 iarn
1360 2305 1433 2336 ΡΟ)
1478 2309 1613 2335 narrant

283 2351 382 2390 (-auit
393 2351 481 2389 PCD)
494 2350 559 2381 cod.
656 2360 717 2380 120
732 2360 764 2389 q.
781 2354 957 2389 argentum
972 2350 1138 2380 domidest
1155 2349 1219 2380 cod.
1235 2361 1241 2380 :
1260 2349 1347 2379 —dast
1360 2349 1507 2379 Sclzoell:
1523 2349 1612 2387 quist

280 2394 615 2433 Argentumdonides
633 2393 804 2424 Fleckeisen
823 2394 876 2432 μιῇ
898 2392 944 2423 ad
959 2393 1051 2424 Μενε.
1075 2396 1165 2431 330⁸,
1184 2404 1264 2423 nam
1284 2393 1372 2422 -dest
1392 2397 1454 2432 pro
1471 2393 1544 2422 >des
1561 2397 1612 2422 est

280 2442 467 2479 suspectum
485 2450 491 2469 :
509 2439 561 2468 cui
579 2449 608 2469 a.
624 2438 713 2469 domi
730 2441 783 2468 est
799 2436 942 2477 Pylades
1033 2446 1091 2475 123
1109 2441 1265 2476 egentem
1280 2435 1353 2466 Ital.
1373 2448 1380 2467 :
1397 2440 1531 2475 gentem
1543 2435 1608 2466 cod.

984 2527 1006 2538 l
