1731 2713
598 138 768 175 MILES
801 136 1114 174 GLORIOSVS
1445 134 1521 171 111.
1544 133 1589 170 iii

140 289 142 293 ,
194 250 306 301 (noui
327 249 502 288 indolem
524 246 645 286 nostri
666 245 827 296 ingeni),
851 244 929 283 cito
951 244 1021 282 erit
1042 251 1175 294 parata
1196 243 1320 282 nauis.

195 318 262 353 ΡΑ.
295 316 424 364 nemp'
460 321 500 351 tu
540 311 685 350 nouisti
722 310 884 348 militem
920 323 1052 348 meum
1088 311 1227 347 erum?
1286 311 1356 347 Ac.
1389 320 1522 358 rogare

1331 373 1518 411 mirumst.

194 444 330 496 populi
350 444 486 482 odium
508 441 646 492 quidni
669 440 857 486 nouerim,
882 439 1160 490 magnidicum,
1185 439 1465 485 cincinnatum,

195 511 406 549 moechum
444 508 760 558 unguentatum?
828 507 896 543 ΡΛ.
938 518 1034 543 num
1073 504 1136 542 ille
1175 512 1213 542 te
1252 517 1343 542 nam
1382 502 1522 541 nouit?
1542 513 1582 544 50

1053 572 1125 608 Ac.
1158 582 1375 619 numquam
1399 568 1521 607 uidit:

107 653 172 690 925
194 640 261 690 qui
282 638 435 678 nouerit
457 652 519 677 me
540 637 627 688 quis
648 650 720 687 ego
742 636 845 674 sim?
904 638 974 673 ΡΑ.
1006 634 1112 673 nimi'
1134 634 1264 684 lepide
1285 634 1482 680 fabulare3

193 719 241 743 eo
262 712 354 754 pote
375 703 488 742 fuerit
509 702 676 752 lepidius
699 703 764 752 pol
786 700 878 739 fieri.
938 702 1010 738 Ac.
1044 699 1155 750 potin
1176 707 1218 737 ut
1239 698 1442 737 hominem

194 770 289 808 mihi
310 771 390 816 des,
414 769 592 819 quiescas
614 767 771 805 cetera?
801 766 841 804 ni
861 765 1062 804 ludificata
1083 764 1213 815 lepide

194 849 271 882 ero,
294 836 449 885 culpam
480 846 640 872 omnem
670 832 710 871 in
732 846 795 870 me
825 830 1031 882 imponito.
1092 832 1160 868 PA.
1192 842 1263 880 age
1285 829 1398 880 igitur
1422 829 1523 868 intro

1405 894 1521 941 abite,

193 964 358 1003 insistite
378 966 454 1003 hoc
475 963 676 1014 negotium
698 962 904 1013 sapienter.
963 963 1036 999 Ac.
1068 960 1143 1000 alia
1163 974 1264 999 cura.
1544 967 1582 999 55

106 1045 175 1079 930
195 1031 262 1067 ΡΑ.
294 1042 380 1079 age,
409 1028 757 1078 Periplectomene,
795 1028 866 1065 has
896 1025 1081 1064 nunciam
1109 1027 1187 1064 duc
1214 1025 1315 1064 intro
1331 1040 1340 1073 3
1374 1038 1447 1075 ego
1473 1026 1524 1064 ad

1266 1093 1393 1129 forum
1414 1091 1524 1129 illum

192 1160 428 1198 conueniam
447 1167 566 1210 atque
587 1158 641 1197 illi
661 1160 768 1197 hunc
788 1159 949 1196 anulum
972 1158 1078 1196 dabo
1098 1165 1216 1207 atque
1237 1156 1474 1207 praedicabo

192 1239 215 1263 a
235 1228 302 1263 tua
321 1226 439 1264 uxore
460 1224 556 1263 mihi
576 1226 714 1263 datum
735 1237 820 1263 esse
841 1237 1008 1273 eamque
1030 1224 1138 1261 illurn
1160 1222 1335 1272 deperire
1351 1236 1361 1269 ;

194 1291 295 1328 hanc
315 1290 366 1328 ad
386 1303 470 1337 nos,
492 1303 614 1340 quom
635 1290 834 1339 extemplo
853 1302 876 1326 a
896 1289 981 1327 foro
1002 1287 1218 1334 ueniemus,
1243 1287 1438 1326 mittitote.

193 1355 304 1404 quasi
320 1356 544 1393 clanculum
559 1355 610 1393 ad
623 1353 749 1406 (eum)
762 1354 880 1392 missa
896 1354 954 1392 sit.
989 1355 1057 1391 PE.
1081 1353 1268 1391 faciemus
1286 1369 1292 1391 :
1322 1352 1396 1391 alia
1416 1367 1518 1392 cura.
1541 1357 1582 1389 60

107 1429 172 1465 935
195 1422 263 1458 ΡΑ.
296 1433 367 1459 uos
397 1421 518 1459 modo
548 1427 690 1466 curate²
714 1433 787 1470 ego
816 1419 927 1458 illum
957 1419 1081 1469 probe
1108 1418 1185 1457 iam
1213 1426 1418 1458 oneratum
1446 1420 1523 1457 huc

1293 1483 1525 1523 acciebo.—-

195 1554 265 1590 PE.
296 1552 398 1590 bene
417 1551 588 1599 ambula,
610 1551 712 1590 bene
734 1564 815 1590 rem
837 1564 957 1601 geras.
1030 1562 1156 1600 egone
1182 1549 1260 1588 hoc
1286 1549 1317 1588 si
1345 1548 1520 1589 ecficiam

1394 1616 1520 1666 plane,

194 1690 237 1720 ut
257 1682 522 1721 concubinam
543 1682 674 1720 militis
697 1696 807 1721 meus
828 1683 972 1732 hospes
994 1681 1138 1719 habeat
1158 1680 1278 1719 hodie

194 1755 313 1797 atque
333 1747 425 1786 hinc
446 1749 624 1786 Athenas
644 1749 798 1795 auehat,
821 1746 889 1799 (si)
904 1746 1024 1786 hodie
1044 1747 1151 1784 hunc
1172 1741 1308 1784 dolum
1329 1746 1520 1792 dolamus,

47 1822 180 1858 939-40
196 1812 292 1862 quid
321 1812 392 1851 tibi
421 1826 494 1863 ego
523 1812 676 1851 mittam
707 1812 903 1851 muneris!
969 1814 1041 1849 Ac.
1074 1812 1193 1849 datne
1227 1811 1276 1849 ab
1311 1824 1352 1849 se
1386 1810 1524 1849 mulier
1543 1817 1584 1860 65

1334 1889 1492 1926 operam
1507 1878 1523 1914 ?

235 1994 298 2023 923
322 1985 478 2016 nouerint
506 1986 653 2025 (nouerit
678 1985 768 2024 PCD)
797 1985 862 2018 cod.
891 1986 934 2025 (v,
964 1996 996 2025 p.
1027 1986 1082 2026 78)
1215 1994 1280 2024 924
1306 1983 1361 2013 ille
1384 1987 1418 2013 te
1445 1992 1519 2013 nam

192 2027 316 2059 Bothe:
340 2028 396 2059 illa
419 2033 453 2059 et
470 2040 589 2060 aenam
609 2029 679 2071 (illa
695 2040 768 2060 eam
791 2030 836 2065 Β)
859 2029 922 2061 cod.
946 2030 1019 2069 (pro
1038 2029 1114 2060 illae
1135 2033 1188 2060 tae
1210 2027 1323 2064 nam2.)
1458 2035 1521 2065 925

193 2081 266 2101 sum
279 2071 344 2102 cod.
363 2072 457 2112 (corr.
473 2073 515 2112 C)
615 2075 680 2112 926
704 2079 782 2112 pote
799 2073 899 2104 suerit
915 2073 1049 2113 scripsi:
1073 2072 1254 2112 potiuerim
1269 2070 1364 2112 (—riin
1382 2070 1432 2100 vel
1446 2080 1521 2100 -run

194 2114 282 2155 PCD)
299 2115 364 2146 cod.
381 2126 388 2148 z
402 2116 484 2156 fini.
501 2115 631 2159 (opus)
648 2117 795 2156 potuerit
905 2126 966 2155 931
986 2121 1122 2156 atquem
1140 2116 1206 2147 cod.
1317 2124 1379 2155 932
1403 2119 1436 2144 at
1452 2113 1518 2144 cod.

194 2163 285 2189 esset
302 2158 366 2190 cod.
459 2171 633 2200 eamquam
658 2160 722 2191 cod.
858 2170 921 2199 933
946 2161 1033 2190 hanc
1058 2161 1099 2191 ad
1119 2159 1218 2190 Ital.:
1249 2159 1312 2190 hac
1338 2163 1371 2189 at
1396 2161 1432 2188 ut
1452 2157 1516 2188 vid.

193 2201 259 2234 cod.
281 2203 357 2242 (hec
381 2204 422 2234 ad
442 2204 483 2242 Β,
501 2205 564 2235 hoc
581 2209 614 2235 at
631 2204 674 2243 D,
695 2204 788 2234 haoit
807 2203 852 2244 C)
953 2214 1052 2243 quom
1073 2203 1304 2234 Camerarius:
1328 2212 1427 2242 quarn
1452 2200 1516 2232 cod.

193 2246 350 2277 mittitote
363 2247 465 2278 Bothe
480 2259 487 2279 ε
503 2248 628 2279 mittito
643 2247 707 2278 cod.
798 2257 862 2286 934
880 2258 955 2278 eum
967 2247 1042 2278 add.
1056 2246 1196 2286 Pylades
1261 2256 1324 2286 935
1342 2250 1517 2277 oneratum

194 2289 259 2320 huc
282 2290 354 2321 Ital.
374 2302 381 2321 :
419 2298 580 2323 oneratur
603 2292 695 2322 hunc
715 2290 780 2321 cod.
929 2292 995 2330 936
1019 2300 1118 2329 geras
1142 2290 1298 2330 Seyffert:
1333 2294 1429 2329 gerat
1452 2288 1516 2320 cod.

193 2344 256 2373 937
281 2335 468 2366 concubina
479 2335 545 2367 cod.
677 2336 742 2373 938
759 2334 882 2365 auehat
898 2334 1016 2364 Dousa
1032 2345 1039 2364 :
1063 2334 1184 2364 habeat
1199 2333 1266 2364 cod.
1285 2333 1331 2374 (v.
1349 2344 1398 2370 12,
1411 2343 1441 2372 p.
1462 2334 1516 2372 73)

194 2377 221 2406 si
241 2377 316 2408 add.
340 2378 559 2418 Camerarius,
577 2378 736 2409 Gruterus
804 2388 881 2417 939,
899 2388 964 2418 940
987 2377 1029 2408 ab
1039 2387 1076 2408 se
1089 2377 1163 2408 Ital.
1181 2388 1186 2407 :
1212 2376 1282 2408 absi
1300 2377 1363 2408 cod.
1381 2388 1387 2406 :
1413 2386 1518 2416 eapse

194 2420 226 2450 A
229 2420 365 2451 ct'dalr'us

1392 2463 1431 2494 4*
