1783 2707
186 132 215 174 Ι.
237 138 264 173 ii
648 143 690 177 Τ.
729 142 905 181 MACCI
943 142 1141 180 PLAVTI

239 252 310 287 Mi.
343 251 447 288 enim
476 265 578 292 ucw,
604 266 676 297 erc,
702 253 793 290 sacis
822 253 993 291 delicias.
1054 256 1126 291 Ac.
1160 255 1210 292 de
1238 254 1438 304 tequidem
1466 256 1563 293 haec
1583 260 1648 292 280

1277 319 1396 358 didici
1418 319 1560 357 onmia.

238 383 310 418 Mi.
344 380 513 419 etiamne
542 390 582 419 ut
609 396 717 421 ames
743 396 827 421 eam
851 396 970 433 quam
994 397 1210 434 numquam
1233 383 1430 434 tetigeris?
1486 387 1558 423 AG.

1164 448 1260 486 nihil
1281 448 1321 486 id
1342 448 1539 498 quidemst
1556 463 1561 487 ι

179 522 215 555 75
237 512 334 550 deos
351 525 510 561 quoque
527 513 667 561 edepol
691 522 727 551 et
749 527 839 551 amo
861 521 897 552 et
921 522 1067 555 metuo,
1085 513 1219 563 quibu'
1237 521 1368 559 tamen
1384 513 1561 563 apstineo

1410 593 1557 617 manus.

236 644 365 681 ANTE.
391 656 438 681 cu
452 643 603 681 ecastdr
622 647 626 681 ἶ
658 658 777 694 quom
794 653 975 683 ornatum
991 645 1140 695 aspicio
1155 654 1329 683 nostrum
1344 646 1558 691 ambarum,

1390 710 1562 761 paenitet

233 782 442 813 exornatae
464 783 505 812 ut
527 773 657 812 simus.
719 777 822 813 ΔΗΕ,
856 774 978 814 immo
1000 789 1093 814 uero
1114 789 1207 814 sane
1229 776 1465 822 commode3

234 851 323 877 nam
346 853 416 889 pro
438 838 518 878 erili
541 846 578 877 et
599 847 734 878 nostro
755 847 920 890 quaestu
942 840 1024 878 sati'
1046 841 1148 879 bene
1169 848 1328 878 ornatae
1350 854 1494 878 sumus.
1583 846 1646 889 285

233 916 312 943 non
334 904 439 943 enim
462 904 564 955 potis
586 912 644 944 est
665 912 850 955 quaestus
871 905 963 952 fieri,
987 905 1027 943 ni
1048 913 1228 955 sumptus
1250 905 1434 955 sequitur,
1457 905 1552 953 scio,

171 979 212 1010 80
233 977 270 1008 et
302 977 433 1009 tamen
464 970 650 1020 quaestus
678 984 757 1009 non
785 970 983 1017 consistet,
1008 970 1039 1010 si
1067 985 1157 1010 eum
1185 979 1364 1021 sumptus
1394 979 1561 1021 supera-t,

1443 1050 1560 1075 soror.

231 1114 278 1140 eo
295 1101 390 1140 illud
408 1100 544 1140 satiust
566 1104 575 1121 ‘
594 1101 685 1140 satis
701 1103 708 1118 ⁷
725 1103 833 1151 quod
850 1101 942 1140 satis
958 1109 1016 1140 est
1032 1101 1169 1140 habitu
1185 1116 1194 1149 3
1214 1100 1326 1153 <h6c>
1340 1102 1426 1152 plus
1443 1115 1562 1152 quam

1413 1174 1470 1204 sat
1492 1174 1559 1205 est.

229 1234 304 1272 AG,
323 1232 375 1271 ita
392 1246 454 1271 me
470 1233 511 1271 di'
526 1239 670 1279 ament,
691 1239 732 1270 ut
749 1231 813 1270 illa
827 1231 889 1270 me
905 1239 1010 1270 amet
1024 1231 1156 1270 malim
1175 1245 1293 1281 quam
1308 1231 1358 1278 di,
1376 1231 1557 1281 Milphio,

229 1312 319 1337 nam
341 1298 405 1337 illa
427 1298 564 1336 mulier
585 1298 757 1348 lapidem
780 1298 927 1336 silicem
954 1297 1133 1348 subigere
1155 1304 1197 1336 ut
1219 1311 1259 1336 se
1279 1305 1383 1336 amet
1405 1305 1543 1348 potest.
1577 1310 1648 1345 290

231 1366 302 1402 Mi.
336 1366 400 1415 pol
435 1364 640 1414 idquidem
670 1366 748 1402 hau
781 1363 955 1410 mentire,
990 1377 1081 1401 nam
1117 1371 1159 1401 tu
1199 1377 1239 1401 es
1284 1363 1413 1413 lapide
1454 1363 1560 1401 silice

1409 1427 1561 1466 stultior

169 1505 208 1541 55
229 1494 294 1545 qui
317 1496 418 1533 hanc
438 1508 556 1533 ames.
610 1497 683 1532 AG.
708 1502 746 1532 at
769 1494 860 1532 uide
883 1493 944 1540 sis,
967 1507 1057 1531 cum
1080 1493 1167 1531 illac
1188 1506 1406 1543 numquam
1427 1491 1561 1531 limaui

1430 1567 1558 1610 caput.

230 1628 301 1666 M1.
334 1641 485 1666 curram
507 1626 621 1677 igitur
645 1626 778 1676 aliquo
799 1627 850 1665 ad
872 1626 1061 1676 piscinam
1090 1633 1157 1664 aut
1181 1627 1232 1664 ad
1258 1626 1398 1672 lacum,
1422 1624 1559 1663 limum

1413 1697 1556 1741 petam.

227 1760 301 1796 AG.
334 1757 430 1807 quid
451 1771 498 1796 eo
519 1759 665 1808 opust?
726 1759 797 1795 M1.
832 1770 905 1807 ego
926 1756 1056 1796 dicam
1077 1772 1083 1794 z
1115 1764 1155 1794 ut
1184 1755 1237 1793 illi
1266 1755 1303 1794 e't
1331 1754 1400 1794 tibi
1425 1755 1558 1794 limem
1583 1771 1585 1774 ¹

1428 1829 1556 1871 caput.

227 1889 302 1927 AG.
335 1889 346 1926 i
367 1888 405 1926 in
427 1889 570 1926 malam
592 1891 696 1926 rem!
757 1890 829 1926 M1.
865 1887 915 1927 ibi
937 1902 1023 1926 sum
1051 1887 1248 1938 equidem.
1307 1888 1382 1925 AG.
1415 1885 1556 1937 perdis.
1579 1897 1643 1934 295

789 1955 860 1991 M1.
895 1961 1016 1992 taceo.
1077 1955 1150 1991 AG.
1182 1959 1221 1991 at
1241 1959 1432 2003 perpetuo
1452 1953 1556 1990 uolo.

230 2020 302 2057 M1.
335 2018 440 2057 enim
462 2033 567 2066 uero,
591 2032 665 2066 ere,
692 2032 781 2058 meo
804 2020 865 2057 me‘
887 2018 1043 2057 lacessis
1065 2019 1159 2057 ludo
1181 2025 1218 2057 et
1239 2016 1399 2056 delicias
1421 2015 1525 2055 facis.

271 2126 329 2155 281
359 2125 392 2156 id
408 2125 532 2156 Bothe:
557 2125 623 2156 illie
641 2124 721 2155 Put
735 2123 798 2155 vid.
817 2124 894 2164 (pro
907 2124 992 2154 idio?
1009 2123 1044 2161 cf
1066 2123 1142 2162 291)
1159 2134 1165 2153 :
1191 2123 1255 2153 hoc
1273 2121 1410 2163 Seyffert
1496 2122 1560 2153 282

228 2168 384 2199 acceditA
481 2168 578 2210 [ego]
597 2174 708 2199 tamen
726 2168 759 2198 P
862 2169 924 2207 285
950 2166 1024 2197 erili
1042 2167 1091 2208 et]
1111 2166 1240 2198 erilicet
1256 2165 1289 2196 P
1383 2166 1447 2197 286
1471 2165 1560 2205 potis

229 2217 280 2243 est
296 2213 348 2254 q.]
362 2218 441 2253 pote
455 2223 488 2253 q.
506 2215 642 2243 testatur
658 2211 830 2243 Cham'sz'us
847 2221 918 2250 223,
934 2211 992 2241 sed
1005 2213 1092 2241 enim
1109 2210 1165 2241 vix
1170 2209 1350 2249 ferendum
1367 2221 1374 2240 z
1398 2214 1510 2249 potest
1526 2220 1557 2248 q.

230 2254 263 2285 Ρ
277 2258 357 2297 (pro
372 2257 460 2297 potis
483 2261 534 2287 est
547 2256 572 2291 ζ)
664 2254 736 2286 fieri
752 2279 758 2286 .
774 2278 781 2286 .
799 2278 805 2285 .
822 2259 983 2294 quaestus
1001 2256 1044 2294 (v.
1063 2254 1142 2293 287)
1160 2264 1226 2284 om.
1243 2253 1275 2284 P
1286 2257 1322 2284 ut
1338 2252 1400 2284 vid.
1418 2254 1562 2294 (propter

229 2300 431 2339 ltomoeotel.)
566 2299 630 2329 288
656 2298 769 2329 habitu
787 2299 851 2328 hoc
868 2298 1000 2338 scripsi:
1025 2297 1158 2328 habitus
1174 2297 1216 2335 P,
1234 2296 1266 2326 A
1286 2307 1317 2327 n.
1339 2297 1357 2327 Ι.
1374 2307 1380 2326 :
1396 2297 1478 2337 sort.
1495 2296 1558 2327 hoc

230 2349 341 2375 autem
370 2344 421 2383 (he
448 2344 506 2383 asi)
597 2342 718 2384 <quam
745 2341 826 2372 illud
857 2341 970 2383 quod>
1002 2340 1129 2371 Ritschl
1258 2350 1318 2381 291
1346 2340 1380 2371 id
1404 2339 1557 2380 quidem]

230 2387 429 2427 equidemA
447 2389 540 2427 &pro
558 2386 640 2426 icq.)
726 2395 789 2424 292
807 2394 907 2424 quom
925 2385 946 2415 i.
968 2384 1000 2414 P
1012 2383 1304 2423 'a11l1'q11aforma)
1386 2394 1447 2423 294
1473 2393 1560 2422 opus

230 2433 273 2462 sit
301 2431 333 2461 P
358 2432 392 2471 si.
422 2441 451 2469 7,
481 2431 515 2471 2)
606 2430 655 2461 vel
676 2429 743 2460 illic
848 2428 949 2458 limen
975 2427 1008 2457 P
1137 2437 1200 2466 295
1226 2428 1234 2458 i
1263 2427 1311 2468 in]
1340 2427 1371 2457 in
1399 2427 1431 2457 Α
1463 2426 1558 2468 (lin')

231 2474 376 2514 ρετ-ζῷς)
392 2474 425 2504 Α

953 2528 975 2538 l
