1783 2707
172 129 226 166 ΙΙ.

173 807 232 842 vii

248 128 293 165 vi
663 126 708 163 T.
743 122 924 162 MACCI
957 123 986 160 P
993 122 1159 159 LAVTI

250 236 382 275 uenire
404 235 514 273 illaec
535 247 651 285 posse
668 234 787 272 eredo
808 233 914 271 dona
934 244 1035 281 quae
1056 229 1090 269 ei
1111 231 1219 269 dono
1239 229 1343 268 dedi.

250 302 504 340 uehementer
524 313 630 337 nunc
652 297 747 336 mihi
769 305 827 336 est
848 297 953 343 irata,
978 295 1105 334 sentio
1125 302 1243 344 atque
1265 294 1473 344 intelleg03
1601 302 1663 338 545

212 388 225 417 ¹-
249 380 386 406 uerum
401 365 532 404 abibo.
566 365 661 415 quid
676 364 762 402 ais?
782 376 887 401 nunc
902 370 942 400 tu
958 375 1052 400 num
1067 360 1178 399 neuis
1192 361 1267 407 me,
1283 361 1464 410 uoluptas
1481 372 1578 404 mea,

249 445 329 482 quo
349 438 513 470 uocatus
536 443 621 468 sum
644 429 698 467 ire
718 430 769 467 ad
791 441 929 466 cenam
948 429 964 466 ?
994 440 1085 464 mox
1105 427 1183 463 huc
1204 424 1380 463 cubitum
1403 438 1560 463 uenero,

249 497 344 548 quid
360 498 496 535 taces?
516 494 757 545 planissume
774 494 915 542 edepol
934 491 1038 542 perii.
1073 491 1142 529 sed
1160 489 1255 540 quid
1276 489 1367 527 illuc
1385 488 1478 527 noui
1495 490 1582 527 est?

249 562 335 613 quis
364 560 463 615 (hie)
493 562 651 599 homost
681 559 747 610 qui
783 557 934 596 inducit
964 570 1151 608 pompam
1182 555 1364 593 tantam?
1394 562 1581 592 certumst

1358 632 1437 669 quo
1457 620 1581 657 ferant

250 706 469 744 opseruare.
531 691 621 730 huic
643 692 762 729 credo
783 692 911 729 fertur.
972 701 1108 727 uerum
1131 687 1207 726 iam
1230 686 1340 725 scibo
1361 685 1492 736 magis.
1603 694 1669 731 550

276 806 502 844 CYAMVS
615 804 993 840 PHRONEsIVM
1107 801 1556 837 STRATOPHANES

467 886 538 926 CV.
573 887 642 930 Ite,
668 883 719 922 ite
740 884 814 921 hac
836 882 964 929 simul,
988 879 1139 920 mulieri
1161 879 1428 930 damnigeruli,

466 952 567 990 foras
588 962 787 999 egerones,
809 948 1004 986 bonorum
1026 958 1231 996 exagogae.

252 1016 364 1064 satin,
396 1015 517 1066 siquis
547 1021 662 1061 amat,
687 1012 823 1063 nequit
848 1012 945 1062 quin
967 1011 1077 1050 nihili
1106 1010 1164 1058 sit,
1197 1018 1315 1060 atque
1342 1009 1517 1060 inprobis
1542 1023 1584 1048 se

1196 1075 1343 1114 artibus
1364 1074 1585 1126 exspoliat?

468 1161 559 1186 nam
586 1147 589 1198 l
617 1148 692 1186 hoc
714 1145 780 1196 qui
802 1145 935 1192 sciam,
958 1158 1007 1183 ne
1028 1145 1115 1195 quis
1136 1144 1177 1182 id
1198 1151 1357 1194 quaerat
1374 1157 1419 1183 ex
1440 1157 1514 1191 me,

468 1212 613 1252 domist
634 1211 700 1262 qui
722 1212 813 1249 facit
834 1210 1000 1261 inprobe
1021 1212 1122 1249 facta
1142 1217 1302 1257 amator,
1607 1217 1670 1255 555

522 1278 589 1328 qui
609 1278 715 1316 bona
735 1290 805 1315 sua
825 1290 895 1326 pro
917 1283 1085 1314 stercore
1106 1276 1235 1323 habet,

523 1345 625 1382 foras
645 1342 754 1381 iubet
775 1341 860 1380 ferri
881 1357 888 1380 :
920 1341 1058 1380 metuit
1607 1342 1693 1386 556ει

525 1407 778 1459 ”lpublicos'l‘t
811 1406 1099 1445 mundissumu’
1130 1407 1200 1454 fit3

255 1489 370 1527 puras
391 1488 476 1515 esse
497 1473 571 1513 sibi
591 1474 674 1512 uolt
694 1472 803 1511 aedis
823 1488 829 1511 :
863 1471 972 1511 domi
995 1471 1189 1522 quidquid
1209 1472 1328 1510 habet
1349 1470 1486 1510 eicitur
1507 1471 1583 1517 ἔξω.

299 1583 363 1621 546
385 1580 484 1612 adibo
512 1590 590 1611 corr.
617 1579 673 1610 ab-
701 1582 737 1608 ut
762 1577 823 1609 vid.
849 1577 914 1609 cod.
943 1577 1077 1618 <abdib0
1100 1576 1152 1607 B:
1177 1576 1275 1607 adibo
1300 1575 1389 1615 PCD)
1524 1585 1585 1615 547

256 1636 324 1656 nox
340 1625 515 1656 Fleckeisen
605 1633 646 1653 m.
672 1623 781 1653 adhuc
806 1622 837 1652 Β
948 1631 1077 1652 uenero
1100 1620 1238 1661 Bngge:
1265 1621 1361 1651 inero
1379 1619 1465 1651 cod.:
1492 1619 1587 1650 iuero

255 1669 329 1700 Ital.
464 1668 528 1707 548
552 1667 629 1697 noui
647 1665 805 1707 Spengel:
829 1665 907 1696 boni
922 1664 987 1696 cod.
1011 1667 1083 1706 (pro
1097 1664 1215 1703 uonil)
1350 1673 1413 1702 549
1437 1663 1490 1694 hic
1507 1662 1585 1694 add.

254 1712 393 1753 quffert
468 1711 557 1743 ducit
572 1710 676 1741 Bothe
781 1719 839 1749 551
860 1708 1014 1740 mulierei
1033 1707 1097 1739 cod.
1118 1707 1408 1748 (antiquaforma)
1428 1707 1493 1744 (vel
1506 1707 1584 1737 muli

255 1757 338 1798 erei)
467 1764 532 1796 552
555 1764 724 1794 egerones
741 1753 858 1795 Bttgge
873 1765 879 1784 :
904 1753 1057 1793 gerronis
1073 1751 1139 1783 cod.
1241 1761 1415 1790 exagogae
1432 1749 1561 1781 Merula
1578 1747 1588 1780 i

255 1809 406 1840 axagoee
426 1799 535 1837 (maca
553 1808 638 1838 goce
653 1797 700 1838 B>
719 1797 785 1830 sod.
935 1807 998 1835 553
1015 1807 1052 1827 se
1071 1798 1142 1836 (pro
1157 1796 1206 1827 sei
1220 1796 1246 1836 2)
1262 1796 1334 1834 quis
1350 1794 1416 1825 cod.
1499 1794 1579 1834 fort.

257 1853 401 1884 nequam
421 1842 494 1882 (del,
512 1843 615 1882 quin;
642 1842 678 1882 cf.
706 1841 753 1872 ad
776 1852 825 1872 vv.
850 1841 924 1881 488,
951 1842 1030 1880 595)
1057 1839 1197 1880 nihilist,
1223 1849 1304 1870 nam
1328 1849 1383 1869 ncc
1404 1838 1510 1878 siquis
1535 1848 1590 1868 nec

257 1890 373 1927 nequit
384 1886 465 1917 satis
470 1887 572 1928 placet
662 1890 763 1925 atque
780 1884 990 1916 saracenus:
1015 1894 1100 1923 aque
1112 1882 1178 1914 cod.
1196 1894 1203 1914 t
1221 1882 1301 1922 sort.
1314 1881 1434 1913 deleud.
1455 1882 1589 1921 alstani

257 1930 323 1962 duo
334 1931 573 1973 glyconz'cicmu
585 1928 736 1960 doclmn'o
804 1928 995 1968 inprouisse
1011 1928 1111 1968 (-uise
1126 1927 1210 1965 PCD>
1227 1926 1377 1967 partibus
1388 1925 1452 1956 cod.
1473 1937 1480 1956 ε
1503 1936 1582 1956 corr.

259 1974 471 2006 Camerarius
513 1973 663 2013 expoliat
676 1984 721 2004 an
733 1972 899 2012 exspoliat
912 1972 1016 2003 incert.
1031 1970 1095 2002 cod.
1178 1980 1241 2010 554
1257 1968 1366 2012 (ego)
1377 1969 1441 2000 hoc
1455 1969 1592 1999 Mueller

257 2019 312 2058 qui
331 2019 435 2050 sciam
457 2017 552 2049 Ital.:
578 2017 652 2057 quis
669 2016 775 2048 cieam
796 2015 861 2047 cod.
1035 2024 1098 2055 555
1122 2015 1230 2046 domis
1250 2015 1342 2053 itque
1364 2013 1480 2053 (idque
1497 2011 1584 2052 PCD)

257 2062 276 2094 f.
296 2061 365 2094 cod.
381 2074 387 2093 :
411 2072 492 2093 corr.
508 2061 719 2092 Camerarius
783 2059 925 2099 inprobe
936 2059 1070 2100 sempsi:
1094 2058 1245 2098 improba
1256 2057 1322 2089 cod.
1339 2057 1390 2098 (cf
1404 2056 1452 2087 ad
1463 2067 1492 2088 v.
1509 2057 1583 2096 822,

256 2106 328 2138 Mil.
346 2107 425 2146 894)
443 2118 448 2136 ε
475 2103 589 2148 (tam)
611 2104 761 2145 improbe
785 2103 913 2135 Scl1oell
999 2102 1121 2133 domist
1142 2104 1197 2141 qui
1225 2101 1303 2132 facit
1323 2101 1409 2132 sacta
1434 2100 1586 2140 improba

256 2154 385 2181 amator
407 2149 471 2180 Leo
625 2150 699 2188 556,
719 2157 780 2187 557
806 2147 860 2178 vix
877 2147 917 2186 Q.
938 2147 969 2177 b.
987 2157 1046 2178 sua
1070 2145 1176 2188 (sibi)
1196 2156 1228 2185 p.
1249 2156 1275 2177 s.
1297 2145 1328 2176 h.
1351 2145 1464 2184 (anap.
1485 2143 1585 2181 dimt)

259 2194 293 2224 F.
316 2194 333 2225 i.
354 2194 374 2226 f.
397 2193 579 2234 (mononm
671 2192 726 2222 vix
743 2191 837 2222 metit
985 2192 1049 2230 556
1066 2188 1232 2232 (domist)
1248 2191 1305 2229 qui
1331 2188 1420 2219 bona
1440 2198 1501 2219 sua
1526 2197 1587 2227 pro

258 2242 408 2269 stercore
433 2237 534 2267 habet
550 2235 615 2266 Leo
793 2245 855 2274 557
882 2234 1088 2274 puluisculos
1105 2233 1231 2265 Sclzoell
1338 2242 1381 2263 m.
1403 2232 1439 2262 fit
1455 2230 1587 2272 scripsi:

259 2281 513 2312 mundissimust
540 2279 612 2311 Ital.
633 2291 640 2310 ε
674 2279 926 2310 mundissimum
951 2278 994 2309 sit
1016 2278 1080 2309 cod.
1224 2278 1288 2316 558
1312 2275 1373 2307 sibi
1397 2285 1472 2306 esse
1496 2273 1587 2306 cod.:

259 2325 330 2356 trai.
349 2324 461 2364 Bothe,
482 2323 579 2354 metri
593 2333 691 2354 causa
795 2322 888 2353 aedis
916 2322 1011 2353 Ital.:
1051 2321 1141 2353 asdis
1172 2320 1237 2352 cod.
1351 2319 1472 2350 eicitur
1496 2317 1586 2349 Leo:

260 2367 397 2399 neititur
423 2366 490 2399 cod.
522 2367 556 2408 (ι’.
568 2377 592 2399 e.
617 2367 776 2407 nititur3)
793 2378 799 2396 :
814 2366 896 2406 sort.
917 2366 1061 2396 mittitur

973 2517 995 2528 s
