1783 2707
186 129 277 168 II.i
671 128 717 165 T.
751 126 931 166 MACCI
963 126 1168 163 PLAVTI

373 247 497 278 utram
520 238 649 289 potius
671 239 809 276 harum
831 237 926 275 mihi
948 244 1069 275 artem
1091 244 1346 286 expetessam,

370 312 496 343 utram
517 303 634 342 aetati
655 304 834 353 agundae
855 301 1016 340 arbitrer
1036 301 1247 340 firmiorem
1268 316 1274 340 :

369 369 519 408 amorin
542 370 631 408 med
652 382 702 406 an
723 368 775 406 rei
798 367 963 417 opsequi
984 366 1104 416 potiu’
1126 380 1193 417 par
1213 367 1271 415 sit,
1606 379 1677 414 230

368 443 453 474 utra
473 435 513 473 in
534 442 641 485 parte
662 436 749 484 plus
771 434 818 471 sit
840 432 1043 483 uoluptati'
1065 432 1167 471 uitae

204 517 242 539 10
475 501 525 539 ad
546 507 713 538 aetatem
734 500 943 548 agundam.

315 568 365 606 de
379 567 452 604 hac
466 579 504 604 re
520 564 612 602 mibi
632 564 722 602 satis
740 566 816 609 hau
834 563 956 613 liquet
972 577 981 610 3
1010 562 1084 601 nisi
1101 564 1177 600 hoc
1195 562 1248 600 sic
1265 561 1417 609 faciam,
1435 561 1586 612 opinor,

314 639 356 670 ut
386 639 593 680 utramque
624 643 705 668 rem
737 629 852 667 simul
882 635 1076 678 exputem,
1104 628 1222 666 iudex
1251 627 1324 665 sim
1354 628 1513 676 reu'que
1536 627 1587 664 ad

1389 705 1474 730 eam
1492 705 1584 729 rem.

422 750 475 788 ita
496 749 646 795 faciam,
670 749 722 786 ita
742 749 895 798 placet3
924 747 1101 785 omnium
1123 747 1293 797 primum
1608 758 1673 794 235

371 815 528 854 Amoris
549 814 640 852 artis
662 816 822 864 eloquar
843 827 961 863 quem
982 814 1033 851 ad
1055 814 1219 851 modum
1243 809 1317 864 [se]
1340 810 1560 861 expediant.

204 896 239 929 15
261 895 478 933 numquam
495 883 620 919 Amor
640 893 881 930 quemquam
898 879 972 917 nisi
988 878 1176 928 cupidum
1194 877 1396 916 hominem
1417 877 1588 926 postulat

941 998 946 1004 .
1106 957 1147 981 se
1167 942 1207 981 in
1228 944 1360 993 plagas
1381 941 1560 980 conicere
1579 955 1586 979 :

782 1012 848 1038 eos
870 1006 976 1048 petit,

315 1079 382 1105 eos
405 1073 574 1105 sectatur
592 1080 602 1113 3
631 1065 798 1103 subdole
820 1063 1030 1110 blanditur,
1053 1063 1103 1101 ab
1124 1077 1163 1101 re
1185 1061 1364 1109 consulit,
1606 1069 1695 1113 238³

314 1132 718 1181 blandiloquentulus,
767 1131 948 1179 harpago,
997 1129 1176 1175 mendax,
1227 1140 1386 1178 cuppes,
1433 1138 1587 1174 auaruS,

1107 1194 1274 1242 elegans,
1298 1188 1583 1244 despol[i]ator,

314 1261 629 1301 latebricolarum
647 1259 853 1298 hominum
871 1266 1073 1309 corruptor
1089 1259 1270 1305 blandus,
1289 1257 1402 1307 inops
1417 1258 1586 1295 celatum
1608 1270 1716 1305 240-1

1370 1322 1585 1371 indagator.

202 1407 241 1431 20
263 1407 353 1432 nam
381 1393 449 1443 qui
474 1398 580 1430 amat
610 1392 718 1441 quod
747 1398 852 1428 amat
882 1403 1002 1440 quom
1031 1390 1228 1439 extemplo
1255 1387 1371 1426 sauiis
1399 1386 1587 1437 sagittatis

1356 1453 1586 1502 perculsust‚

261 1523 351 1562 ilico
371 1537 430 1562 res
451 1525 552 1561 foras
573 1522 729 1569 labitur)
742 1520 911 1571 liquitur.
972 1522 1043 1559 ‘da
1064 1519 1158 1557 mihi
1180 1521 1266 1565 hoc,
1291 1520 1367 1557 mel
1390 1531 1532 1563 meum,
1557 1516 1587 1554 si
1607 1531 1722 1567 243-4

1166 1598 1228 1622 me
1249 1596 1367 1629 amas,
1391 1582 1421 1620 si
1442 1583 1587 1620 audes.'

314 1653 368 1692 ibi
389 1653 452 1692 ille
474 1654 635 1691 cuculus
654 1667 660 1690 ;
693 1652 837 1689 ‘ocelle
860 1650 922 1698 mi,
943 1651 1008 1688 fiat
1029 1665 1034 1688 :
1065 1657 1103 1688 et
1124 1649 1223 1687 istuc
1240 1656 1277 1687 et
1299 1647 1329 1686 si
1345 1646 1512 1697 amplius
1529 1645 1588 1684 uis
1609 1649 1725 1694 245-6

1291 1712 1384 1760 dari,
1408 1712 1588 1758 dabiturj

367 1783 422 1823 ibi
443 1783 507 1822 illa
528 1784 769 1834 pendentem
791 1781 877 1820 ferit
897 1797 903 1819 :
934 1781 1009 1819 iam
1032 1779 1200 1831 amplius
1222 1787 1305 1818 orat
1323 1794 1333 1827 3
1362 1792 1442 1817 non
1464 1777 1556 1816 satis
1608 1780 1720 1823 247—8

422 1850 462 1888 id
484 1857 542 1888 est
563 1848 665 1896 mali,
689 1848 728 1886 ni
749 1848 866 1886 etiam
887 1847 1069 1897 amplius,

204 1930 242 1962 25
263 1917 371 1967 quod
398 1914 531 1960 ebibit,
555 1915 663 1964 quod
692 1920 853 1960 comest,
877 1913 985 1962 quod
1013 1911 1103 1949 facit
1131 1909 1286 1960 sumpti.
1346 1922 1424 1947 nox
1448 1909 1561 1947 datur
1581 1922 1587 1945 :
1608 1919 1718 1955 250-1

1151 1976 1306 2014 ducitur
1328 1973 1474 2012 familia
1495 1981 1586 2020 tota,

305 2079 369 2109 230
392 2078 441 2107 sq.
459 2067 538 2107 disp.
568 2066 709 2097 Amorin
729 2084 767 2088 —
787 2070 880 2105 parte
904 2063 908 2107 Ι
929 2063 1221 2102 Plus—agundam
1239 2062 1271 2091 A
1293 2061 1409 2101 (bacch.
1430 2059 1587 2100 systemati

261 2124 325 2152 230
349 2112 397 2143 vel
412 2123 464 2142 me
477 2112 537 2152 (ita
551 2110 657 2150 codd.)
725 2109 788 2139 siet
802 2108 834 2138 Ρ
920 2118 979 2147 231
1000 2107 1163 2146 uoluptati
1177 2106 1219 2136 sit
1232 2105 1264 2135 P
1350 2114 1410 2143 233
1435 2104 1497 2144 sic]
1517 2104 1545 2134 si
1558 2103 1592 2133 Ρ

261 2157 310 2187 vel
325 2157 427 2195 opino
518 2165 579 2193 234
605 2158 641 2183 ut
654 2164 717 2184 om.
732 2152 765 2182 P
861 2154 925 2191 236
949 2161 986 2182 se
1000 2162 1064 2181 ont.
1080 2150 1113 2180 Ρ
1199 2150 1273 2188 238,
1292 2149 1370 2187 238³
1382 2148 1534 2187 com'zmg.
1551 2147 1583 2176 A

263 2210 322 2231 eos
338 2200 429 2239 cupit
446 2209 505 2229 eos
522 2202 735 2229 consectatur
751 2196 783 2226 Ρ
800 2196 911 2236 (anal).
930 2195 1011 2226 dim.
1031 2193 1138 2230 catal.)
1252 2202 1316 2232 239
1338 2191 1546 2230 despoliator
1558 2190 1589 2220 Ρ

263 2255 334 2283 240,
353 2254 414 2282 241
441 2242 490 2273 vel
511 2242 555 2272 sic
576 2241 739 2281 distingue
759 2245 944 2278 corruptor,
964 2238 1104 2268 blandus
1129 2238 1237 2276 inops,
1326 2236 1381 2266 vix
1403 2235 1512 2274 inopis
1535 2233 1588 2273 (ut

262 2287 492 2326 bacclziifiant)
628 2295 690 2323 242
715 2293 791 2314 nam
808 2293 905 2322 quam
923 2283 965 2313 ad
980 2282 1069 2321 quod
1087 2282 1199 2312 damat
1215 2280 1247 2311 Ρ
1346 2289 1446 2319 quom
1466 2278 1586 2308 Bothe:

260 2341 359 2370 quam
370 2329 458 2361 codd.
531 2328 697 2367 sagittatis
711 2338 776 2358 om.
788 2326 820 2356 A
906 2330 1102 2365 percussust
1114 2325 1146 2355 P
1253 2332 1360 2362 243-4
1378 2323 1470 2353 sime
1483 2322 1588 2352 audes

261 2376 288 2405 si
311 2384 404 2413 amas
416 2373 448 2403 A
519 2383 562 2402 an
580 2374 608 2402 si
625 2372 742 2402 auides
756 2372 766 2402 3
785 2371 838 2410 (ut
853 2369 1062 2409 creticifiant)
1154 2369 1261 2407 245-6
1277 2367 1341 2397 Abi
1358 2366 1390 2395 A
1460 2365 1587 2395 occelle

261 2419 293 2448 P
309 2421 331 2454 (ἓ
345 2423 408 2458 pro
424 2427 443 2447 o
460 2416 582 2452 ocelle)
716 2415 823 2452 2472ss
843 2414 932 2444 illam
944 2413 977 2443 A
1110 2416 1161 2442 sat
1176 2411 1210 2442 P
1359 2420 1422 2448 249
1445 2409 1587 2448 amplius

263 2462 361 2492 etiam
376 2461 408 2491 Ρ
537 2468 641 2498 250-1
668 2459 756 2498 quod
774 2457 878 2488 ebibit
895 2455 1132 2496 vixferendmn
1222 2453 1366 2493 sumptui
1383 2453 1415 2481 Α

956 2517 979 2528 l
