1731 2713
643 93 1053 131 'FRVCVLENTVS
1462 96 1512 131 11.
1539 95 1596 130 vii

187 203 509 252 quandoquidem
532 203 636 252 ipsus
659 202 853 251 perditum
877 217 916 240 se
946 202 982 249 it,
1007 211 1158 241 secreto
1180 204 1308 241 hercle
1329 202 1512 253 equidem
1538 219 1574 240 10

1217 282 1305 306 eum
1327 268 1515 306 adiutabo

102 338 169 382 560
188 348 315 383 neque
337 347 422 371 mea
444 334 602 383 quidem
626 347 743 383 opera
765 345 951 382 umquam
975 333 1055 371 hilo
1077 333 1196 371 minu'
1214 346 1375 383 propere
1396 346 1515 383 quam

1169 406 1260 447 pote
1270 396 1340 451 [st]
1362 398 1512 448 peribit.

187 478 275 501 nam
300 464 373 502 iam
396 465 445 502 de
467 465 541 502 hoe
563 464 731 514 opsonio
752 465 801 502 de
825 464 929 501 mina
950 463 1126 502 deminui
1149 477 1225 501 una
1248 465 1368 502 modo

186 529 360 579 quinque
382 543 564 567 nummos
585 545 591 567 :
623 528 716 566 mihi
739 529 884 567 detraxi
908 529 1418 579 partem-—Herculaneam

186 608 277 633 nam
310 596 385 632 hoc
419 594 598 632 adsimile
630 602 688 632 est
722 592 833 643 quasi
863 595 913 632 de
944 593 1065 631 fluuio
1095 594 1162 643 qui
1191 606 1334 643 aquam
1365 594 1515 632 deriuat

1417 656 1489 693 sibi
1508 672 1514 694 :

186 722 259 760 nisi
280 721 488 768 deriuetur,
509 730 640 759 tamen
662 734 706 760 ea
726 735 828 771 aqua
848 721 977 760 omnis
996 721 1111 759 abeat
1134 720 1171 758 in
1194 734 1299 759 mare
1316 736 1324 768 v:
1538 736 1574 768 ¹5

100 791 164 836 565
185 789 368 826 namhoc
386 787 423 825 in
442 801 546 826 mare
562 787 642 825 abit
665 786 882 837 misereque
904 786 1001 836 perit
1022 786 1105 825 sine
1127 787 1233 825 bona
1253 786 1359 825 omni
1381 787 1514 836 gratia.

614 853 710 890 haec
731 865 851 901 quom
873 851 992 890 uideo

79 922 166 967 566ῧι
453 917 544 963 fieri,
568 918 742 963 suffuror,
767 916 931 967 suppilo,

505 983 555 1021 de
575 983 719 1032 praeda
740 983 924 1032 praedam
946 982 1069 1032 capio.

452 1047 693 1087 meretricem
716 1061 788 1097 ego
810 1047 901 1086 item
924 1061 1008 1086 esse
1029 1061 1125 1095 reor,
1150 1061 1255 1087 mare
1276 1056 1317 1087 ut
1338 1057 1395 1087 est
1415 1064 1421 1087 :
1534 1063 1575 1085 20

344 1115 452 1164 quod
473 1115 542 1153 des
563 1115 726 1152 deuorat
746 1111 836 1164 <nee
857 1111 973 1164 dat>is
995 1127 1184 1163 umquam
1205 1114 1393 1153 abundat.

99 1194 166 1230 570
345 1180 421 1217 hoe
443 1180 578 1217 saltem
599 1193 604 1215 :
635 1185 763 1216 seruat
784 1190 856 1216 nee
878 1177 974 1215 nulli
996 1178 1061 1216 ubi
1084 1178 1132 1216 sit
1152 1187 1313 1228 apparet
1333 1195 1339 1217 :

183 1245 253 1284 des
278 1243 542 1295 quantumuis,
567 1256 761 1293 nusquam
791 1250 952 1293 apparet
982 1256 1112 1293 neque
1142 1243 1266 1282 datori
1298 1257 1427 1294 neque
1457 1258 1515 1283 ae<

1343 1309 1512 1360 ceptrici.

56 1388 163 1424 572-3
239 1375 345 1412 uelut
374 1375 470 1412 haec
500 1372 678 1412 meretrix
703 1386 836 1411 meum
869 1386 977 1412 erum
1010 1373 1197 1412 miserum
1225 1387 1295 1412 sua
1325 1374 1518 1413 blanditia

1049 1438 1179 1477 intulit
1201 1438 1239 1477 in
1261 1439 1484 1490 pauperiem
1508 1455 1514 1478 :

345 1504 514 1555 priuabit
534 1504 661 1552 bonis,
683 1505 780 1551 luce,
804 1505 954 1543 honore
974 1512 1092 1555 atque
1112 1504 1260 1543 amicis.
1535 1520 1571 1552 25

99 1580 164 1618 575
183 1577 279 1608 attat
297 1573 302 1607 !
333 1583 466 1608 eccam
482 1571 594 1608 adest
609 1569 840 1620 propinque.
882 1571 1002 1609 credo
1021 1569 1178 1609 audisse
1198 1571 1296 1609 haee
1313 1584 1376 1610 me
1392 1570 1510 1622 loqui.

184 1635 328 1686 pallida
348 1643 416 1683 est,
440 1643 481 1674 ut
500 1636 650 1686 peperit
671 1649 846 1686 puerum.
906 1636 1097 1686 adloquar
1117 1636 1227 1686 quasi
1249 1637 1432 1675 nesciam.

183 1700 301 1740 iubeo
322 1714 393 1740 uos
414 1702 573 1740 saluere.
621 1703 693 1739 PH.
719 1700 756 1740 et
773 1714 844 1739 nos
862 1709 910 1748 te,
928 1702 1039 1749 Geta,
1065 1701 1159 1751 quid
1177 1701 1287 1751 agis?
1317 1709 1358 1740 ut
1378 1704 1515 1741 uales?

227 1815 290 1845 559
313 1815 350 1836 Se
368 1805 391 1836 it
411 1805 640 1836 Camerarius:
667 1805 710 1836 sit
726 1805 791 1838 cod.
811 1806 845 1838 (i.
864 1816 894 1845 3,
915 1816 945 1846 p.
964 1806 1040 1845 108)
1133 1816 1210 1836 eum
1229 1805 1315 1838 Leo:
1339 1805 1429 1836 illum
1446 1805 1512 1837 cod.

182 1850 248 1888 560
272 1849 339 1880 hilo
360 1849 470 1880 minus
494 1848 703 1880 Lambinus:
728 1849 824 1880 nihili
849 1850 1007 1881 omnibus
1032 1849 1123 1882 cod.:
1156 1850 1252 1880 nihili
1279 1849 1380 1880 homo
1407 1850 1515 1880 minus

182 1891 309 1924 Sclroell
437 1895 497 1932 561
525 1904 590 1925 una
602 1893 750 1924 deminui
767 1893 832 1925 cod.
848 1904 856 1924 ε
881 1894 950 1925 lrat‘.
970 1894 1034 1924 Leo
1181 1895 1244 1933 562
1259 1893 1342 1933 sort.
1358 1892 1516 1935 (hercle)

185 1936 325 1968 Hercul.
457 1939 519 1976 564
549 1948 589 1968 ea
610 1948 694 1976 aqua
723 1937 955 1969 Camerarius:
989 1948 1029 1969 ea
1057 1948 1122 1977 qua
1148 1938 1213 1969 cod.
1304 1936 1414 1968 omnis
1440 1942 1518 1978 post

184 1985 295 2012 tamen
311 1979 377 2012 cod.
393 1992 399 2013 :
426 1982 497 2012 lrat'.
518 1981 558 2022 (ξ)
577 1980 643 2011 Leo
731 1981 812 2012 mari
841 1981 907 2013 cod.
1049 1984 1112 2021 565
1137 1982 1216 2013 abiit
1232 1981 1297 2012 cod.
1402 1980 1514 2012 omnia

184 2025 325 2063 gratiam
341 2024 406 2057 cod.
539 2025 620 2064 566’ι
643 2025 716 2055 fieri
734 2025 881 2056 suffuror
897 2025 1030 2066 suppilo
1043 2025 1130 2058 codd.
1145 2025 1250 2056 Nonii
1272 2036 1310 2057 12
1328 2028 1367 2062 (s.
1387 2034 1416 2055 v.
1436 2024 1511 2055 sub—

183 2067 302 2107 pilare)
321 2080 328 2099 :
364 2067 425 2109 [si]
451 2068 524 2099 fieri
546 2068 699 2100 susfuror
718 2069 882 2109 supplicio
901 2070 974 2110 (pro
991 2069 1141 2111 supplic)
1159 2069 1224 2101 cod.
1248 2069 1301 2110 (iv.
1322 2069 1358 2110 3)
1447 2070 1510 2108 567

183 2113 309 2151 praeda
323 2111 408 2144 codd.
424 2111 527 2142 Nonii
541 2125 548 2144 ε
571 2123 635 2144 om.
653 2112 717 2143 cod.
839 2113 902 2152 568
919 2123 995 2144 esse
1012 2124 1077 2145 om.
1097 2113 1130 2143 Β
1260 2114 1325 2153 569
1342 2112 1511 2143 deuoratis

182 2155 248 2186 cod.
269 2155 329 2195 iiii.
352 2156 402 2195 11]
420 2167 426 2186 :
451 2166 529 2188 corr.
549 2156 723 2186 Buecheler
823 2167 888 2196 570
905 2167 1015 2188 versus
1031 2156 1184 2188 nondum
1197 2161 1340 2188 sanatus
1395 2154 1511 2198 (rem)

181 2208 230 2230 se.
250 2199 314 2230 Leo
403 2209 465 2230 nec
483 2200 539 2230 ulli
555 2199 651 2240 (nulli
668 2198 796 2240 scripsi)
815 2200 871 2230 ubi
887 2201 930 2231 sit
946 2199 1012 2231 Leo
1028 2212 1034 2231 :
1060 2211 1188 2232 mecum
1210 2201 1257 2232 illi
1275 2201 1336 2232 sub
1353 2205 1427 2232 este
1443 2198 1507 2230 cod.

183 2251 242 2281 571
262 2243 318 2274 vix
330 2248 430 2283 anas).
446 2254 555 2274 versus
566 2254 642 2274 cum
657 2243 765 2274 datori
845 2244 1032 2284 acceptrice
1044 2244 1109 2276 (od.
1126 2244 1201 2285 (pro
1213 2244 1276 2276 -cei
1287 2245 1312 2286 2)
1403 2253 1510 2284 572—3

183 2286 266 2318 haec
290 2296 356 2317 om.
373 2286 447 2317 ΡΠ)
580 2286 634 2318 vix
656 2287 714 2318 int.
735 2297 834 2327 paup.
857 2287 970 2327 (anap.
989 2288 1136 2328 tetram.)
1316 2298 1379 2328 574
1403 2288 1510 2319 bones

185 2330 309 2368 (bonas
331 2329 418 2369 PCD‘)
443 2329 507 2360 cod.
528 2330 600 2370 <pro
616 2330 718 2371 ·eis3)
852 2340 913 2369 577
938 2335 972 2361 et
996 2341 1060 2362 nos
1081 2335 1114 2362 te
1130 2330 1287 2372 Seyfflrl:
1312 2336 1429 2363 noster
1444 2331 1509 2364 cod.

184 2372 286 2415 Geta]
305 2373 434 2414 Cyame
450 2372 588 2414 Seyffert
