1731 2713
649 115 940 155 POENVLVS
1436 113 1463 149 1.
1487 112 1515 148 ii

147 234 221 285 Ao.
254 232 342 279 eho,
365 243 414 269 an
436 230 530 268 irata
551 229 636 267 est?
693 229 796 264 ΑΒΕ.
831 225 999 276 propitia
1021 226 1149 263 hercle
1170 234 1237 263 cst.
1299 226 1371 261 Aa».
1408 225 1469 262 ucl

1013 303 1086 339 ego
1106 302 1176 339 pro
1196 288 1260 327 illa
1281 290 1467 339 spondeo

61 378 126 415 335
149 361 244 413 quid
265 370 306 400 tu
327 360 412 399 ais?
459 362 562 397 ΑΒΕ.
587 358 682 409 quid
704 357 799 396 mihi
822 356 1031 400 molestu’s,
1056 354 1249 404 opsecro?
1287 355 1362 392 AG.
1385 354 1468 400 aba,

1185 427 1262 456 tam
1285 417 1448 457 saeuiter
1466 421 1472 454 l

148 495 251 531 ΑΒΕ.
279 491 399 538 mitte,
422 490 575 528 amabo.
636 491 710 527 AG.
735 487 830 538 quid
852 485 1040 525 festinas?
1069 484 1182 522 turba
1202 496 1307 522 nunc
1329 482 1381 520 illi
1404 491 1472 521 est.

1245 550 1347 586 ΑΒΕ.
1380 547 1471 586 scio.

150 630 240 662 sunt
260 621 312 660 illi
333 621 430 660 aliae
452 633 548 671 quas
569 627 745 669 spectare
767 630 838 668 ego
860 626 897 655 et
920 629 982 654 me
1003 614 1168 665 spectari
1190 614 1291 653 uolo.
1496 629 1558 660 130

149 690 225 726 AG.
256 687 322 738 qui
343 686 451 724 lubet
472 692 646 735 spectare
667 681 799 733 turpis,
823 682 1025 731 pulchram
1048 679 1303 730 spectandam
1324 679 1448 717 darc?

150 755 254 791 ΑΒΕ.
286 751 377 802 quia
402 751 509 801 apud
535 749 676 788 aedem
700 746 865 786 Veneris
897 745 1017 784 hodie
1047 751 1105 783 est
1137 751 1329 782 mercatus
1357 756 1475 782 mere-

1321 807 1450 846 tricius
1468 822 1475 846 :

63 896 132 932 340
151 896 198 922 eo
218 881 461 922 conueniunt
481 888 727 925 mercatores,
751 877 803 915 ibi
826 889 897 926 ego
920 889 982 913 me
1003 874 1158 913 ostendi
1180 875 1281 912 uolo.

151 951 227 986 AG.
258 945 491 986 inuendibili
513 944 632 983 merci
654 950 807 994 oportet
828 943 930 980 ultro
951 948 1169 990 emptorem
1191 940 1409 978 adducere:

153 1012 276 1064 proba
307 1024 408 1050 mers
436 1010 548 1049 facile
581 1016 799 1060 emptorem
832 1005 984 1057 reperit⁷
1015 1013 1093 1043 tam
1127 1003 1196 1043 etsi
1231 1003 1268 1041 in
1300 1011 1561 1053 apstru50135

1359 1068 1477 1106 sitast.

155 1143 250 1194 quid
270 1143 326 1182 ais
346 1150 387 1181 tu
404 1143 420 1180 ?
449 1142 610 1191 quando
632 1140 686 1178 illi
706 1139 812 1190 apud
834 1151 897 1176 me
919 1149 1075 1175 mecum
1092 1136 1226 1185 palpas
1248 1142 1283 1172 et
1306 1135 1428 1171 lalas?

157 1211 260 1247 ΑΒΕ.
291 1220 371 1258 quo
391 1206 455 1245 die
476 1207 603 1246 Orcus
624 1205 876 1244 Aecherunte
898 1209 1073 1240 mortuos
1093 1199 1274 1239 amiserit.

70 1286 134 1322 345
157 1276 230 1312 AG.
262 1279 352 1311 sunt
373 1271 467 1309 mihi
489 1271 592 1309 intus
613 1268 847 1319 nescioquot
868 1266 1019 1306 nummi
1040 1264 1146 1304 aurei
1166 1264 1403 1315 lymphatici.

156 1340 260 1376 ΑΒΕ.
293 1338 443 1376 deserto
463 1337 514 1374 ad
536 1349 609 1382 me,
633 1336 720 1374 faxo
750 1341 928 1372 actutum
949 1329 1165 1369 constiterit
1185 1330 1477 1380 lymphaticum.

158 1404 231 1441 M1.
263 1402 407 1441 bellula
427 1401 579 1440 hercle!
612 1399 622 1437 i
643 1399 815 1438 dierecte
836 1397 875 1435 in
897 1407 1120 1434 maxumam
1142 1396 1284 1433 malam
1302 1407 1457 1433 crucem
1475 1398 1481 1432 1
1506 1410 1566 1442 140

157 1483 275 1521 quam
296 1468 418 1519 magis
438 1475 611 1518 aspecto,
630 1476 709 1506 tam
727 1466 850 1517 magis
867 1472 925 1504 est
941 1464 1115 1503 nimbata
1137 1470 1173 1501 et
1194 1474 1320 1512 nugae
1342 1473 1480 1498 merae.

158 1538 261 1574 ΑΒΕ.
297 1547 454 1585 segrega
487 1546 720 1572 sermonem.
783 1532 923 1570 taedet.
985 1532 1058 1567 Ao.
1091 1542 1173 1578 age,
1211 1527 1371 1565 sustolle
1408 1527 1483 1563 hoc

1258 1590 1481 1630 amiculum.

73 1677 142 1713 350
161 1669 263 1706 ΑΒΕ.
284 1680 378 1716 pura
392 1679 489 1711 sum,
506 1677 713 1715 comperce
727 1663 870 1701 amabo
889 1675 951 1699 me
967 1667 1181 1701 attrectare,
1199 1657 1483 1707 Agorastocles.

161 1733 237 1771 AG.
267 1731 363 1781 quid
392 1744 505 1780 agam
537 1731 671 1768 nunc?
730 1730 835 1766 ΑΒΕ.
866 1726 896 1765 si
926 1724 1064 1775 sapias,
1083 1736 1215 1762 curam
1238 1723 1340 1760 hanc
1360 1722 1486 1759 facere

1112 1786 1324 1838 compendi
1345 1794 1484 1837 potest.

162 1864 235 1901 Ac.
258 1861 353 1913 quid
375 1875 447 1912 ego
469 1874 574 1899 nunc
596 1868 632 1898 te
654 1860 816 1898 curem?
846 1857 942 1908 quid
963 1856 1028 1902 ais,
1051 1853 1250 1903 Milphio?
1299 1852 1370 1890 M1.
1394 1864 1486 1890 ecce
1510 1865 1568 1896 145

1173 1917 1308 1957 odium
1331 1929 1461 1955 meum
1480 1918 1486 1952 1

163 1992 258 2043 quid
280 2006 342 2031 me
363 1992 451 2030 uis?
518 1993 592 2028 Aa.
626 2002 698 2039 qur
720 1988 771 2026 mi
794 1989 891 2026 haec
913 1986 1007 2025 irata
1029 1986 1116 2024 est?
1189 1985 1261 2021 Mi.
1299 1994 1371 2032 qur
1391 1981 1487 2020 haec

1197 2048 1290 2086 irata
1312 2053 1369 2085 est
1390 2044 1488 2084 tibi?

165 2138 236 2174 qur
256 2137 328 2173 ego
350 2122 388 2161 id
409 2123 572 2161 curem?
601 2132 772 2169 namque
793 2118 912 2156 istaec
936 2115 1049 2166 magi'
1072 2120 1194 2153 meast
1215 2111 1362 2151 curatio
1379 2112 1395 2148 ?

210 2239 273 2268 334
295 2228 383 2258 ΑΒΕ.
401 2229 583 2267 suspectum
598 2225 652 2266 (cf.
667 2223 787 2254 Gellius
800 2233 812 2253 1
823 2233 849 2260 1,
860 2223 897 2261 6)
974 2231 1039 2260 340
1061 2230 1124 2260 ego
1135 2229 1200 2249 om.
1217 2217 1249 2247 A
1334 2225 1396 2255 342
1422 2220 1486 2246 tam

167 2272 246 2314 etsi]
265 2277 369 2303 tarem
387 2275 437 2301 est
454 2275 487 2301 et
500 2270 527 2300 si
545 2268 578 2299 P
593 2271 668 2309 (pro
682 2267 859 2298 tamenetsi
873 2265 899 2305 Ζ)
981 2265 1013 2294 in
1030 2263 1161 2294 occulto
1178 2261 1275 2292 sitast
1287 2259 1319 2289 A
1424 2268 1488 2297 343

168 2326 251 2348 mec.
265 2319 365 2355 caput
381 2319 414 2345 et
425 2322 547 2353 corpus
561 2311 699 2352 copulas
710 2310 744 2340 P
799 2309 893 2340 lallas
908 2307 940 2338 A
1031 2317 1093 2346 344
1119 2306 1160 2336 ab
1177 2315 1206 2336 a.
1219 2303 1251 2334 Ρ
1296 2302 1449 2334 amiseris
1460 2301 1493 2332 P

168 2368 231 2399 345
254 2359 345 2390 intus
360 2368 425 2389 om.
442 2356 473 2386 A
565 2354 671 2386 laurei
700 2353 733 2384 A
823 2361 884 2392 347
902 2351 933 2382 ei
949 2350 982 2380 A
1002 2350 1154 2390 (antiqua
1165 2347 1297 2387 jimna)
1316 2357 1322 2376 :
1349 2344 1488 2387 <Ao.>i

169 2402 244 2434 Ital.
363 2410 423 2441 351
451 2405 548 2440 potes
572 2398 646 2429 Ital.
665 2397 771 2437 :sort.
789 2401 868 2436 pote
993 2403 1055 2433 352
1080 2402 1147 2423 non
1163 2390 1336 2421 Acidalius
1422 2388 1488 2428 ais]

169 2456 248 2484 agas
264 2444 296 2476 P
395 2453 458 2483 354
482 2443 531 2475 vel
545 2452 620 2473 nam
637 2439 723 2481 quae
738 2451 744 2470 :
769 2449 844 2471 nam
861 2439 918 2478 qui
935 2437 1060 2468 Ritsclal
1146 2435 1195 2466 vel
1210 2443 1306 2473 mage
