1783 2707
144 156 197 192 II.
220 155 262 191 iii
632 153 679 190 T.
714 152 893 190 MAFCI
925 151 1128 189 PLAVTI

219 266 294 302 TR.
329 263 428 302 inest
450 265 560 314 lepos
581 262 621 300 in
642 261 781 300 nuntio
802 268 871 299 tuo
892 260 1068 310 magnus
1092 273 1179 298 mea
1200 258 1436 309 Ampelisca.

218 330 287 368 sed
309 329 408 367 istuc
430 328 618 378 periclum
640 327 819 377 perlubet
841 327 949 376 quod
970 325 1083 363 fuerit
1105 325 1218 363 uobis
1240 325 1346 363 scire.

217 397 299 433 AM.
332 395 530 432 confracta
551 400 619 439 est,
643 391 696 429 mi
717 391 936 437 Trachalio,
960 392 1033 428 hac
1055 398 1171 428 nocte
1192 390 1302 428 nauis
1322 388 1448 427 nobis.

160 475 197 508 25
218 462 293 498 TR.
327 459 434 510 quid,
459 458 600 497 nauis?
638 457 738 508 quae
761 457 879 495 istaec
901 457 1098 495 fabulast?
1138 457 1219 493 AM.
1247 467 1327 493 non
1348 452 1545 500 audiuisfi,
1568 462 1633 500 355

1391 518 1544 564 amabo,

218 604 297 640 quo
320 597 436 641 pacto
458 591 549 628 leno
570 589 792 627 clanculum
815 600 887 625 nos
909 586 1000 624 hinc
1021 587 1170 624 auferre
1191 584 1316 624 uoluit

217 656 257 694 in
278 655 451 695 Siciliam
473 662 510 694 et
532 653 727 704 quidquid
749 652 858 692 domi
879 651 951 690 fuit
973 653 1011 689 1‘n
1033 665 1176 689 nauem
1198 649 1428 701 imposiuit?

217 735 263 760 ca
284 734 389 759 nunc
410 720 607 770 perierunt
629 718 772 757 omnia.
833 719 867 755 T
873 730 908 755 R.
942 718 1006 764 oh,
1030 718 1219 766 Neptune
1239 715 1381 766 lepide,
1405 716 1534 753 salue!

218 800 290 825 nec
312 793 350 825 te
370 787 516 824 aleator
537 786 666 823 nullus
688 791 745 822 est
767 782 978 833 sapientior
994 797 1003 830 3
1031 784 1208 832 profecto

159 871 199 902 30
220 851 327 890 nimi'
348 851 479 901 lepide
501 849 623 889 iecisti
646 850 783 887 bolum
802 864 807 887 :
839 847 1038 898 periurum
1059 846 1274 897 perdidisti.
1472 838 1475 841 ¹
1568 851 1637 895 360

220 919 290 957 sed
307 931 412 956 nunc
435 917 501 955 ubi
518 924 576 954 est
598 918 688 954 leno
710 916 893 953 Labrax?
932 917 1014 952 AM.
1048 913 1160 964 periit
1181 914 1369 963 potando,
1385 912 1548 962 opinor:

221 985 431 1033 Neptunus
454 981 604 1032 magnis
625 980 776 1031 poculis
798 982 872 1018 hac
895 987 1012 1017 nocte
1033 993 1123 1017 eum
1145 978 1336 1017 inuitauit.

220 1051 296 1087 TR.
337 1048 456 1087 credo
490 1048 620 1086 hercle
650 1059 852 1085 anancaeo
881 1046 1018 1083 datum
1049 1045 1157 1094 quod
1187 1043 1349 1082 biberet.
1408 1051 1450 1081 ut
1479 1055 1552 1092 ego

1390 1122 1481 1147 amo
1501 1116 1550 1155 te,

221 1195 309 1220 mea
330 1180 570 1231 Ampelisca,
590 1186 632 1217 ut
653 1178 779 1217 dulcis
801 1191 853 1225 es,
876 1185 919 1216 ut
941 1178 1067 1215 mulsa
1089 1176 1194 1214 dicta
1215 1175 1312 1214 dicis
1331 1178 1337 1213 1

161 1264 199 1296 35
221 1248 291 1285 sed
312 1254 353 1284 tu
375 1254 412 1284 et
435 1247 631 1283 Palaestra
652 1244 856 1294 quomodo
877 1244 1009 1281 saluae
1029 1241 1151 1280 estis?
1199 1242 1280 1278 AM.
1313 1239 1430 1278 scibis
1451 1240 1549 1277 faxo.
1573 1244 1638 1289 365

220 1311 306 1365 <de)
326 1310 418 1350 naui
440 1310 602 1349 timidae
628 1309 769 1348 ambae
796 1308 836 1346 in
865 1309 1052 1358 scapham
1080 1306 1313 1353 insiluimus,
1337 1305 1429 1355 quia
1448 1304 1556 1343 uide-

1469 1382 1555 1408 mus

221 1445 272 1483 ad
294 1456 385 1482 saxa
406 1455 549 1480 nauem
570 1439 701 1480 ferrier
716 1454 726 1487 3
755 1452 967 1490 properans
989 1437 1137 1476 exsolui
1158 1436 1305 1484 restim,

223 1512 319 1549 dum
341 1508 394 1547 illi
416 1508 555 1547 tinient
570 1522 579 1555 3
609 1519 681 1545 nos
702 1519 793 1544 cum
815 1506 961 1555 scapha
982 1511 1194 1554 tempestas
1215 1503 1514 1541 dextrouorsum

224 1577 353 1616 differt
373 1576 423 1614 ab
445 1575 529 1613 illis.
592 1573 725 1623 itaque
746 1585 818 1611 nos
840 1571 1047 1621 uentisque
1069 1569 1332 1619 fluctibusque

163 1658 206 1691 40
226 1642 390 1681 iactatae
412 1639 600 1690 exemplis
621 1637 812 1689 plurumis
834 1636 997 1675 miserae
1017 1642 1247 1686 perpetuam
1269 1640 1427 1672 noctem
1444 1647 1452 1681 3
1577 1648 1646 1685 370

226 1707 291 1746 uix
311 1706 431 1746 hodie
451 1707 502 1744 ad
523 1705 614 1743 litus
635 1703 793 1755 pertulit
814 1716 887 1741 nos
907 1709 1050 1741 uentus
1072 1700 1320 1739 exanimatas.

224 1775 300 1811 TR.
333 1772 438 1819 noui,
463 1773 675 1822 Neptunus
696 1769 749 1808 ita
770 1770 879 1816 solet,
903 1767 1084 1818 quamuis
1105 1765 1330 1805 fastidiosus

224 1838 362 1878 aedilis
383 1845 464 1876 est:
495 1837 526 1875 si
547 1849 649 1887 quae
670 1835 860 1885 inprobae
881 1841 971 1872 sunt
993 1846 1152 1879 merces,
1176 1832 1292 1870 iactat
1313 1830 1452 1870 omnis.

226 1905 310 1942 AM.
351 1916 423 1942 uae
458 1901 576 1952 capiti
610 1909 728 1951 atque
758 1899 876 1939 aetati
910 1906 1000 1938 tuae
1018 1901 1023 1936 !
1064 1900 1099 1936 T
1105 1910 1141 1935 R.
1179 1905 1259 1944 tuo,
1293 1909 1379 1934 mea
1413 1897 1558 1945 Ampe·
1579 1907 1688 1945 374-5

1395 1961 1557 2008 lisca,—

163 2049 205 2083 45
227 2033 324 2073 sciui
345 2035 530 2072 lenonem
551 2033 678 2071 facere
698 2029 806 2083 (ego)
826 2031 902 2069 hoc
923 2030 1032 2080 quod
1053 2028 1143 2068 fecit
1160 2043 1168 2076 3
1199 2041 1315 2078 saepe
1336 2026 1413 2066 dixi
1430 2041 1439 2074 3

227 2100 412 2150 capillum
434 2098 659 2149 promittam
681 2103 926 2147 optumumst
947 2095 1222 2145 occipiamque
1242 2092 1432 2132 hariolari.

227 2167 309 2204 AM.
343 2164 501 2203 cauistis
522 2177 613 2213 ergo
634 2164 675 2200 tu
695 2170 814 2212 atque
835 2174 922 2200 erus
943 2174 993 2199 ne
1013 2159 1146 2206 abiret,
1171 2173 1292 2209 quom
1315 2157 1504 2196 scibatis?

272 2278 336 2308 359
361 2278 402 2299 ne
421 2272 454 2298 te
473 2266 647 2298 Fleckeisen
773 2265 834 2304 361
851 2265 932 2304 fort.
953 2263 1008 2295 ubi
1025 2274 1114 2294 nunc
1204 2263 1253 2294 vel
1266 2262 1369 2302 opino
1494 2261 1558 2299 362

231 2314 431 2352 Neptuneus
448 2311 479 2341 Β
622 2310 687 2348 365
713 2309 807 2339 Scitu
836 2314 900 2348 t-ta
923 2308 970 2341 Bi,
994 2307 1052 2338 cod
1078 2308 1170 2346 (corr.
1203 2306 1261 2347 (ΓΖ)
1427 2305 1490 2343 366
1515 2304 1558 2334 de

230 2356 308 2387 naui
332 2355 505 2385 Fleckeisen
524 2365 530 2385 z
568 2353 666 2383 nauis
688 2352 752 2383 cod.
924 2361 984 2390 371
1012 2361 1073 2381 nos
1089 2360 1156 2381 om.
1175 2349 1207 2379 Β
1353 2349 1417 2387 376
1441 2347 1558 2378 faxere

231 2399 473 2432 Sonnenscltein
563 2407 628 2436 ego
645 2395 719 2428 add.
738 2394 879 2437 Pylades
895 2406 901 2425 z
922 2406 980 2428 ero
995 2395 1127 2428 Sclzoell

964 2524 986 2535 l
