1783 2707
172 130 220 167 V.
242 129 271 166 ii
660 129 706 166 T.
740 127 921 168 MACCI
953 127 1158 165 PLAVTI

244 240 398 290 signum
420 253 504 278 esse
525 246 680 290 oportet
701 239 740 276 in
762 252 880 276 manu
903 240 1015 277 laeua
1035 237 1116 285 tibi,

244 304 395 344 ludenti
416 318 538 355 puero
559 305 667 354 quod
689 302 899 342 memordit
922 302 1043 341 simia.

166 381 223 413 115
244 372 432 410 ostende:
463 369 680 420 inspiciam.
741 367 887 418 †aperi.
950 367 1042 406 audi
1064 374 1182 417 atque
1202 368 1336 407 ades†.
1595 374 1682 412 1075

248 438 317 474 Ao.
351 435 403 473 mi
425 442 570 485 patrue,
595 436 711 473 salue.
773 435 854 472 HA.
889 433 926 472 e't
948 440 989 471 tu
1011 435 1129 480 salue,
1152 433 1438 482 Agorastocles.

243 506 383 540 iterum
406 500 500 538 mihi
521 507 660 549 gnatus
682 499 820 538 uideor
843 512 964 549 quom
987 505 1024 537 te
1046 497 1207 548 repperi.

245 568 317 604 M1.
351 567 416 615 pol
438 565 550 603 istam
573 579 653 603 rem
675 565 789 604 uobis
813 566 914 605 bene
936 565 1116 604 euenisse
1136 566 1301 615 gaudeo.

243 633 313 670 sed
334 639 371 669 te
394 630 543 669 moneri
565 644 659 668 num
681 631 822 669 neuis?
880 633 960 669 HA.
993 645 1086 670 sane
1107 632 1211 669 uolo.

164 709 222 730 120
245 698 316 734 M1.
349 704 510 746 paterna
531 704 684 746 oportet
706 696 786 735 filio
807 696 917 735 reddi
934 697 1050 735 bona.
1596 697 1685 732 1080

242 769 450 811 aequomst
471 762 616 799 habere
637 763 743 799 hunc
766 762 870 800 bona
891 775 991 811 quae
1013 760 1188 811 possedit
1209 768 1327 811 pater.

244 829 324 865 HA.
357 828 434 864 hau
455 828 613 877 postulo
633 826 743 865 aliter
760 842 765 864 :
797 827 1048 865 restituentur
1068 826 1226 873 omnia3

243 905 354 930 suam
375 891 448 929 sibi
470 906 549 930 rem
572 893 721 930 saluam
743 891 888 940 sistam,
912 891 942 930 si
963 892 1030 930 illo
1050 891 1264 930 aduenerit.

245 959 318 995 M1.
350 956 468 995 facito
489 956 539 995 sis
561 958 711 1003 reddas,
745 957 816 995 etsi
837 956 900 995 hic
921 956 1125 1005 habitabit,
1148 965 1292 995 tamen.

162 1035 219 1065 125
246 1025 326 1060 HA.
359 1022 454 1072 quin
476 1036 563 1060 mea
583 1035 742 1072 quoque
763 1022 835 1060 iste
855 1022 1029 1070 habebit,
1052 1022 1083 1060 si
1104 1022 1199 1072 quid
1221 1035 1284 1060 me
1305 1022 1396 1059 fuat.
1595 1022 1680 1065 1085

245 1090 317 1126 ΜΙ.
351 1088 534 1126 festiuom
555 1087 706 1126 facinus
727 1087 835 1126 uenit
858 1087 952 1126 mihi
973 1088 1013 1126 in
1034 1095 1207 1126 mentem
1230 1088 1361 1125 modo.

245 1155 325 1191 HA.
358 1153 454 1204 quid
485 1153 525 1192 id
560 1154 647 1192 est?
704 1154 776 1191 M1.
810 1153 877 1192 tua
910 1160 1027 1204 opust
1062 1166 1190 1204 opera.
1252 1154 1332 1190 HA.
1366 1151 1429 1190 dic
1464 1150 1573 1199 mihi,

1318 1217 1414 1268 quid
1434 1217 1573 1256 lubet?

243 1284 420 1334 profecto
441 1283 569 1331 uteris,
593 1291 634 1322 ut
655 1285 776 1332 uoles,
799 1298 959 1335 operam
981 1297 1121 1323 meam.

243 1349 339 1399 quid
360 1357 418 1388 est
438 1349 600 1399 negoti?
658 1352 729 1388 M1.
763 1350 873 1400 potin
895 1357 936 1388 tu
958 1349 1039 1388 fieri
1061 1350 1281 1388 subdolus?

161 1426 223 1456 130
245 1416 324 1453 HA.
358 1414 518 1453 inimico
538 1428 711 1465 possum,
733 1415 900 1454 amicost
921 1414 1154 1465 insipientia.
1593 1428 1683 1463 1090

243 1481 316 1518 M1.
348 1479 529 1518 inimicus
552 1482 680 1519 hercle
702 1488 759 1519 est
780 1480 920 1519 huiius.
981 1482 1061 1518 HA.
1094 1481 1195 1519 male
1216 1479 1332 1518 faxim
1353 1480 1505 1518 lubens

244 1546 316 1583 M1.
348 1553 453 1583 amat
473 1546 524 1584 ab
543 1546 687 1584 lenone
708 1543 781 1584 Hic.
844 1548 924 1584 HA.
958 1547 1084 1585 facere
1106 1545 1301 1596 sapienter
1321 1553 1428 1596 puto.

244 1613 316 1650 M1.
350 1613 440 1650 leno
461 1611 523 1651 hic
544 1612 695 1651 habitat
715 1612 879 1651 uicinus.
941 1615 1021 1651 HA.
1055 1614 1156 1651 male
1177 1612 1295 1650 faxim
1315 1612 1466 1650 lubens.

244 1677 318 1714 M1.
349 1676 385 1715 ei
406 1678 508 1715 duae
528 1679 681 1727 puellae
702 1686 791 1716 sunt
813 1677 1034 1716 meretrices
1055 1678 1231 1716 seruolae

162 1752 221 1785 135
243 1753 393 1780 sorores
411 1758 417 1780 :
448 1755 580 1781 earum
602 1742 665 1781 hic
685 1744 846 1782 alteram
868 1742 1049 1781 ecflictim
1071 1742 1170 1793 perit
1571 1761 1573 1764 v
1591 1752 1677 1790 1095

242 1820 371 1857 neque
392 1820 479 1845 eam
500 1806 707 1846 incestauit
730 1822 930 1858 umquam.
993 1810 1073 1846 HA.
1105 1808 1247 1847 acerba
1267 1807 1459 1847 amatiost.

243 1874 316 1910 M1.
348 1874 455 1911 hunc
474 1874 565 1911 leno
586 1873 817 1912 ludificatur.
880 1875 959 1911 HA.
992 1886 1105 1911 suom
1128 1881 1334 1923 quaestum
1356 1872 1458 1911 colit.

243 1938 316 1975 Mi.
348 1936 412 1975 hic
433 1936 486 1975 illi
507 1938 650 1976 malam
672 1952 752 1977 rem
775 1939 868 1977 dare
888 1939 982 1976 uolt.
1044 1939 1124 1976 HA.
1157 1938 1291 1988 frugist
1313 1938 1340 1976 si
1364 1938 1403 1976 id
1425 1937 1526 1975 facit.

287 2050 370 2080 1075
395 2041 525 2081 inspice
543 2043 606 2074 iam
621 2043 697 2074 ΡΨ)
779 2044 861 2083 sort.
878 2044 1030 2074 ostende.
1047 2041 1134 2085 (Aa.
1149 2041 1330 2084 ostendo.)
1348 2043 1477 2082 inspice
1494 2041 1567 2072 iam.

243 2084 311 2115 HA.
339 2086 431 2124 aperi
520 2087 617 2128 ades]
645 2088 748 2118 audes
772 2087 801 2118 T
819 2091 856 2118 ztt
876 2087 940 2118 vid.
1054 2087 1110 2117 vix
1125 2087 1218 2126 aperi
1240 2105 1278 2108 —
1293 2087 1420 2117 audes?
1452 2086 1516 2123 (vel
1539 2086 1568 2116 si

239 2129 507 2169 audes)—atque
541 2131 637 2162 adest
652 2134 658 2162 !
811 2141 892 2170 1077
931 2130 1015 2170 ‘sort
1054 2130 1281 2171 Agorastocles
1311 2128 1470 2169 loqm‘tur'
1504 2128 1568 2159 Leo

242 2173 325 2211 1078
349 2173 436 2203 bene
469 2175 614 2205 uertisse
658 2174 795 2205 Mueller
833 2175 966 2212 (Rlzez'n.
1003 2173 1092 2204 Mus.
1130 2183 1181 2212 54,
1213 2175 1307 2212 528),
1333 2174 1422 2203 dictio
1446 2173 1567 2203 usitata

242 2224 326 2256 1079
356 2217 416 2247 sed
443 2218 527 2256 (set)
556 2217 680 2249 Ριινιίιυ
693 2242 699 2248 .
738 2223 771 2249 et
796 2218 861 2249 cod.
1010 2219 1092 2248 1080
1115 2217 1209 2248 reddi
1244 2217 1310 2248 filio
1343 2217 1424 2255 cod„
1455 2220 1564 2247 contra

241 2264 386 2291 metrum
401 2265 491 2300 (corr.
506 2259 574 2298 Dl)
670 2263 751 2292 1084
770 2262 931 2293 habitabit
943 2260 1099 2301 Pylades:
1119 2261 1210 2292 habit
1222 2260 1288 2291 cod.
1304 2262 1361 2302 (ni.
1374 2261 1408 2298 3¹)
1482 2261 1554 2291 108⁷

239 2304 289 2333 vel
303 2310 391 2335 tuast
409 2315 492 2344 opus
510 2317 516 2335 :
541 2309 563 2338 t.
579 2316 620 2336 eo
634 2311 734 2344 opust
749 2304 884 2336 Mueller
895 2305 1027 2345 <Rham
1047 2305 1132 2335 Mus.
1150 2315 1200 2344 54.
1217 2306 1293 2344 529)
1387 2314 1469 2343 1090
1488 2304 1550 2334 insi

240 2348 368 2386 pientia
386 2354 436 2378 est
454 2349 539 2380 cod.:
565 2350 637 2380 trai.
650 2348 788 2389 Pylades
912 2360 991 2388 1092
1015 2348 1173 2379 allenone
1185 2349 1283 2388 (ale-)
1298 2347 1364 2379 cod.
1454 2348 1566 2378 facere

241 2390 470 2423 Camerarius:
497 2393 601 2423 facele
618 2392 682 2426 cod.
699 2397 736 2423 ut
751 2392 815 2424 vid.
901 2402 981 2431 1095
999 2393 1099 2431 periit
1117 2392 1182 2423 cod.
1203 2392 1236 2424 (i.
1251 2402 1273 2423 e.
1292 2392 1396 2432 perit)
1484 2401 1565 2430 1097

238 2434 327 2465 hunc
339 2435 436 2467 Pius:
454 2447 540 2466 runc
552 2437 615 2469 cod.
632 2437 746 2477 (Npro
760 2437 808 2467 Hi
882 2437 963 2476 1098
981 2436 1099 2474 frugist
1112 2435 1261 2468 Mueller:
1283 2435 1367 2475 frugi
1379 2434 1442 2466 cod.
1459 2434 1564 2474 (iii.3>

946 2520 968 2531 f
