1731 2713
650 94 994 131 TRINVMMVS
1414 94 1488 130 ΙΙΙ.
1511 93 1539 129 ii

84 219 148 254 715
168 205 227 257 sin
249 206 357 244 aliter·
377 205 571 244 animatus
593 205 791 243 cs—bcne
812 206 919 254 quod
941 216 1031 253 agas
1053 203 1209 241 eueniat
1230 204 1311 248 tibi,

169 284 241 320 ego
272 271 421 309 amicus
455 284 670 321 numquam
712 269 781 308 tibi
817 283 882 307 ero
916 269 992 308 alio
1027 277 1153 319 pacto.
1214 269 1267 306 sic
1301 269 1493 306 sententia
1515 280 1556 309 90

1369 342 1490 371 est.—

169 402 230 439 ST.
262 401 356 440 abiit
379 399 545 455 [hercle]
569 400 807 451 illequidem.
867 400 1010 450 ecquid
1031 399 1154 447 audis,
1175 399 1393 449 Lysiteles?
1423 413 1495 449 ego

1332 473 1368 503 te
1391 468 1494 503 uolo.

168 531 231 569 hic
265 544 425 582 quoque
460 532 551 570 hinc
583 532 687 570 abiit.
749 531 925 579 Stasime,
960 538 1080 569 restas
1113 531 1228 569 solus.
1289 530 1385 580 quid
1424 544 1497 580 ego

1244 609 1349 634 nunc
1371 609 1497 646 agam,

169 662 241 701 nisi
262 663 316 701 uti
339 663 528 701 sarcinam
551 663 816 714 constringam
837 670 874 702 et
895 664 1079 713 clupeum
1096 663 1146 701 ad
1163 663 1323 700 dorsum
1344 675 1497 700 accom-

1322 728 1493 773 modem,

82 807 151 843 720
168 795 377 832 fulmentas
399 794 556 833 iubeam
578 793 759 844 suppingi
782 795 929 832 socco?
958 807 1039 832 non
1061 793 1142 831 sisti
1163 800 1302 842 potest.

169 859 286 897 uideo
307 860 482 897 caculam
504 859 709 897 militarem
732 872 795 897 me
816 860 988 897 futurum
1010 859 1087 896 hau
1108 857 1261 908 longius
1282 873 1288 896 :
1515 868 1555 899 95

166 931 205 962 at
225 923 395 974 aliquem
418 924 468 962 ad
489 937 619 974 regem
640 923 679 961 in
700 923 875 974 saginam
896 925 974 962 eru'
996 927 1106 963 †sese
1126 922 1320 962 coniecitt
1343 937 1464 969 meus,

166 990 285 1027 credo
305 990 355 1027 ad
377 1002 552 1027 summos
574 989 780 1028 bellatores
800 988 1195 1038 acrem—fugitorem
1216 990 1297 1027 fore

166 1063 204 1093 et
218 1062 421 1105 capturum
439 1055 562 1104 spolia
580 1054 634 1092 ibi
650 1054 758 1092 illum
776 1054 991 1104 qui—meo
1008 1068 1074 1093 ero
1087 1055 1278 1093 aduorsus
1293 1054 1454 1093 uenerit.

81 1128 146 1166 725
168 1127 324 1170 egomet
352 1127 483 1158 autem
513 1133 635 1169 quom
665 1121 862 1170 extemplo
891 1132 1025 1157 arcum
1054 1117 1184 1172 [mihi]
1212 1127 1250 1158 et
1274 1121 1494 1170 pharetram

1040 1193 1078 1224 et
1099 1185 1255 1235 sagittas
1277 1198 1492 1235 sumpserO,

167 1250 358 1289 cassidem
381 1251 420 1289 in
440 1250 796 1301 caput—dormibo
818 1250 971 1301 placide
998 1249 1001 1302 l
1028 1250 1067 1288 in
1089 1250 1352 1288 tabernaculo.
1516 1264 1578 1286 100

165 1319 215 1356 ad
237 1319 363 1356 forum
384 1318 473 1356 ibo:
504 1318 639 1357 nudiu'
660 1326 790 1356 sextus
811 1317 905 1368 quoi
926 1319 1117 1356 talentum
1140 1324 1319 1356 mutuom

165 1382 268 1430 dedi,
288 1396 501 1433 reposcam,
526 1390 569 1422 ut
587 1383 755 1422 habeam
773 1396 929 1422 mecum
951 1384 1060 1433 quod
1082 1384 1202 1421 feram
1224 1382 1480 1422 uiaticum.—

399 1496 823 1533 MEGARONIDES
935 1496 1254 1534 CALLICLES
1514 1493 1558 1530 iii

222 1578 304 1615 ME.
337 1578 390 1615 Vt
411 1576 506 1614 mihi
527 1590 607 1615 rem
630 1590 772 1624 narras,
796 1576 990 1624 Callicles,
1013 1578 1122 1615 nullo
1143 1577 1265 1616 modo

80 1652 148 1688 730
220 1648 348 1692 potest
370 1641 451 1681 fieri
472 1655 609 1692 prosus
630 1642 726 1693 quin
747 1643 819 1681 dos
840 1643 955 1681 detur
975 1641 1124 1692 uirgini.

219 1708 292 1746 CA.
325 1720 495 1758 namque
516 1708 645 1746 hercle
666 1708 832 1746 honeste
852 1706 934 1746 fieri
955 1708 1076 1746 ferme
1097 1719 1176 1745 non
1198 1714 1337 1757 potest,

218 1780 259 1810 ut
280 1785 366 1811 eam
387 1771 580 1823 perpetiar
601 1772 654 1810 ire
675 1771 714 1810 in
737 1771 1030 1811 matrimonium

217 1837 301 1877 sine
321 1839 425 1885 dote,
444 1851 564 1888 quom
586 1838 668 1876 eius
689 1851 771 1876 rem
793 1850 914 1888 penes
935 1851 999 1876 me
1019 1838 1188 1876 habeam
1208 1837 1329 1877 domi.
1513 1851 1532 1885 5

219 1904 301 1941 ΜΕ.
333 1910 466 1954 parata
485 1904 558 1942 dos
578 1903 724 1942 domist
740 1918 748 1950 ;
778 1902 851 1940 nisi
872 1910 1096 1952 exspectare
1117 1902 1186 1950 uis,

208 2016 270 2046 715
293 2006 430 2037 eueniat
446 2005 521 2038 Ital.
541 2018 549 2037 :
573 2007 710 2038 eueniet
727 2006 792 2038 cod.
917 2008 980 2046 716
1003 2007 1051 2038 sic
1068 2006 1141 2037 Ital.
1163 2017 1170 2037 :
1193 2007 1221 2037 si
1238 2005 1304 2037 cod.
1429 2017 1490 2048 717

164 2050 279 2081 hercle
297 2050 355 2081 del.
377 2050 563 2090 Fleckeisen,
580 2061 660 2081 nam
678 2061 778 2091 neque
796 2050 864 2081 abit
882 2049 1016 2092 (praes.)
1035 2060 1134 2090 neque
1156 2050 1224 2081 abit
1241 2054 1306 2090 pro
1327 2050 1396 2081 abit
1412 2052 1494 2081 satis

160 2094 264 2135 placet
394 2104 457 2133 720
480 2094 623 2134 subponi
641 2093 730 2126 codd.
748 2093 854 2125 Nomi
867 2096 931 2126 206
949 2093 1132 2135 (neglegens
1148 2093 1291 2134 citatioss)
1395 2104 1493 2125 socco

164 2137 294 2178 scripSt':
311 2137 420 2169 socios
437 2137 524 2168 codd.
543 2149 549 2168 :
566 2138 639 2168 foco
652 2137 745 2175 (fico)
764 2137 853 2169 codd.
864 2137 970 2169 Nonii
985 2149 991 2169 :
1007 2138 1116 2168 soccis
1133 2137 1343 2168 Camerarius
1432 2148 1491 2177 721

166 2181 280 2212 cacula
304 2180 368 2213 cod.
494 2191 555 2220 722
575 2181 629 2211 Ad
647 2181 678 2212 Β
696 2181 729 2220 (τ’.
747 2191 770 2213 e.
788 2182 834 2212 At
845 2183 872 2222 ἓ)
890 2193 896 2212 :
919 2181 988 2213 Aut
1004 2181 1078 2213 PCD
1095 2182 1142 2219 (in
1161 2191 1188 2211 v.
1212 2191 1269 2219 721
1290 2185 1346 2211 aut
1363 2180 1495 2221 longius

163 2223 249 2263 cod.)
323 2223 378 2255 Ad
394 2224 434 2255 al.
456 2235 523 2264 reg.
542 2223 677 2256 Gm'elus
764 2235 842 2257 erus
859 2225 937 2256 Ital.
953 2236 960 2256 τ
985 2234 1097 2255 merus
1111 2224 1175 2255 cod.
1270 2225 1298 2255 si
1314 2234 1351 2255 se
1368 2223 1496 2256 Pareus

165 2268 316 2299 coniexit
332 2267 457 2298 Ritschl
470 2279 476 2298 :
500 2268 646 2299 coniciet
658 2268 724 2299 Leo
807 2278 869 2308 724
894 2279 971 2299 meo
983 2268 1040 2300 del.
1055 2268 1167 2305 Bothe,
1182 2278 1264 2298 nam
1283 2267 1369 2299 elisio
1385 2268 1493 2309 m(eo)

165 2310 304 2352 dzsplt'cet
409 2321 471 2351 725
495 2321 619 2351 quome
646 2311 716 2343 cod.
805 2312 884 2343 mihi
909 2311 968 2350 del.
998 2311 1137 2343 Mueller
1240 2313 1301 2352 726
1326 2310 1494 2351 placidule

165 2354 291 2387 Re'tsclzl
380 2365 441 2395 727
468 2356 615 2387 nundius
633 2355 695 2387 cod.
