1731 2713
684 112 1003 152 Psm’noiixs
1377 92 1383 96 ”
1477 106 1504 141 1.
1527 103 1571 140 iii

166 232 388 278 uictimas,
411 230 546 277 lanios,
569 236 611 267 ut
632 240 704 278 ego
725 225 815 264 huic
838 224 1065 263 sacruficem
1087 233 1243 260 summo
1266 220 1350 259 Ioui
1370 234 1377 266 ;

185 311 277 336 nam
298 297 361 335 hic
383 295 477 334 mihi
498 307 603 333 nunc
620 301 677 331 est
699 293 824 329 multo
840 289 968 340 potior
991 287 1168 338 Iuppiter
1184 299 1302 336 quam
1321 284 1506 334 Iuppiter.

189 365 259 402 BA.
292 363 385 400 nolo
405 360 621 398 uictumas:
651 356 803 406 agninis
825 368 887 393 me
908 353 1004 393 extis
1026 351 1169 403 placari
1190 352 1292 389 uoio.

103 443 170 479 330
190 429 303 468 (ΞΛΜ.
337 438 510 477 propera,
535 423 630 474 quid
651 423 758 460 stas?
798 421 808 458 i
829 432 984 458 accerse
1004 430 1136 468 agnos.
1197 415 1315 454 audin
1338 414 1433 464 quid
1460 414 1513 452 ait

1309 479 1514 530 Iuppiter?

189 561 250 597 ΡΞ.
283 557 361 595 iam
382 556 445 595 hie
466 568 556 602 ero3
586 566 722 592 uerum
739 560 845 590 extra
865 557 1018 601 portam
1036 548 1089 586 mi
1106 547 1223 586 etiam
1240 545 1513 584 currendumst
1537 560 1594 591 ¹05

1395 609 1511 660 prius.

189 690 303 729 (ΞΛΜ.
328 688 423 738 quid
445 688 522 725 eo?
562 687 623 723 Ps.
648 683 774 722 lanios
795 683 888 721 inde
904 693 1101 720 accersam
1123 680 1204 717 duo
1222 690 1311 715 cum
1333 674 1515 714 tintinna-

1402 739 1513 786 bulis,

189 820 328 858 eadem
350 820 430 857 duo
451 829 584 868 greges
604 815 800 865 uirgarum
821 813 914 852 inde
935 814 1152 851 ulmearum
1173 811 1356 859 adegerO,

189 892 232 923 ut
252 883 371 922 hodie
391 883 442 921 ad
463 881 682 920 litationem
704 879 795 917 huic
817 885 1000 928 suppetat
1021 876 1137 915 satias
1161 875 1259 913 Ioui.

104 962 170 1000 333
193 951 262 987 BA.
296 950 305 986 i
328 948 366 985 in
387 949 529 985 malam
552 958 708 984 erucem
729 948 734 982 Ξ
794 946 855 981 Ps.
889 943 988 981 istuc
1009 941 1080 980 ibit
1102 940 1279 991 Iuppiter
1299 937 1490 977 lenonius.

192 1017 262 1053 BA.
296 1027 342 1052 ex
362 1021 427 1051 tua
455 1026 494 1050 re
515 1019 572 1050 est
599 1018 640 1048 ut
662 1023 734 1060 ego
755 1008 931 1047 emoriar.
993 1009 1054 1045 Ps.
1088 1005 1284 1057 quidum?
1341 1005 1411 1041 BA.
1444 1014 1517 1052 ego
1542 1016 1600 1039 110

1272 1068 1402 1107 dicam
1422 1066 1493 1105 tibi
1511 1082 1517 1105 :

191 1144 284 1196 quia
316 1144 468 1193 edepol,
501 1142 596 1181 dum
632 1153 705 1190 ego
740 1138 853 1178 uiuos
888 1137 1031 1184 uiuam,
1065 1147 1282 1185 numquam
1313 1133 1387 1172 eris
1420 1131 1518 1182 frugi

1376 1199 1517 1236 bonae.

191 1289 238 1314 ex
266 1282 333 1314 tua
359 1287 399 1313 re
419 1286 500 1312 non
527 1279 585 1311 est
605 1278 648 1309 ut
669 1283 741 1320 ego
763 1267 939 1308 emoriar.
999 1269 1060 1305 Ps.
1093 1265 1290 1316 quidum?
1347 1265 1418 1301 ΒΑ.
1451 1262 1517 1310 sic,

1429 1327 1521 1378 quia

193 1405 224 1444 si
245 1418 317 1456 ego
337 1404 536 1443 emortuos
558 1401 642 1447 sim,
666 1399 834 1439 Athenis
856 1407 893 1437 te
915 1398 963 1437 sit
989 1410 1107 1436 nemo
1129 1395 1304 1446 nequior.

108 1481 176 1516 340
194 1472 308 1511 CALI.
340 1469 405 1509 dic
435 1467 541 1515 mihi,
574 1479 739 1517 opsecro
768 1466 908 1512 hercle,
942 1476 1078 1503 uerum
1110 1461 1210 1501 serio
1240 1462 1316 1499 hoc
1346 1459 1454 1510 quod
1484 1466 1522 1498 te

1414 1537 1519 1574 rogo.

195 1614 274 1640 non
295 1600 418 1639 habes
439 1600 621 1638 uenalem
641 1596 809 1635 amicam
831 1603 871 1633 tu
894 1607 1022 1633 meam
1045 1591 1335 1632 Phoenicium?
1547 1603 1604 1634 115

196 1669 266 1705 ΒΑ.
299 1679 380 1704 non
401 1665 543 1714 edepol
563 1663 693 1701 habeo
714 1662 900 1711 profecto,
925 1673 1017 1698 narn
1038 1659 1115 1697 iam
1137 1657 1288 1708 pridem
1310 1654 1484 1694 uendidi.

197 1733 311 1772 CALI.
349 1743 428 1781 quo
468 1730 618 1768 modo?
675 1729 745 1765 BA.
784 1726 868 1764 sine
907 1723 1159 1771 ornamentis,
1201 1736 1288 1761 cum
1331 1719 1524 1760 intestinis

1326 1784 1522 1824 omnibus.

199 1862 314 1902 CAL1.
347 1873 476 1899 meam
516 1866 557 1897 tu
596 1857 764 1896 amicam
803 1854 1048 1895 uendidisti?
1107 1855 1176 1891 BA.
1210 1851 1350 1897 ualide,
1387 1848 1526 1900 uiginti

1396 1915 1523 1954 minis.

114 2003 178 2041 345
201 1994 315 2033 CALl.
352 1990 488 2042 uiginti
528 1989 673 2028 minis?
730 1990 801 2026 BA.
839 1994 969 2026 utrum
1008 1985 1078 2033 uis,
1120 1986 1182 2024 uel
1222 1990 1358 2034 quater
1397 1981 1526 2032 quinis

1398 2047 1524 2093 minis,

244 2172 305 2201 327
333 2160 481 2191 laniosus
503 2163 582 2199 tego
607 2157 640 2188 P
725 2157 775 2188 vel
793 2156 870 2187 hu'i'c
1004 2156 1069 2195 328
1092 2155 1206 2193 potius
1230 2153 1264 2184 A
1355 2134 1480 2192 queam¹
1500 2150 1533 2182 Ρ

203 2207 271 2248 (vii.
307 2207 339 2241 ι)
481 2213 545 2243 329
569 2201 723 2241 uictumis
753 2201 786 2230 A
921 2209 986 2239 330
1009 2200 1035 2241 i]
1069 2200 1099 2230 ei
1125 2199 1186 2229 A:
1211 2208 1277 2228 om.
1306 2195 1340 2228 P
1369 2196 1420 2236 (cf.
1448 2196 1528 2235 326)

200 2259 264 2290 335
281 2249 331 2280 vel
346 2247 393 2279 In’
410 2247 477 2288 (Le.
493 2247 581 2286 isne)
598 2257 640 2278 m.
657 2245 716 2286 (ila
733 2244 778 2284 P)
842 2243 916 2275 istic
930 2243 963 2273 P
1026 2244 1092 2282 336
1111 2242 1213 2284 [non]
1228 2246 1279 2272 est
1294 2239 1388 2281 P(cf.
1399 2251 1430 2271 v.
1448 2240 1527 2279 338}

200 2295 264 2333 338
288 2303 332 2324 ex
357 2297 414 2323 tua
438 2301 474 2322 re
499 2296 535 2321 ut
563 2299 628 2328 ego
654 2288 797 2320 emoriar
821 2298 888 2318 non
919 2292 970 2318 est
994 2298 1012 2317 e
1037 2297 1074 2317 re
1099 2286 1172 2322 (vix
1193 2290 1256 2326 pro
1280 2286 1376 2321 vere)
1401 2283 1448 2323 A,
1475 2283 1531 2313 vix

201 2336 329 2377 conflat.
348 2347 387 2366 ex
401 2335 456 2366 illa
478 2335 619 2365 versione
638 2342 721 2372 quae
736 2336 837 2372 supra
853 2333 900 2362 est
914 2334 944 2361 et
961 2331 1061 2362 altera
1083 2332 1119 2360 ut
1137 2340 1201 2368 ego
1223 2328 1371 2359 emoriai·
1390 2337 1459 2357 non
1477 2330 1529 2357 est

203 2391 221 2411 e
239 2384 274 2410 re
292 2386 348 2411 tua
366 2379 526 2418 quidum?
552 2380 613 2414 sic,
627 2376 706 2415 quia
795 2384 860 2414 339
884 2379 1036 2405 mortuus
1052 2373 1085 2402 A
1163 2382 1294 2411 nequor
1306 2371 1338 2401 P
1352 2373 1447 2411 (corr.
1480 2370 1529 2402 D>

203 2434 267 2462 340
292 2433 373 2462 rogo
399 2422 483 2463 [est]
510 2420 543 2451 P
567 2422 590 2461 C
602 2426 663 2460 pro
689 2419 828 2458 rogem'
855 2417 1004 2458 Sqigffert)
1031 2418 1161 2459 (rogem
1186 2426 1264 2446 corr.
1291 2414 1337 2455 D>
1467 2423 1531 2452 343

205 2477 304 2507 quom
322 2467 341 2497 i.
360 2465 393 2495 A
414 2463 709 2504 gantiquaforma)

248 2519 368 2541 PLAVT.
386 2518 412 2539 ιι
1010 2534 1012 2536 ,
1405 2500 1444 2530 18
