1783 2707
203 375 244 407 45

205 698 246 732 50

208 1021 246 1053 55

207 1339 251 1371 60

675 116 720 152 T.
755 113 935 152 MACCI
967 112 1170 150 PLAVTI

427 227 542 267 faxim
564 229 753 266 lenonum
774 239 848 264 nee
869 232 1086 263 scortorum
1107 226 1194 275 plus
1215 223 1286 262 siet
1609 229 1675 264 62a

426 301 464 332 et
485 293 605 331 minu'
621 294 904 332 damnosorum
921 290 1127 328 hominum
1143 303 1260 341 quam
1276 301 1383 326 nunc
1399 293 1489 325 sunt
1505 285 1587 325 siet.

427 372 518 397 nam
540 372 645 396 nunc
665 359 856 396 lenonum
878 364 916 394 et
936 363 1152 394 scortorum
1174 356 1261 405 plus
1282 361 1340 392 est
1360 354 1438 391 fere

428 437 545 474 quam
567 423 660 461 olim
682 434 906 460 muscarum
928 428 986 459 est
1007 434 1127 470 quom
1149 421 1294 458 caletur
1315 430 1507 456 maxume.
1609 423 1650 468 65

427 502 518 526 nam
540 501 735 538 nusquam
756 486 849 525 alibi
871 486 902 524 si
923 493 1024 533 sunt,
1048 486 1193 524 circum
1215 483 1448 534 argentarias

427 553 593 595 †sc0rti†
614 555 777 591 lenones
799 551 866 601 qui
887 551 1070 589 adsident
1092 549 1264 596 cottidie,

428 632 473 657 ea
494 618 614 656 nimia
634 625 692 656 est
713 617 836 664 rati03
865 615 1012 666 quippe
1034 615 1100 665 qui
1121 622 1226 653 certo
1248 614 1328 652 scio

428 685 506 722 fere
527 684 613 733 plus
634 690 851 720 scortorum
873 694 958 719 esse
977 680 1053 718 iam
1076 693 1193 730 quam
1214 680 1445 729 ponderum.

427 761 526 798 quos
548 747 708 797 quidem
730 760 849 796 quarn
877 744 881 796 J
907 747 958 784 ad
978 759 1059 783 rem
1080 745 1209 783 dicam
1230 744 1269 782 in
1290 742 1513 793 argentariis
1610 756 1656 790 70

427 813 566 851 referre
586 812 743 858 habere,
768 810 841 848 nisi
864 824 934 860 pro
956 809 1108 857 tabulis,
1132 808 1276 856 nescio,

428 876 495 914 ubi
515 889 604 914 aera
625 875 914 926 perscribantur
935 873 1107 912 usuraria
1124 889 1130 912 :

428 948 592 991 accepta
612 940 713 986 dico,
738 952 910 990 expensa
930 952 980 977 ne
1001 938 1067 988 qui
1089 946 1256 977 censeat.

429 1014 629 1056 postremo
649 1004 690 1043 id
713 1017 856 1054 magno
878 1003 917 1041 in
938 1005 1087 1054 populo
1109 1003 1240 1041 multis
1261 1002 1500 1050 hominibus,

429 1085 469 1109 re
489 1070 644 1121 placida
663 1076 782 1120 atque
804 1068 941 1116 otiosa,
964 1068 1078 1106 uictis
1099 1068 1278 1107 hostibus
1297 1084 1302 1106 :
1615 1079 1634 1114 7
1640 1079 1657 1116 5

429 1149 559 1174 amare
580 1142 734 1186 oportet
755 1134 883 1173 omnis
905 1133 972 1184 qui
994 1135 1102 1184 quod
1124 1135 1218 1172 dent
1239 1134 1399 1171 habent.

429 1215 521 1240 nam
544 1201 638 1239 mihi
660 1202 757 1239 haec
778 1200 959 1238 meretrix
975 1213 1076 1250 quae
1096 1199 1159 1237 hic
1175 1199 1306 1246 habet,
1323 1198 1594 1247 Phronesium,

431 1281 544 1306 suom
567 1267 713 1305 nomen
735 1280 853 1304 omne
875 1280 921 1304 ex
942 1273 1100 1316 pectore
1121 1264 1295 1303 exmouit
1317 1278 1415 1312 meo,

432 1331 722 1386 [Phronesium,
745 1331 836 1369 naim
858 1330 1065 1381 phronesis
1086 1338 1144 1369 est
1165 1329 1385 1382 sapientia}
1618 1334 1682 1377 78³

431 1413 522 1437 narn
544 1412 607 1437 me
627 1398 746 1436 fuisse
766 1396 858 1435 huic
884 1398 1008 1435 fateor
1031 1410 1231 1434 summum
1251 1403 1368 1446 atque
1389 1396 1595 1444 intumum,

431 1465 539 1514 quod
559 1462 727 1502 amantis
749 1463 874 1501 multo
895 1476 1123 1512 pessumum
1145 1469 1202 1500 est
1223 1461 1438 1512 pecuniae3
1619 1470 1666 1504 80

430 1530 569 1568 eadem
591 1537 801 1579 postquam
822 1527 943 1566 alium
964 1526 1132 1577 repperit
1153 1526 1219 1576 qui
1241 1528 1327 1577 plus
1349 1528 1467 1574 daret,

433 1593 726 1633 damnosiorem
750 1607 838 1632 meo
861 1592 1002 1632 exinde
1024 1591 1206 1630 immouit
1226 1593 1325 1640 loco,

434 1673 553 1711 quem
573 1659 770 1706 infestum,
795 1658 979 1698 odiosum
1002 1657 1076 1696 sibi
1097 1671 1181 1696 esse
1202 1658 1446 1697 memorabat
1467 1659 1580 1706 mala,

312 1765 369 1795 62²
394 1775 456 1795 nec
473 1764 601 1804 scripsi:
627 1768 660 1794 et
678 1763 743 1794 cod.
861 1763 925 1794 siet
949 1763 1083 1804 scripsi:
1108 1768 1159 1793 est
1177 1761 1241 1793 cod.
1345 1763 1387 1801 64
1412 1760 1509 1804 (hic)
1526 1746 1600 1801 plus

269 1808 400 1847 Ritsclzl,
415 1808 468 1839 cui
478 1810 666 1839 scortorum
683 1807 824 1848 displicet
916 1812 966 1838 est
984 1810 1058 1837 ante
1074 1811 1107 1837 et
1120 1806 1217 1836 colloc.
1234 1806 1337 1836 Botlze
1423 1807 1464 1844 65
1483 1810 1558 1846 post
1570 1817 1597 1837 v.

267 1853 310 1882 66
326 1852 391 1882 cod.
410 1864 417 1883 ε
438 1862 515 1883 corr.
539 1851 750 1882 Camerarius
844 1850 1044 1892 quam[nus]
1062 1849 1105 1881 Β1
1125 1850 1176 1890 (cf.
1190 1861 1218 1881 v.
1232 1851 1288 1890 66)
1379 1851 1419 1888 67
1445 1854 1554 1880 scorta
1567 1855 1600 1880 et

269 1896 432 1935 Scaliger:
457 1906 501 1925 an
518 1895 659 1926 scortis?
715 1896 770 1934 qui
791 1896 941 1926 assident
955 1895 1129 1925 Mikkelsen
1148 1893 1264 1934 (Nord.
1284 1892 1405 1923 Yidskr.
1422 1893 1482 1924 Fil.
1504 1894 1597 1933 1897,

271 1950 301 1979 p.
318 1941 391 1979 97):
415 1939 509 1979 quasi
524 1939 643 1969 sedent
657 1938 722 1970 cod.
833 1940 875 1970 68
897 1939 943 1970 Fa
956 1939 988 1969 Β
1002 1938 1110 1979 (Fpro
1120 1938 1163 1974 E)
1265 1940 1308 1976 69
1325 1937 1395 1967 fere
1405 1937 1534 1976 scripsi:
1551 1938 1600 1967 eri

270 1982 350 2013 cod.:
367 1983 411 2013 ibi
428 1981 565 2023 Seyffert
626 1983 690 2013 iam
709 1983 782 2014 Ital.
803 1994 810 2013 :
835 1993 908 2014 eam
928 1983 991 2014 cod.
1087 1992 1127 2020 70
1152 1981 1244 2020 Quas
1255 1981 1381 2011 Rissclzl
1444 1980 1599 2020 equidem

271 2027 403 2066 Bentley

570 2037 610 2066 72
627 2037 707 2058 aera
727 2027 937 2057 Camerarius
954 2039 960 2058 :
993 2037 1033 2057 ae
1049 2026 1116 2057 cod.
1139 2027 1217 2066 (hae
1241 2025 1329 2064 PCD)
1357 2025 1428 2064 (pro
1451 2035 1529 2055 aera
1544 2030 1603 2065 per

270 2069 435 2111 compend.
458 2071 560 2111 script.
577 2072 604 2109 3)
701 2081 740 2110 73
765 2071 908 2110 accipiat
927 2071 957 2102 d.
979 2081 1006 2102 e.
1029 2081 1137 2109 neque
1157 2080 1182 2101 c.
1209 2069 1274 2101 cod.
1295 2080 1301 2100 ε
1326 2079 1402 2099 corr.
1429 2068 1601 2099 Acz'dalius

273 2125 312 2153 74
337 2114 369 2145 id
394 2114 451 2144 vix
466 2113 667 2154 ferendum:
706 2119 741 2144 ut
768 2114 936 2145 Baehrens
1046 2113 1171 2154 populo
1191 2114 1224 2143 in
1239 2113 1272 2143 B
1382 2111 1459 2155 (in)
1487 2112 1600 2142 multis

275 2158 507 2189 Camerarius:
544 2159 664 2188 mulier
691 2157 755 2188 cod.
909 2167 949 2197 75
985 2157 1118 2197 plagida
1141 2156 1206 2188 cod.
1238 2157 1282 2191 (G
1297 2162 1357 2197 pro
1383 2156 1425 2187 CN
1561 2166 1599 2195 77

272 2203 355 2233 haec
373 2201 507 2244 (nunc)
526 2201 664 2232 Mueller
797 2203 836 2240 78
860 2211 979 2232 omnes
995 2201 1060 2232 cod.
1078 2213 1084 2231 z
1111 2211 1188 2231 corr.
1209 2200 1421 2231 Camerarius
1545 2200 1601 2238 78³

275 2246 473 2277 Phronesirn
488 2244 561 2285 Leo,
583 2246 641 2285 qui
660 2255 790 2275 versum
812 2249 920 2275 tuetur
933 2246 988 2283 (iv.
1020 2246 1053 2285 1)
1219 2245 1257 2274 81
1286 2244 1362 2283 pius
1383 2244 1491 2283 (prius
1511 2242 1598 2283 PCD)

273 2290 340 2320 cod.
358 2290 387 2330 (I
398 2296 459 2330 pro
472 2289 511 2329 L)
582 2291 624 2319 82
642 2299 719 2319 meo
730 2289 852 2329 scripsi:
870 2289 950 2318 mihi
962 2288 1026 2319 cod.
1046 2289 1121 2329 (pro
1135 2298 1209 2318 meo
1221 2293 1278 2328 per
1285 2287 1449 2328 compend.
1462 2288 1565 2327 script.
1573 2286 1600 2325 ⁸)

275 2335 377 2364 exine
393 2333 426 2364 Β

515 2344 567 2364 ex.
588 2343 640 2363 me
659 2333 762 2363 mouit
779 2333 798 2363 l.
819 2332 996 2362 Abraham
1014 2331 1099 2362 stud.
1120 2331 1231 2362 Plaut.
1249 2342 1324 2370 237.
1341 2331 1401 2361 aliz·
1486 2331 1527 2369 83
1541 2330 1600 2369 <lui

276 2378 452 2408 manifesta
472 2376 541 2418 [ac]
570 2387 599 2407 o.
628 2376 694 2407 cod.
720 2377 749 2417 (3
767 2381 828 2416 pro
854 2386 888 2415 q;
914 2376 1080 2406 misestum
1107 2386 1136 2406 0.
1166 2375 1203 2415 cs.
1229 2375 1275 2405 ad
1296 2374 1376 2407 Aul.
1398 2375 1496 2416 784):
1521 2384 1598 2405 corr.

276 2421 363 2459 Ital„
385 2420 592 2451 Lambinus:
617 2430 719 2459 quem
738 2420 882 2450 antehac
899 2429 928 2450 0.
948 2419 1120 2450 Buecheler

971 2516 993 2527 l
