1731 2713
756 95 983 133 RVDENS
1462 97 1529 133 IV.
1553 96 1598 133 iii

193 205 328 250 ,nihilo
349 208 414 257 pol
435 206 553 257 pluris
574 214 640 246 tua
659 208 736 246 hoc
758 220 876 256 quam
899 205 1035 256 quanti
1058 205 1152 243 illud
1174 206 1286 243 rcfert
1309 217 1418 243 mca:

206 285 278 321 ego
299 271 406 309 illum
428 271 520 309 noui
538 271 678 322 quoius
699 285 804 310 nunc
827 279 895 318 est,
914 278 955 308 tu
977 270 1085 308 illum
1104 269 1244 319 quoius
1260 270 1425 307 antchac
1447 268 1526 307 suit.
1550 278 1586 309 35

205 337 309 374 hunc
331 338 451 375 homo
472 338 567 375 feret
587 350 609 374 a
631 350 693 375 me
714 350 844 383 nemo,
868 350 918 375 ne
940 343 980 373 tu
1004 343 1040 374 te
1063 348 1192 384 speres
1215 334 1327 383 potis.

204 403 279 439 TR.
312 415 391 439 non
422 403 516 440 ferat
543 401 573 440 si
601 402 787 440 dominus
817 401 979 441 ueniat?
1038 402 1114 438 GR.
1147 398 1332 438 dominus
1357 398 1459 446 huic,
1482 413 1532 438 ne

1309 465 1446 502 frustra
1467 463 1532 513 sis,

116 544 186 581 970
203 530 276 569 nisi
297 544 370 581 ego
391 545 508 570 nemo
531 539 672 578 natust,
696 533 801 570 hunc
823 531 891 582 qui
912 530 999 581 cepi
1021 529 1059 568 in
1082 536 1227 568 uenatu
1250 542 1349 567 mco.

202 598 277 635 TR.
309 595 413 636 itane
442 598 565 636 uero?
623 598 699 636 GR.
732 610 900 647 ecquem
930 610 1015 635 esse
1046 595 1153 634 dices
1189 594 1228 633 in
1259 593 1354 632 mari
1384 593 1530 644 piscem

1371 673 1501 698 meum
1516 661 1532 698 ?

201 740 301 778 quos
332 740 453 778 quom
488 727 612 779 capio,
645 726 843 778 siquidem
880 726 980 777 cepi,
1017 725 1095 764 mei
1130 732 1220 764 sunt
1235 739 1245 774 3
1293 725 1422 764 habeo
1460 738 1531 775 pro
1550 737 1592 768 40

1420 789 1528 837 meis,

200 872 274 898 nec
295 872 414 897 manu
429 860 664 898 adseruntur
680 872 809 908 neque
827 857 934 896 illinc
950 865 1101 907 partem
1119 856 1329 906 quisquam
1346 857 1528 906 postulat.

201 923 240 961 in
261 924 345 962 foro
365 925 494 974 palam
515 923 644 961 omnis
665 925 798 961 uendo
819 936 890 973 pro
912 922 1008 960 meis
1030 921 1247 960 uenalibus.

114 998 179 1037 975
201 1002 307 1027 mare
327 988 490 1038 quidem
511 1002 724 1027 commune
744 995 889 1026 certost
909 987 1106 1026 omnibus.
1167 989 1243 1024 TR.
1276 985 1456 1025 adsentio
1474 1000 1481 1024 :

201 1052 269 1103 qui
307 1052 436 1092 minus
474 1054 581 1092 hunc
620 1066 876 1092 communem
911 1065 1059 1103 quaeso
1103 1051 1200 1090 mihi
1245 1065 1331 1091 esse
1375 1058 1530 1102 oportet

1319 1116 1498 1155 nidulum
1514 1119 1530 1155 Ρ

200 1183 240 1222 in
278 1183 374 1222 mari
412 1182 615 1222 inuentust
652 1182 866 1222 communi.
945 1184 1022 1222 GR.
1067 1196 1161 1222 esne
1199 1182 1437 1234 inpudenter
1475 1183 1529 1220 in·
1548 1193 1589 1225 45

1345 1249 1530 1298 pudens?

200 1329 293 1354 nam
313 1314 345 1354 si
365 1315 463 1354 istuc
484 1315 543 1354 ius
564 1315 612 1354 sit
633 1317 741 1366 quod
762 1328 967 1362 memoras,
991 1314 1203 1365 piscatores
1224 1313 1418 1365 perierint.

200 1380 347 1431 quippe
368 1394 488 1431 quom
509 1382 708 1430 extemplo
729 1380 769 1418 in
790 1381 999 1418 macellum
1021 1379 1148 1430 pisces
1169 1379 1309 1430 prolati
1330 1379 1442 1426 sient,

112 1450 182 1493 980
199 1459 318 1484 nemo
339 1453 452 1493 emat,
476 1459 586 1484 suam
608 1447 774 1496 quisque
794 1454 944 1497 partem
967 1445 1133 1496 piscium
1155 1453 1322 1496 poscant
1343 1445 1428 1492 sibi,

199 1509 332 1548 dicant
353 1510 392 1549 in
413 1510 509 1549 mari
529 1511 731 1549 communi
752 1518 899 1561 captos.
959 1513 1036 1549 TR.
1069 1511 1165 1561 quid
1185 1510 1254 1559 ais,
1275 1510 1502 1561 inpudens?

197 1577 326 1614 ausu's
346 1575 464 1615 etiarn
485 1590 712 1627 comparare
733 1576 913 1615 uidulum
935 1590 1026 1615 cum
1047 1575 1251 1626 piscibus?
1549 1588 1591 1620 50

198 1642 338 1679 eadem
358 1642 519 1679 tandem
540 1655 599 1680 res
621 1641 806 1680 uidetur?
865 1643 941 1680 GR.
975 1640 1015 1679 in
1037 1654 1156 1679 manu
1177 1655 1257 1679 non
1280 1648 1338 1679 est
1358 1654 1470 1679 mea:

198 1705 267 1743 ubi
287 1705 427 1744 demisi
447 1713 569 1745 retem
589 1713 707 1756 atque
728 1708 901 1753 hamum,
926 1705 1121 1756 quidquid
1142 1705 1267 1750 haesit
1287 1707 1458 1744 extraho.

111 1773 177 1819 985
200 1785 332 1810 meum
370 1772 479 1822 quod
521 1779 602 1810 rete
639 1779 758 1822 atque
797 1772 903 1810 hami
943 1771 1076 1810 nancti
1111 1779 1202 1810 sunt
1240 1785 1374 1810 meum
1412 1770 1529 1822 potis-

1321 1844 1525 1875 sumumst.

197 1904 274 1942 TR.
305 1902 428 1942 immo
457 1903 588 1941 hercle
617 1903 724 1942 haud
754 1910 822 1951 est,
855 1902 1050 1954 siquidem
1087 1904 1196 1953 quod
1228 1916 1298 1941 uas
1329 1901 1525 1952 excepisti.

1127 2007 1129 2011 ,
1159 1969 1236 2007 GR.
1267 1966 1527 2018 philosophe!

195 2034 271 2071 TR.
303 2034 374 2071 sed
394 2040 435 2071 tu
456 2046 698 2083 enumquam
719 2033 954 2084 piscatorem
976 2032 1120 2080 uidisti,
1145 2033 1333 2079 uenefice,
1546 2044 1587 2076 55

195 2097 375 2136 nidulum
396 2097 544 2147 piscem
565 2098 715 2148 cepisse
735 2106 802 2136 aut
822 2097 1030 2148 protulisse
1050 2099 1174 2136 ullum
1196 2097 1236 2135 in
1257 2098 1383 2135 forum
1400 2097 1416 2134 ?

237 2202 301 2241 968
326 2200 414 2241 potis
429 2201 584 2232 Benoz'st:
606 2202 718 2240 potius
735 2201 801 2233 cod.
950 2203 1015 2241 969
1039 2212 1081 2232 ne
1104 2201 1206 2231 Reiz:
1236 2200 1367 2242 [nemo]
1392 2211 1434 2230 ne
1456 2201 1520 2232 cod.

196 2244 254 2284 (iv.
270 2244 303 2283 3)
358 2244 482 2276 frustra
493 2245 540 2276 sis
553 2244 648 2285 (siesl
665 2245 876 2276 Camerarius
891 2257 897 2276 :
918 2245 1097 2276 frustrases
1108 2245 1173 2276 cod.
1265 2255 1328 2283 977
1346 2254 1523 2274 commune

196 2292 247 2318 est
265 2288 331 2319 GR.
349 2299 392 2319 ne
412 2288 477 2319 cod.
494 2299 501 2317 =
534 2299 610 2319 corr.
631 2288 697 2319 Leo
827 2290 892 2328 980
916 2293 1057 2328 poscant
1075 2288 1162 2320 codd.
1191 2288 1355 2319 Prisciani
1382 2298 1408 2327 1,
1436 2298 1522 2327 332:

196 2336 314 2371 poscat
330 2331 392 2363 cod.
529 2333 590 2371 981
617 2343 710 2363 mare
727 2335 861 2363 testatur
877 2332 1068 2363 Priscianus
1243 2332 1306 2371 984
1332 2336 1437 2362 retem
1454 2330 1520 2363 cod.

197 2374 286 2411 (rete
300 2374 346 2415 Β)
361 2385 369 2414 3
392 2374 480 2407 idem
497 2379 635 2406 testatur
643 2375 834 2406 Priscianus
853 2387 879 2411 1„
893 2386 957 2415 332
