1731 2713
746 103 972 140 RVDENS
1441 105 1517 142 III.
1540 105 1567 141 ii

196 209 311 248 facite
333 210 395 249 hic
416 212 500 260 lege
521 210 649 261 potius
671 210 784 249 liccat
806 224 924 260 quam
947 211 984 249 ui
1008 211 1112 249 uicto
1135 212 1276 251 uiuere.

196 274 336 313 currite
358 276 434 313 huc
455 275 493 312 in
512 274 674 314 Veneris
691 276 836 322 fanum,
857 283 1028 314 uostram
1051 276 1189 315 iterum
1207 277 1374 327 imploro
1392 278 1521 325 fidem,

195 339 262 389 qui
284 352 405 390 prope
426 339 488 377 hic
509 340 653 378 adestis
675 340 822 390 quique
843 340 986 379 auditis
1008 342 1219 380 clamorem
1244 356 1386 390 meum,

196 406 290 443 ferte
310 404 508 455 suppetias
530 405 595 455 qui
620 405 762 444 Veneri
784 405 1055 456 Veneriaeque
1076 406 1271 446 antistitae
1548 428 1585 450 ιο

107 472 172 517 625
196 483 301 508 more
322 470 485 520 antiquo
506 470 544 508 in
566 472 810 509 custodelam
833 484 945 509 suom
968 471 1249 510 commiserunt
1271 481 1398 523 caput,

194 542 466 585 praetorquete
487 535 648 574 iniuriae
669 536 765 585 priu’
786 538 932 575 collum
955 550 1072 586 quam
1095 539 1145 576 ad
1168 551 1238 576 uos
1260 548 1457 588 peruenat.

196 601 269 637 I).x.
303 599 398 650 quid
431 599 530 638 istuc
564 608 622 639 est
657 601 819 650 negoti?
876 603 951 639 Τκ.
985 615 1053 652 per
1086 616 1159 652 ego
1194 604 1291 642 haec
1325 618 1452 654 genua
1486 613 1523 644 te

1183 677 1367 718 optestor‚
1392 684 1520 718 senex,

191 730 367 780 quisquis
400 733 573 769 es—ln.
607 731 700 781 quin
745 739 784 770 tu
827 745 917 782 ergo
959 733 1096 771 omitte
1123 747 1251 783 genua
1279 742 1316 773 et
1347 735 1442 785 quid
1473 736 1521 775 sit

1304 799 1356 837 mi
1379 800 1518 850 expedi

190 861 299 910 quod
321 863 543 899 tumultues.
604 863 678 899 Tu.
713 870 829 912 teque
851 876 919 901 oro
941 870 977 901 et
999 876 1157 913 quaeso,
1181 863 1210 902 si
1234 878 1363 914 speras
1385 865 1455 903 tibi
1543 882 1577 913 15

101 929 170 974 630
190 926 266 963 hoc
286 939 390 964 anno
413 928 578 964 multum
601 927 773 964 futurum
795 926 896 977 sirpe
917 936 954 966 et
976 928 1221 978 laserpicium

188 1003 355 1040 eamque
376 999 605 1029 euenturam
627 1005 839 1041 exagogam
862 993 1041 1042 Capuam
1063 995 1210 1032 saluam
1234 1002 1270 1032 et
1292 995 1491 1045 sospitem,

186 1056 410 1105 atque—ab
432 1055 666 1106 lippitudine
688 1071 812 1106 usque
834 1057 987 1095 siccitas
1009 1065 1049 1095 ut
1071 1058 1118 1096 sit
1140 1059 1276 1105 tibis-

189 1122 262 1158 l).x.
296 1135 421 1159 sanun
451 1124 521 1161 es?
577 1124 652 1160 ΤΚ.
686 1136 754 1160 seu
786 1122 854 1160 tibi
886 1110 1052 1162 considis
1083 1125 1163 1163 fore
1195 1126 1358 1163 multam
1390 1140 1516 1178 magy-

1376 1191 1515 1241 darim,

185 1259 226 1290 ut
247 1259 283 1290 te
305 1265 353 1291 ne
374 1251 503 1303 pigeat
523 1254 616 1291 dare
637 1266 795 1303 operam
820 1253 913 1292 mihi
936 1256 1043 1304 quod
1067 1262 1102 1293 te
1123 1256 1256 1303 orabo,
1280 1269 1407 1295 senex.
1535 1274 1574 1296 20

97 1321 162 1366 635
187 1319 260 1354 DA.
293 1325 331 1356 at
352 1331 425 1368 ego
447 1325 483 1356 te
504 1332 572 1367 per
592 1332 703 1357 crura
723 1326 761 1357 et
782 1321 880 1357 talos
902 1326 1133 1370 tergumque
1154 1328 1328 1371 optestor
1349 1330 1470 1370 tuom,

183 1390 224 1421 ut
246 1383 314 1421 tibi
336 1385 507 1422 ulmeam
530 1385 690 1423 uberem
713 1398 797 1423 esse
818 1398 949 1435 speres
970 1385 1241 1436 uirgidemiam

181 1455 219 1486 et
240 1447 309 1487 tibi
331 1457 560 1488 euenturam
583 1451 658 1488 hoc
678 1464 784 1489 anno
806 1451 967 1489 uberem
990 1465 1157 1490 messem
1180 1452 1281 1490 mali.

181 1521 222 1551 ut
245 1514 296 1552 mi
318 1513 416 1552 istuc
437 1514 544 1553 dicas
566 1515 698 1566 negoti
719 1515 814 1566 quid
836 1516 884 1554 sit
905 1517 1014 1566 quod
1036 1518 1259 1557 tumultues.

179 1581 257 1618 ΤΚ.
279 1579 345 1629 qui
359 1580 467 1618 lubet
485 1581 742 1620 maledicere?
761 1581 946 1631 equidem
961 1581 1031 1620 tibi
1046 1582 1150 1620 bona
1166 1583 1347 1634 exoptaui
1362 1585 1505 1624 omnia.
1530 1603 1544 1625 2
1552 1604 1569 1636 5

91 1648 162 1692 640
182 1646 257 1682 DA.
290 1645 391 1683 bene
412 1645 595 1695 equidem
615 1645 684 1684 tibi
701 1646 802 1692 dico,
823 1646 888 1696 qui
911 1654 948 1685 te
964 1646 1082 1697 digna
1099 1655 1140 1685 ut
1157 1648 1341 1688 eueniant
1357 1663 1504 1700 precor.

178 1710 253 1747 TR.
286 1723 461 1760 opsecro,
495 1711 571 1749 hoc
607 1719 853 1761 praeuortere
888 1725 990 1762 ergo.
1065 1714 1140 1750 nx.
1174 1713 1269 1763 quid
1308 1715 1507 1765 negotist?

1215 1780 1290 1816 TR.
1323 1779 1505 1819 mulieres

175 1840 277 1878 duae
298 1839 528 1879 innocentes
550 1841 653 1880 intus
675 1841 737 1880 hic
759 1850 862 1890 sunt,
885 1842 938 1880 tui
961 1842 1180 1894 indigentes
1202 1844 1328 1892 auxili,

175 1904 317 1954 quibus
338 1906 550 1944 aduorsum
573 1906 631 1945 ius
652 1908 836 1958 legesque
856 1907 1039 1958 insignite
1060 1908 1198 1947 iniuria
1218 1908 1282 1947 hic

174 1970 275 2008 facta
296 1978 354 2009 est
374 1971 495 2021 fitque
516 1971 555 2010 in
576 1973 740 2011 Veneris
761 1974 852 2012 fano
868 1988 877 2021 3
906 1981 989 2011 turn
1011 1974 1193 2013 sacerdos
1214 1975 1384 2014 Veneria
1521 1990 1561 2021 30

88 2035 152 2080 645
174 2033 334 2085 indigne
353 2035 584 2075 adflictatur.
646 2039 721 2075 DA.
754 2038 841 2088 quis
862 2040 984 2077 horno
1005 2047 1062 2078 est
1084 2046 1190 2078 tanta
1211 2041 1452 2080 confidentia

215 2140 279 2178 625
303 2140 488 2171 custodiam
515 2140 581 2173 cod.
612 2142 661 2181 (cf
697 2141 744 2172 ad
766 2141 861 2174 Merc.
890 2143 968 2183 233⁸*
1133 2146 1198 2175 626
1223 2146 1400 2185 perueniat
1431 2147 1496 2180 cod.

173 2183 237 2221 629
261 2183 341 2222 quid
361 2182 426 2214 cod.
449 2188 485 2215 ut
507 2184 569 2216 vid.
702 2187 766 2225 636
789 2187 932 2217 ulmeam
957 2187 1031 2218 Ital.
1051 2200 1057 2219 :
1086 2189 1231 2219 uimearn
1256 2189 1328 2230 (sed
1347 2200 1497 2222 umerum

173 2229 210 2256 ut
230 2226 293 2258 vid.
313 2225 355 2266 T)
381 2226 446 2258 cod.
559 2228 614 2258 ubi
639 2239 708 2259 rem
735 2233 772 2260 ut
792 2230 855 2266 vid.
883 2231 948 2262 cod.
970 2232 1061 2266 (corr.
1076 2231 1166 2272 PCD)
1278 2243 1398 2273 speras
1420 2234 1498 2265 Aci-

172 2268 281 2300 dalius
441 2272 503 2310 637
529 2276 729 2303 cuenturam
754 2274 817 2303 hoc
838 2284 926 2304 anno
948 2274 1007 2315 (B)
1024 2275 1075 2306 vel
1096 2276 1162 2307 hoc
1184 2286 1275 2307 anno
1297 2282 1496 2309 euenturam

166 2312 277 2395 ἑξεῖ)
302 2312 367 2344 cod.
570 2317 635 2355 639
659 2317 775 2356 optaui
804 2316 948 2356 Guietus,
974 2319 1027 2349 cui
1048 2319 1107 2350 tibi
1131 2319 1220 2351 bona
1246 2322 1407 2360 exoptaui
1431 2321 1495 2353 dis—

205 2367 244 2386 tre
