1783 2707
214 141 244 179 1.

265 138 309 175 iii
686 138 730 174 T.
765 137 943 176 MACCI
976 137 1178 174 PLAVTI

265 257 302 288 et
323 256 365 288 ut
384 250 527 288 adfleat
550 261 670 298 quom
692 261 737 287 ea
758 255 958 286 memoret.
1020 249 1109 286 SAT.
1142 246 1259 286 etiam
1282 256 1322 285 tu
1345 249 1479 286 taces?

265 323 321 353 ter
342 322 450 353 tanto
472 314 580 364 peior
600 314 684 364 ipsa
705 321 762 352 est
783 327 900 364 quam
923 313 1028 351 illam
1050 322 1091 351 tu
1113 327 1198 352 esse
1218 313 1287 351 uis.

265 382 338 417 To.
372 379 502 429 lepide
523 380 652 417 hercle
675 378 782 417 dicis.
843 379 912 416 sed
934 378 1016 416 scin
1039 378 1135 428 quid
1156 377 1303 416 facias?
1342 391 1439 428 cape

208 460 245 493 75
267 444 439 483 tunicam
461 452 579 494 atque
601 457 750 490 zonam,
774 450 811 482 ct
832 444 1081 493 chlamydem
1102 444 1254 482 adferto
1276 452 1313 481 et
1334 456 1515 482 causeam
1615 452 1676 490 155

266 523 383 560 quam
415 509 478 548 ille
509 509 651 548 habeat
682 508 747 559 qui
784 510 885 547 hanc
915 508 1047 547 lenoni
1080 508 1171 547 huic
1201 510 1497 547 uendat—SAT.
1530 520 1592 555 eu,

1445 573 1568 623 probe
1586 576 1592 610 ἶ

266 643 339 679 To.
372 639 483 690 quasi
511 639 558 678 sit
586 639 822 690 peregrinus.
884 641 973 677 Suu
1007 639 1136 678 laudo.
1197 640 1232 676 T
1236 650 1271 677 O.
1305 647 1341 677 et
1366 646 1408 677 tu
1435 646 1592 688 gnatam

1486 712 1592 742 tuam

266 778 442 810 ornatam
464 772 618 810 adduce
640 770 769 820 lepide
791 770 830 808 in
852 769 1100 820 peregrinum
1122 770 1297 808 modum.

266 840 355 875 sn.
389 837 503 875 πόθεν
523 836 783 874 ornamenta?
839 837 913 873 To.
947 835 1016 884 aps
1038 835 1209 884 chorago
1231 833 1375 872 sumito
1390 848 1401 883 3

204 912 246 941 80
266 903 358 940 (lare
379 902 497 941 debet
515 917 521 939 :
552 902 778 952 praebenda
797 900 943 939 aediles
965 902 1203 939 locauerunt.
1616 905 1683 940 160

204 1241 242 1281 Q

155 1684 209 1722 II.
231 1684 245 1720 i

266 970 355 1006 SAT.
389 966 465 1006 iam
487 968 575 1005 faxo
596 966 659 1005 hic
680 967 857 1005 aderunt.
917 966 987 1004 sed
1007 979 1079 1015 ego
1101 965 1197 1003 nihil
1219 966 1369 1004 horunc
1390 964 1482 1003 scio.

265 1035 338 1071 To.
372 1032 467 1071 nihil
489 1034 618 1072 hercle
640 1046 744 1071 uero.
803 1045 894 1070 nam
917 1031 982 1070 ubi
1005 1044 1078 1081 ego
1098 1038 1299 1081 argentum
1322 1044 1523 1081 accepero,

264 1098 453 1137 continuo
474 1105 515 1137 tu
536 1098 642 1136 illam
664 1111 686 1136 a
708 1099 851 1136 lenone
872 1096 1043 1136 adserito
1065 1110 1196 1135 manu.

263 1167 353 1202 SAT.
386 1163 459 1202 sibi
481 1164 638 1211 habeat,
659 1162 690 1201 si
712 1176 792 1202 non
815 1163 1012 1212 extemplo
1033 1162 1084 1200 ab
1105 1175 1152 1200 eo
1172 1162 1440 1201 abduxera—

263 1231 336 1268 To.
369 1229 433 1268 abi
454 1236 492 1268 et
513 1229 613 1268 istuc
634 1243 737 1268 cura.
798 1227 953 1268 interibi
976 1241 1048 1277 ego
1069 1240 1234 1278 puerum
1255 1228 1348 1266 uolo
1620 1232 1681 1275 165

265 1294 417 1334 mittere
436 1296 486 1333 ad
508 1295 675 1333 amicam
698 1308 838 1340 meam,
863 1302 905 1332 ut
926 1293 1070 1331 habeat
1091 1292 1267 1331 animum
1288 1293 1449 1337 bonum,

265 1362 356 1400 med
377 1374 461 1399 esse
483 1362 722 1399 ecfecturum
744 1359 873 1399 hodie.
938 1358 1042 1396 nimi’
1066 1359 1227 1408 longum
1249 1359 1455 1407 loquor.—

760 1567 994 1615 ACTVS
1048 1567 1096 1613 II

427 1683 889 1719 SOPHOCLIDISCA
1003 1680 1439 1716 LEMNISELENIS

266 1782 330 1819 So.
364 1779 454 1819 Sati'
475 1779 546 1818 fuit
568 1779 761 1825 indoctae,
787 1778 1005 1826 inmemori,
1030 1778 1229 1828 insipienti
1251 1777 1380 1816 dicere
1401 1777 1555 1816 totiens.

266 1844 372 1883 nimi'
390 1846 551 1884 tandem
573 1858 635 1883 me
652 1843 814 1894 quidem
836 1857 906 1894 pro
928 1844 1050 1883 barda
1070 1851 1108 1882 et
1129 1857 1199 1894 pro
1220 1842 1363 1881 rustica
1383 1855 1468 1881 reor
1488 1841 1595 1880 habi-

1249 1916 1328 1946 tam
1350 1921 1434 1946 esse
1454 1921 1523 1958 aps
1544 1914 1591 1945 te.

267 1989 508 2026 quamquam
530 1988 602 2026 ego
619 1974 755 2014 uinum
778 1974 884 2022 bibo,
902 1982 940 2013 at
963 1974 1148 2013 mandata
1169 1987 1249 2012 non
1272 1972 1459 2012 consueui
1481 1972 1596 2011 simul
1621 1982 1687 2017 170

1351 2038 1485 2077 bibere
1507 2051 1595 2076 una.

268 2121 332 2146 1116
353 2106 512 2157 quidem
535 2105 612 2144 iam
635 2106 716 2144 sati'
738 2105 807 2144 tibi
837 2113 1051 2156 spectatam
1081 2105 1292 2144 censebam
1318 2117 1402 2142 esse
1424 2111 1461 2142 et
1489 2117 1597 2142 meos

1457 2181 1594 2205 mores.

317 2285 373 2315 154
390 2276 446 2316 qui
464 2275 531 2307 cod.
601 2286 659 2315 157
685 2281 818 2315 gnatam
837 2280 926 2306 tuam
940 2273 1151 2306 Camerarius
1167 2285 1172 2303 :
1198 2278 1288 2303 tuam
1305 2276 1438 2311 gnatam
1453 2270 1596 2312 [tamen]

269 2319 335 2350 cod.
490 2321 549 2359 165
573 2329 652 2351 cura
677 2319 812 2351 interibi
836 2329 900 2358 ego
922 2318 1113 2349 Acidult'us:
1150 2327 1264 2348 curam
1287 2326 1339 2347 me
1364 2315 1422 2346 tibi
1445 2325 1508 2355 ego
1530 2313 1598 2345 cod.

274 2365 333 2402 167
351 2373 403 2394 mc
417 2364 476 2398 (ila
487 2363 571 2403 cod.)
587 2374 614 2394 6.
631 2374 658 2395 6.
671 2362 778 2405 (hoc)
789 2363 890 2393 hodie
906 2361 1039 2393 Gm'eiccs
1124 2361 1184 2391 168
1198 2359 1353 2391 accedz'lA
1424 2359 1558 2389 indotae
1572 2357 1602 2387 Ρ

274 2417 330 2446 171
358 2407 432 2448 tibi]
453 2408 483 2438 bi
501 2407 534 2437 P
629 2417 825 2438 censueram
845 2406 875 2437 P
