<?xml version="1.0" encoding="UTF-8"?>
<!DOCTYPE html PUBLIC "-//W3C//DTD XHTML 1.0 Transitional//EN"
    "http://www.w3.org/TR/xhtml1/DTD/xhtml1-transitional.dtd">
<html xmlns="http://www.w3.org/1999/xhtml" xml:lang="en" lang="en">
 <head>
  <title>
</title>
<meta http-equiv="Content-Type" content="text/html;charset=utf-8" />
  <meta name='ocr-system' content='tesseract 3.04.00' />
  <meta name='ocr-capabilities' content='ocr_page ocr_carea ocr_par ocr_line ocrx_word'/>
</head>
<body>
  <div class='ocr_page' id='page_1' title='image "./tmacciplauticomo02plauuoft_0252.png"; bbox 0 0 1783 2707; ppageno 0'>
   <div class='ocr_carea' id='block_1_1' title="bbox 185 121 1169 161">
    <p class='ocr_par' dir='ltr' id='par_1_1' title="bbox 185 121 1169 161">
     <span class='ocr_line' id='line_1_1' title="bbox 185 121 1169 161; baseline -0.002 -2"><span class='ocrx_word' id='word_1_1' title='bbox 185 123 233 161; x_wconf 94' lang='lat' dir='ltr'><strong>V.</strong></span> <span class='ocrx_word' id='word_1_2' title='bbox 253 122 284 160; x_wconf 93' lang='lat' dir='ltr'><strong>ii</strong></span> <span class='ocrx_word' id='word_1_3' title='bbox 672 123 718 159; x_wconf 91' lang='lat' dir='ltr'><strong>T.</strong></span> <span class='ocrx_word' id='word_1_4' title='bbox 754 121 934 161; x_wconf 87' lang='lat' dir='ltr'><strong>MACCI</strong></span> <span class='ocrx_word' id='word_1_5' title='bbox 966 121 1169 159; x_wconf 85' lang='lat' dir='ltr'><strong>PLAVTI</strong></span> 
     </span>
    </p>
   </div>
   <div class='ocr_carea' id='block_1_2' title="bbox 192 225 1699 1916">
    <p class='ocr_par' dir='ltr' id='par_1_2' title="bbox 192 225 1699 1916">
     <span class='ocr_line' id='line_1_2' title="bbox 257 225 1520 284; baseline -0.006 -12"><span class='ocrx_word' id='word_1_6' title='bbox 257 235 338 272; x_wconf 74' lang='lat' dir='ltr'><strong>HA.</strong></span> <span class='ocrx_word' id='word_1_7' title='bbox 369 232 884 284; x_wconf 87' lang='lat' dir='ltr'><strong>muphonnimsycorathim.</strong></span> <span class='ocrx_word' id='word_1_8' title='bbox 946 233 1019 269; x_wconf 89' lang='lat' dir='ltr'><strong>M1.</strong></span> <span class='ocrx_word' id='word_1_9' title='bbox 1052 232 1166 268; x_wconf 84' lang='lat' dir='ltr'><strong>hem!</strong></span> <span class='ocrx_word' id='word_1_10' title='bbox 1197 242 1293 267; x_wconf 83' lang='lat' dir='ltr'><strong>caue</strong></span> <span class='ocrx_word' id='word_1_11' title='bbox 1313 227 1364 266; x_wconf 90' lang='lat' dir='ltr'><strong>sis</strong></span> <span class='ocrx_word' id='word_1_12' title='bbox 1385 225 1520 266; x_wconf 83' lang='lat' dir='ltr'><strong>feceris</strong></span> 
     </span>
     <span class='ocr_line' id='line_1_3' title="bbox 253 292 1468 348; baseline -0.006 -11"><span class='ocrx_word' id='word_1_13' title='bbox 253 300 361 348; x_wconf 90' lang='lat' dir='ltr'><strong>quod</strong></span> <span class='ocrx_word' id='word_1_14' title='bbox 383 298 446 337; x_wconf 85' lang='lat' dir='ltr'><strong>hic</strong></span> <span class='ocrx_word' id='word_1_15' title='bbox 467 306 504 337; x_wconf 91' lang='lat' dir='ltr'><strong>te</strong></span> <span class='ocrx_word' id='word_1_16' title='bbox 526 299 618 336; x_wconf 82' lang='lat' dir='ltr'><strong>orat.</strong></span> <span class='ocrx_word' id='word_1_17' title='bbox 679 300 755 336; x_wconf 82' lang='lat' dir='ltr'><strong>Ao.</strong></span> <span class='ocrx_word' id='word_1_18' title='bbox 787 297 882 347; x_wconf 88' lang='lat' dir='ltr'><strong>quid</strong></span> <span class='ocrx_word' id='word_1_19' title='bbox 903 296 955 335; x_wconf 88' lang='lat' dir='ltr'><strong>ait</strong></span> <span class='ocrx_word' id='word_1_20' title='bbox 975 304 1041 334; x_wconf 89' lang='lat' dir='ltr'><strong>aut</strong></span> <span class='ocrx_word' id='word_1_21' title='bbox 1063 295 1159 345; x_wconf 90' lang='lat' dir='ltr'><strong>quid</strong></span> <span class='ocrx_word' id='word_1_22' title='bbox 1179 296 1290 333; x_wconf 90' lang='lat' dir='ltr'><strong>orat?</strong></span> <span class='ocrx_word' id='word_1_23' title='bbox 1319 292 1468 343; x_wconf 90' lang='lat' dir='ltr'><strong>expedi.</strong></span> 
     </span>
     <span class='ocr_line' id='line_1_4' title="bbox 192 360 1687 411; baseline -0.005 -10"><span class='ocrx_word' id='word_1_24' title='bbox 192 362 232 405; x_wconf 87' lang='grc'><strong>65</strong></span> <span class='ocrx_word' id='word_1_25' title='bbox 255 365 326 401; x_wconf 86' lang='lat' dir='ltr'><strong>M1.</strong></span> <span class='ocrx_word' id='word_1_26' title='bbox 360 364 433 401; x_wconf 87' lang='lat' dir='ltr'><strong>sub</strong></span> <span class='ocrx_word' id='word_1_27' title='bbox 455 362 589 401; x_wconf 88' lang='lat' dir='ltr'><strong>cratim</strong></span> <span class='ocrx_word' id='word_1_28' title='bbox 612 370 653 400; x_wconf 92' lang='lat' dir='ltr'><strong>ut</strong></span> <span class='ocrx_word' id='word_1_29' title='bbox 674 362 809 400; x_wconf 87' lang='lat' dir='ltr'><strong>iubeas</strong></span> <span class='ocrx_word' id='word_1_30' title='bbox 831 375 871 399; x_wconf 91' lang='lat' dir='ltr'><strong>se</strong></span> <span class='ocrx_word' id='word_1_31' title='bbox 893 360 1061 411; x_wconf 88' lang='lat' dir='ltr'><strong>supponi</strong></span> <span class='ocrx_word' id='word_1_32' title='bbox 1082 360 1199 409; x_wconf 77' lang='lat' dir='ltr'><strong>atque</strong></span> <span class='ocrx_word' id='word_1_33' title='bbox 1219 372 1266 397; x_wconf 94' lang='lat' dir='ltr'><strong>eo</strong></span> <span class='ocrx_word' id='word_1_34' title='bbox 1602 366 1687 405; x_wconf 82' lang='lat'>1025</span> 
     </span>
     <span class='ocr_line' id='line_1_5' title="bbox 253 427 1070 478; baseline -0.004 -12"><span class='ocrx_word' id='word_1_35' title='bbox 253 428 402 478; x_wconf 85' lang='lat' dir='ltr'><strong>lapides</strong></span> <span class='ocrx_word' id='word_1_36' title='bbox 423 427 573 477; x_wconf 87' lang='lat' dir='ltr'><strong>imponi</strong></span> <span class='ocrx_word' id='word_1_37' title='bbox 595 429 754 474; x_wconf 80' lang='lat' dir='ltr'><strong>multos,</strong></span> <span class='ocrx_word' id='word_1_38' title='bbox 775 434 817 464; x_wconf 91' lang='lat' dir='ltr'><strong>ut</strong></span> <span class='ocrx_word' id='word_1_39' title='bbox 838 440 923 465; x_wconf 91' lang='lat' dir='ltr'><strong>sese</strong></span> <span class='ocrx_word' id='word_1_40' title='bbox 944 439 1070 464; x_wconf 82' lang='lat' dir='ltr'><strong>neces.</strong></span> 
     </span>
     <span class='ocr_line' id='line_1_6' title="bbox 255 489 1398 542; baseline -0.005 -11"><span class='ocrx_word' id='word_1_41' title='bbox 255 495 335 531; x_wconf 86' lang='lat' dir='ltr'><strong>HA.</strong></span> <span class='ocrx_word' id='word_1_42' title='bbox 367 491 880 542; x_wconf 81' lang='lat' dir='ltr'><strong>gunebelbalsameniyrasa.</strong></span> <span class='ocrx_word' id='word_1_43' title='bbox 941 493 1015 529; x_wconf 75' lang='lat' dir='ltr'><strong>AG.</strong></span> <span class='ocrx_word' id='word_1_44' title='bbox 1048 503 1170 537; x_wconf 84' lang='lat' dir='ltr'><strong>narra,</strong></span> <span class='ocrx_word' id='word_1_45' title='bbox 1194 489 1289 539; x_wconf 91' lang='lat' dir='ltr'><strong>quid</strong></span> <span class='ocrx_word' id='word_1_46' title='bbox 1312 489 1398 526; x_wconf 85' lang='lat' dir='ltr'><strong>est?</strong></span> 
     </span>
     <span class='ocr_line' id='line_1_7' title="bbox 255 551 1505 608; baseline -0.006 -12"><span class='ocrx_word' id='word_1_47' title='bbox 255 558 349 608; x_wconf 90' lang='lat' dir='ltr'><strong>quid</strong></span> <span class='ocrx_word' id='word_1_48' title='bbox 370 558 452 596; x_wconf 88' lang='lat' dir='ltr'><strong>ait?</strong></span> <span class='ocrx_word' id='word_1_49' title='bbox 510 560 583 595; x_wconf 90' lang='lat' dir='ltr'><strong>M1.</strong></span> <span class='ocrx_word' id='word_1_50' title='bbox 615 571 696 595; x_wconf 90' lang='lat' dir='ltr'><strong>non</strong></span> <span class='ocrx_word' id='word_1_51' title='bbox 717 558 848 595; x_wconf 89' lang='lat' dir='ltr'><strong>hercle</strong></span> <span class='ocrx_word' id='word_1_52' title='bbox 869 570 975 594; x_wconf 89' lang='lat' dir='ltr'><strong>nunc</strong></span> <span class='ocrx_word' id='word_1_53' title='bbox 997 555 1157 605; x_wconf 90' lang='lat' dir='ltr'><strong>quidem</strong></span> <span class='ocrx_word' id='word_1_54' title='bbox 1181 554 1392 604; x_wconf 87' lang='lat' dir='ltr'><strong>quicquam</strong></span> <span class='ocrx_word' id='word_1_55' title='bbox 1414 551 1505 590; x_wconf 86' lang='lat' dir='ltr'><strong>seio.</strong></span> 
     </span>
     <span class='ocr_line' id='line_1_8' title="bbox 257 620 1300 669; baseline -0.004 -8"><span class='ocrx_word' id='word_1_56' title='bbox 257 625 336 660; x_wconf 83' lang='lat' dir='ltr'><strong>HA.</strong></span> <span class='ocrx_word' id='word_1_57' title='bbox 368 631 406 661; x_wconf 92' lang='lat' dir='ltr'><strong>at</strong></span> <span class='ocrx_word' id='word_1_58' title='bbox 428 630 469 661; x_wconf 89' lang='lat' dir='ltr'><strong>ut</strong></span> <span class='ocrx_word' id='word_1_59' title='bbox 490 623 599 669; x_wconf 87' lang='lat' dir='ltr'><strong>scias,</strong></span> <span class='ocrx_word' id='word_1_60' title='bbox 623 636 729 661; x_wconf 84' lang='lat' dir='ltr'><strong>nune</strong></span> <span class='ocrx_word' id='word_1_61' title='bbox 751 622 896 661; x_wconf 83' lang='lat' dir='ltr'><strong>dehinc</strong></span> <span class='ocrx_word' id='word_1_62' title='bbox 917 621 1035 659; x_wconf 90' lang='lat' dir='ltr'><strong>latine</strong></span> <span class='ocrx_word' id='word_1_63' title='bbox 1057 620 1134 659; x_wconf 86' lang='lat' dir='ltr'><strong>iam</strong></span> <span class='ocrx_word' id='word_1_64' title='bbox 1154 622 1300 669; x_wconf 89' lang='lat' dir='ltr'><strong>loquar.</strong></span> 
     </span>
     <span class='ocr_line' id='line_1_9' title="bbox 196 686 1694 738; baseline -0.007 -11"><span class='ocrx_word' id='word_1_65' title='bbox 196 697 236 733; x_wconf 81' lang='lat'><strong>70</strong></span> <span class='ocrx_word' id='word_1_66' title='bbox 254 703 409 727; x_wconf 87' lang='lat' dir='ltr'><strong>seruom</strong></span> <span class='ocrx_word' id='word_1_67' title='bbox 431 690 561 727; x_wconf 88' lang='lat' dir='ltr'><strong>hercle</strong></span> <span class='ocrx_word' id='word_1_68' title='bbox 583 696 620 727; x_wconf 90' lang='lat' dir='ltr'><strong>te</strong></span> <span class='ocrx_word' id='word_1_69' title='bbox 641 702 725 727; x_wconf 90' lang='lat' dir='ltr'><strong>esse</strong></span> <span class='ocrx_word' id='word_1_70' title='bbox 746 696 900 738; x_wconf 80' lang='lat' dir='ltr'>oportet</span> <span class='ocrx_word' id='word_1_71' title='bbox 921 695 959 726; x_wconf 91' lang='lat' dir='ltr'><strong>et</strong></span> <span class='ocrx_word' id='word_1_72' title='bbox 980 700 1150 736; x_wconf 86' lang='lat' dir='ltr'><strong>nequam</strong></span> <span class='ocrx_word' id='word_1_73' title='bbox 1172 693 1210 724; x_wconf 90' lang='lat' dir='ltr'><strong>et</strong></span> <span class='ocrx_word' id='word_1_74' title='bbox 1230 686 1388 730; x_wconf 79' lang='lat' dir='ltr'><strong>malum,</strong></span> <span class='ocrx_word' id='word_1_75' title='bbox 1605 692 1694 727; x_wconf 88' lang='lat'>1030</span> 
     </span>
     <span class='ocr_line' id='line_1_10' title="bbox 255 749 1372 803; baseline -0.004 -12"><span class='ocrx_word' id='word_1_76' title='bbox 255 753 457 792; x_wconf 90' lang='lat' dir='ltr'><strong>hominem</strong></span> <span class='ocrx_word' id='word_1_77' title='bbox 478 753 726 803; x_wconf 81' lang='lat' dir='ltr'><strong>peregrinum</strong></span> <span class='ocrx_word' id='word_1_78' title='bbox 747 760 865 803; x_wconf 91' lang='lat' dir='ltr'><strong>atque</strong></span> <span class='ocrx_word' id='word_1_79' title='bbox 885 754 1083 791; x_wconf 90' lang='lat' dir='ltr'><strong>aduenam</strong></span> <span class='ocrx_word' id='word_1_80' title='bbox 1106 750 1172 800; x_wconf 92' lang='lat' dir='ltr'><strong>qui</strong></span> <span class='ocrx_word' id='word_1_81' title='bbox 1192 749 1372 787; x_wconf 79' lang='lat' dir='ltr'><strong>inrideas.</strong></span> 
     </span>
     <span class='ocr_line' id='line_1_11' title="bbox 255 815 1499 868; baseline -0.005 -11"><span class='ocrx_word' id='word_1_82' title='bbox 255 821 327 857; x_wconf 91' lang='lat' dir='ltr'><strong>M1.</strong></span> <span class='ocrx_word' id='word_1_83' title='bbox 360 827 399 857; x_wconf 88' lang='lat' dir='ltr'><strong>at</strong></span> <span class='ocrx_word' id='word_1_84' title='bbox 419 820 549 857; x_wconf 89' lang='lat' dir='ltr'><strong>hercle</strong></span> <span class='ocrx_word' id='word_1_85' title='bbox 570 826 607 857; x_wconf 94' lang='lat' dir='ltr'><strong>te</strong></span> <span class='ocrx_word' id='word_1_86' title='bbox 628 818 831 857; x_wconf 90' lang='lat' dir='ltr'><strong>hominem</strong></span> <span class='ocrx_word' id='word_1_87' title='bbox 854 826 891 857; x_wconf 90' lang='lat' dir='ltr'><strong>et</strong></span> <span class='ocrx_word' id='word_1_88' title='bbox 912 819 1195 868; x_wconf 79' lang='lat' dir='ltr'>sycophantam</span> <span class='ocrx_word' id='word_1_89' title='bbox 1217 823 1255 854; x_wconf 92' lang='lat' dir='ltr'><strong>et</strong></span> <span class='ocrx_word' id='word_1_90' title='bbox 1275 815 1499 861; x_wconf 86' lang='lat' dir='ltr'><strong>subdolum,</strong></span> 
     </span>
     <span class='ocr_line' id='line_1_12' title="bbox 255 881 1169 935; baseline -0.003 -12"><span class='ocrx_word' id='word_1_91' title='bbox 255 884 321 935; x_wconf 92' lang='lat' dir='ltr'><strong>qui</strong></span> <span class='ocrx_word' id='word_1_92' title='bbox 343 886 420 923; x_wconf 92' lang='lat' dir='ltr'><strong>huc</strong></span> <span class='ocrx_word' id='word_1_93' title='bbox 440 884 635 923; x_wconf 89' lang='lat' dir='ltr'><strong>aduenisti</strong></span> <span class='ocrx_word' id='word_1_94' title='bbox 657 898 728 923; x_wconf 92' lang='lat' dir='ltr'><strong>nos</strong></span> <span class='ocrx_word' id='word_1_95' title='bbox 750 891 960 935; x_wconf 84' lang='lat' dir='ltr'><strong>captatum,</strong></span> <span class='ocrx_word' id='word_1_96' title='bbox 984 881 1169 933; x_wconf 83' lang='lat' dir='ltr'><strong>migdilix,</strong></span> 
     </span>
     <span class='ocr_line' id='line_1_13' title="bbox 257 948 1087 1000; baseline -0.002 -12"><span class='ocrx_word' id='word_1_97' title='bbox 257 949 395 988; x_wconf 85' lang='lat' dir='ltr'>bisulci</span> <span class='ocrx_word' id='word_1_98' title='bbox 417 950 549 1000; x_wconf 84' lang='lat' dir='ltr'><strong>lingua</strong></span> <span class='ocrx_word' id='word_1_99' title='bbox 569 949 680 1000; x_wconf 91' lang='lat' dir='ltr'><strong>quasi</strong></span> <span class='ocrx_word' id='word_1_100' title='bbox 701 963 932 1000; x_wconf 79' lang='lat' dir='ltr'><strong>proserpens</strong></span> <span class='ocrx_word' id='word_1_101' title='bbox 954 948 1087 987; x_wconf 84' lang='lat' dir='ltr'><strong>bestia.</strong></span> 
     </span>
     <span class='ocr_line' id='line_1_14' title="bbox 198 1013 1692 1065; baseline -0.005 -10"><span class='ocrx_word' id='word_1_102' title='bbox 198 1030 236 1065; x_wconf 84' lang='lat'><strong>75</strong></span> <span class='ocrx_word' id='word_1_103' title='bbox 258 1019 332 1055; x_wconf 83' lang='lat' dir='ltr'><strong>AG.</strong></span> <span class='ocrx_word' id='word_1_104' title='bbox 365 1016 575 1055; x_wconf 88' lang='lat' dir='ltr'><strong>maledicta</strong></span> <span class='ocrx_word' id='word_1_105' title='bbox 594 1016 685 1054; x_wconf 87' lang='lat' dir='ltr'><strong>hinc</strong></span> <span class='ocrx_word' id='word_1_106' title='bbox 706 1017 824 1063; x_wconf 84' lang='lat' dir='ltr'><strong>aufer,</strong></span> <span class='ocrx_word' id='word_1_107' title='bbox 847 1015 1019 1065; x_wconf 82' lang='lat' dir='ltr'>linguam</span> <span class='ocrx_word' id='word_1_108' title='bbox 1040 1026 1269 1064; x_wconf 85' lang='lat' dir='ltr'><strong>compescas</strong></span> <span class='ocrx_word' id='word_1_109' title='bbox 1288 1013 1383 1051; x_wconf 80' lang='lat' dir='ltr'><strong>face.</strong></span> <span class='ocrx_word' id='word_1_110' title='bbox 1606 1022 1692 1059; x_wconf 81' lang='lat'>1035</span> 
     </span>
     <span class='ocr_line' id='line_1_15' title="bbox 258 1080 1060 1132; baseline -0.002 -11"><span class='ocrx_word' id='word_1_111' title='bbox 258 1082 491 1121; x_wconf 85' lang='lat' dir='ltr'><strong>maledicere</strong></span> <span class='ocrx_word' id='word_1_112' title='bbox 511 1083 603 1120; x_wconf 78' lang='lat' dir='ltr'><strong>huic</strong></span> <span class='ocrx_word' id='word_1_113' title='bbox 625 1081 871 1132; x_wconf 84' lang='lat' dir='ltr'><strong>temperabis,</strong></span> <span class='ocrx_word' id='word_1_114' title='bbox 894 1081 924 1119; x_wconf 88' lang='lat' dir='ltr'><strong>si</strong></span> <span class='ocrx_word' id='word_1_115' title='bbox 945 1080 1060 1131; x_wconf 84' lang='lat' dir='ltr'><strong>sapis.</strong></span> 
     </span>
     <span class='ocr_line' id='line_1_16' title="bbox 258 1144 1151 1197; baseline -0.002 -12"><span class='ocrx_word' id='word_1_116' title='bbox 258 1147 354 1186; x_wconf 89' lang='lat' dir='ltr'><strong>meis</strong></span> <span class='ocrx_word' id='word_1_117' title='bbox 375 1146 677 1197; x_wconf 81' lang='lat' dir='ltr'><strong>consanguineis</strong></span> <span class='ocrx_word' id='word_1_118' title='bbox 698 1149 791 1185; x_wconf 94' lang='lat' dir='ltr'><strong>nolo</strong></span> <span class='ocrx_word' id='word_1_119' title='bbox 813 1154 850 1185; x_wconf 87' lang='lat' dir='ltr'><strong>te</strong></span> <span class='ocrx_word' id='word_1_120' title='bbox 871 1146 1013 1184; x_wconf 91' lang='lat' dir='ltr'><strong>iniuste</strong></span> <span class='ocrx_word' id='word_1_121' title='bbox 1033 1144 1151 1196; x_wconf 91' lang='lat' dir='ltr'><strong>loqui.</strong></span> 
     </span>
     <span class='ocr_line' id='line_1_17' title="bbox 259 1211 1220 1262; baseline -0.002 -11"><span class='ocrx_word' id='word_1_122' title='bbox 259 1212 486 1262; x_wconf 80' lang='lat' dir='ltr'>Carthagini</span> <span class='ocrx_word' id='word_1_123' title='bbox 508 1226 580 1262; x_wconf 85' lang='lat' dir='ltr'><strong>ego</strong></span> <span class='ocrx_word' id='word_1_124' title='bbox 602 1226 687 1250; x_wconf 91' lang='lat' dir='ltr'><strong>sum</strong></span> <span class='ocrx_word' id='word_1_125' title='bbox 708 1220 858 1262; x_wconf 84' lang='lat' dir='ltr'><strong>gnatus,</strong></span> <span class='ocrx_word' id='word_1_126' title='bbox 883 1220 924 1250; x_wconf 92' lang='lat' dir='ltr'><strong>ut</strong></span> <span class='ocrx_word' id='word_1_127' title='bbox 945 1220 986 1250; x_wconf 93' lang='lat' dir='ltr'><strong>tu</strong></span> <span class='ocrx_word' id='word_1_128' title='bbox 1008 1211 1059 1250; x_wconf 89' lang='lat' dir='ltr'><strong>sis</strong></span> <span class='ocrx_word' id='word_1_129' title='bbox 1080 1211 1220 1249; x_wconf 85' lang='lat' dir='ltr'><strong>sciens.</strong></span> 
     </span>
     <span class='ocr_line' id='line_1_18' title="bbox 260 1273 1567 1328; baseline -0.002 -13"><span class='ocrx_word' id='word_1_130' title='bbox 260 1280 342 1316; x_wconf 82' lang='lat' dir='ltr'><strong>HA.</strong></span> <span class='ocrx_word' id='word_1_131' title='bbox 374 1291 398 1316; x_wconf 95' lang='lat' dir='ltr'><strong>o</strong></span> <span class='ocrx_word' id='word_1_132' title='bbox 419 1277 472 1315; x_wconf 90' lang='lat' dir='ltr'><strong>mi</strong></span> <span class='ocrx_word' id='word_1_133' title='bbox 493 1277 704 1328; x_wconf 88' lang='lat' dir='ltr'><strong>popularis,</strong></span> <span class='ocrx_word' id='word_1_134' title='bbox 725 1279 832 1315; x_wconf 87' lang='lat' dir='ltr'><strong>salue</strong></span> <span class='ocrx_word' id='word_1_135' title='bbox 852 1280 857 1315; x_wconf 90' lang='lat'>!</span> <span class='ocrx_word' id='word_1_136' title='bbox 915 1279 990 1315; x_wconf 87' lang='lat' dir='ltr'><strong>AG.</strong></span> <span class='ocrx_word' id='word_1_137' title='bbox 1022 1284 1059 1315; x_wconf 91' lang='lat' dir='ltr'><strong>et</strong></span> <span class='ocrx_word' id='word_1_138' title='bbox 1080 1284 1121 1314; x_wconf 91' lang='lat' dir='ltr'><strong>tu</strong></span> <span class='ocrx_word' id='word_1_139' title='bbox 1143 1276 1296 1326; x_wconf 84' lang='lat' dir='ltr'><strong>edepol,</strong></span> <span class='ocrx_word' id='word_1_140' title='bbox 1319 1273 1496 1325; x_wconf 89' lang='lat' dir='ltr'><strong>quisquis</strong></span> <span class='ocrx_word' id='word_1_141' title='bbox 1517 1287 1567 1312; x_wconf 92' lang='lat' dir='ltr'><strong>es.</strong></span> 
     </span>
     <span class='ocr_line' id='line_1_19' title="bbox 199 1341 1699 1394; baseline -0.002 -13"><span class='ocrx_word' id='word_1_142' title='bbox 199 1349 239 1380; x_wconf 89' lang='lat'><strong>80</strong></span> <span class='ocrx_word' id='word_1_143' title='bbox 259 1351 297 1382; x_wconf 86' lang='lat' dir='ltr'><strong>et</strong></span> <span class='ocrx_word' id='word_1_144' title='bbox 318 1344 349 1382; x_wconf 90' lang='lat' dir='ltr'><strong>si</strong></span> <span class='ocrx_word' id='word_1_145' title='bbox 370 1344 465 1394; x_wconf 90' lang='lat' dir='ltr'><strong>quid</strong></span> <span class='ocrx_word' id='word_1_146' title='bbox 486 1357 585 1394; x_wconf 91' lang='lat' dir='ltr'><strong>opus</strong></span> <span class='ocrx_word' id='word_1_147' title='bbox 607 1351 675 1390; x_wconf 89' lang='lat' dir='ltr'><strong>est,</strong></span> <span class='ocrx_word' id='word_1_148' title='bbox 698 1357 855 1393; x_wconf 85' lang='lat' dir='ltr'><strong>quaeso,</strong></span> <span class='ocrx_word' id='word_1_149' title='bbox 879 1343 942 1381; x_wconf 83' lang='lat' dir='ltr'><strong>dic</strong></span> <span class='ocrx_word' id='word_1_150' title='bbox 962 1350 1080 1392; x_wconf 92' lang='lat' dir='ltr'><strong>atque</strong></span> <span class='ocrx_word' id='word_1_151' title='bbox 1101 1341 1250 1391; x_wconf 87' lang='lat' dir='ltr'><strong>impera</strong></span> <span class='ocrx_word' id='word_1_152' title='bbox 1609 1346 1699 1379; x_wconf 87' lang='lat'>1040</span> 
     </span>
     <span class='ocr_line' id='line_1_20' title="bbox 259 1407 1193 1460; baseline -0.003 -12"><span class='ocrx_word' id='word_1_153' title='bbox 259 1409 529 1460; x_wconf 84' lang='lat' dir='ltr'><strong>popularitatis</strong></span> <span class='ocrx_word' id='word_1_154' title='bbox 550 1422 697 1447; x_wconf 86' lang='lat' dir='ltr'><strong>caussa.</strong></span> <span class='ocrx_word' id='word_1_155' title='bbox 758 1411 838 1447; x_wconf 83' lang='lat' dir='ltr'><strong>HA.</strong></span> <span class='ocrx_word' id='word_1_156' title='bbox 871 1409 1000 1447; x_wconf 76' lang='lat' dir='ltr'><strong>habeo</strong></span> <span class='ocrx_word' id='word_1_157' title='bbox 1020 1407 1193 1458; x_wconf 82' lang='lat' dir='ltr'><strong>gratiam.</strong></span> 
     </span>
     <span class='ocr_line' id='line_1_21' title="bbox 260 1471 1415 1527; baseline -0.004 -14"><span class='ocrx_word' id='word_1_158' title='bbox 260 1473 413 1527; x_wconf 87' lang='lat' dir='ltr'><strong>[uerum</strong></span> <span class='ocrx_word' id='word_1_159' title='bbox 435 1487 508 1524; x_wconf 83' lang='lat' dir='ltr'><strong>ego</strong></span> <span class='ocrx_word' id='word_1_160' title='bbox 529 1474 593 1512; x_wconf 81' lang='lat' dir='ltr'><strong>hic</strong></span> <span class='ocrx_word' id='word_1_161' title='bbox 614 1473 828 1524; x_wconf 88' lang='lat' dir='ltr'><strong>hospitium</strong></span> <span class='ocrx_word' id='word_1_162' title='bbox 849 1474 1002 1512; x_wconf 77' lang='lat' dir='ltr'><strong>habeo:</strong></span> <span class='ocrx_word' id='word_1_163' title='bbox 1033 1473 1271 1511; x_wconf 87' lang='lat' dir='ltr'><strong>Antidamae</strong></span> <span class='ocrx_word' id='word_1_164' title='bbox 1292 1471 1415 1509; x_wconf 88' lang='lat' dir='ltr'><strong>filium</strong></span> 
     </span>
     <span class='ocr_line' id='line_1_22' title="bbox 260 1536 1266 1590; baseline -0.002 -12"><span class='ocrx_word' id='word_1_165' title='bbox 260 1554 405 1590; x_wconf 86' lang='lat' dir='ltr'><strong>quaero</strong></span> <span class='ocrx_word' id='word_1_166' title='bbox 428 1540 683 1590; x_wconf 86' lang='lat' dir='ltr'><strong>(commostra</strong></span> <span class='ocrx_word' id='word_1_167' title='bbox 704 1539 735 1578; x_wconf 89' lang='lat' dir='ltr'><strong>si</strong></span> <span class='ocrx_word' id='word_1_168' title='bbox 755 1538 916 1589; x_wconf 87' lang='lat' dir='ltr'><strong>nouisti)</strong></span> <span class='ocrx_word' id='word_1_169' title='bbox 939 1536 1266 1590; x_wconf 75' lang='lat' dir='ltr'><strong>Agorastoclem]</strong></span> 
     </span>
     <span class='ocr_line' id='line_1_23' title="bbox 262 1603 1495 1655; baseline -0.002 -12"><span class='ocrx_word' id='word_1_170' title='bbox 262 1606 331 1644; x_wconf 91' lang='lat' dir='ltr'><strong>sed</strong></span> <span class='ocrx_word' id='word_1_171' title='bbox 353 1619 519 1655; x_wconf 83' lang='lat' dir='ltr'><strong>ecquem</strong></span> <span class='ocrx_word' id='word_1_172' title='bbox 541 1605 834 1643; x_wconf 70' lang='lat' dir='ltr'><strong>adulescentem</strong></span> <span class='ocrx_word' id='word_1_173' title='bbox 856 1612 897 1643; x_wconf 89' lang='lat' dir='ltr'><strong>tu</strong></span> <span class='ocrx_word' id='word_1_174' title='bbox 918 1604 982 1642; x_wconf 87' lang='lat' dir='ltr'><strong>hic</strong></span> <span class='ocrx_word' id='word_1_175' title='bbox 1002 1604 1147 1642; x_wconf 88' lang='lat' dir='ltr'><strong>nouisti</strong></span> <span class='ocrx_word' id='word_1_176' title='bbox 1168 1603 1495 1653; x_wconf 83' lang='lat' dir='ltr'><strong>Agorastoclem?</strong></span> 
     </span>
     <span class='ocr_line' id='line_1_24' title="bbox 203 1668 1698 1720; baseline -0.003 -12"><span class='ocrx_word' id='word_1_177' title='bbox 203 1673 241 1713; x_wconf 83' lang='lat'><strong>85</strong></span> <span class='ocrx_word' id='word_1_178' title='bbox 263 1673 337 1708; x_wconf 82' lang='lat' dir='ltr'><strong>AG.</strong></span> <span class='ocrx_word' id='word_1_179' title='bbox 370 1670 566 1720; x_wconf 88' lang='lat' dir='ltr'><strong>siquidem</strong></span> <span class='ocrx_word' id='word_1_180' title='bbox 587 1669 816 1708; x_wconf 89' lang='lat' dir='ltr'><strong>Antidamai</strong></span> <span class='ocrx_word' id='word_1_181' title='bbox 837 1669 990 1719; x_wconf 89' lang='lat' dir='ltr'><strong>quaeris</strong></span> <span class='ocrx_word' id='word_1_182' title='bbox 1010 1668 1304 1719; x_wconf 73' lang='lat' dir='ltr'><strong>adoptaticium,</strong></span> <span class='ocrx_word' id='word_1_183' title='bbox 1612 1669 1698 1705; x_wconf 85' lang='lat'>1045</span> 
     </span>
     <span class='ocr_line' id='line_1_25' title="bbox 262 1731 1589 1786; baseline -0.002 -13"><span class='ocrx_word' id='word_1_184' title='bbox 262 1750 334 1786; x_wconf 83' lang='lat' dir='ltr'><strong>ego</strong></span> <span class='ocrx_word' id='word_1_185' title='bbox 356 1749 441 1774; x_wconf 90' lang='lat' dir='ltr'><strong>sum</strong></span> <span class='ocrx_word' id='word_1_186' title='bbox 463 1735 569 1785; x_wconf 89' lang='lat' dir='ltr'><strong>ipsus</strong></span> <span class='ocrx_word' id='word_1_187' title='bbox 591 1748 709 1785; x_wconf 90' lang='lat' dir='ltr'><strong>quem</strong></span> <span class='ocrx_word' id='word_1_188' title='bbox 731 1742 772 1773; x_wconf 91' lang='lat' dir='ltr'><strong>tu</strong></span> <span class='ocrx_word' id='word_1_189' title='bbox 794 1734 957 1784; x_wconf 86' lang='lat' dir='ltr'><strong>quaeris.</strong></span> <span class='ocrx_word' id='word_1_190' title='bbox 1010 1737 1089 1772; x_wconf 85' lang='lat' dir='ltr'><strong>HA.</strong></span> <span class='ocrx_word' id='word_1_191' title='bbox 1113 1736 1223 1772; x_wconf 77' lang='lat' dir='ltr'><strong>hem!</strong></span> <span class='ocrx_word' id='word_1_192' title='bbox 1245 1733 1341 1784; x_wconf 92' lang='lat' dir='ltr'><strong>quid</strong></span> <span class='ocrx_word' id='word_1_193' title='bbox 1358 1746 1430 1783; x_wconf 81' lang='lat' dir='ltr'><strong>ego</strong></span> <span class='ocrx_word' id='word_1_194' title='bbox 1446 1731 1589 1771; x_wconf 23' lang='lat' dir='ltr'><strong>audior?</strong></span> 
     </span>
     <span class='ocr_line' id='line_1_26' title="bbox 261 1799 1526 1850; baseline -0.002 -11"><span class='ocrx_word' id='word_1_195' title='bbox 261 1804 335 1839; x_wconf 70' lang='lat' dir='ltr'><strong>Ac.</strong></span> <span class='ocrx_word' id='word_1_196' title='bbox 368 1800 606 1839; x_wconf 84' lang='lat' dir='ltr'><strong>Antidamae</strong></span> <span class='ocrx_word' id='word_1_197' title='bbox 626 1808 788 1850; x_wconf 82' lang='lat' dir='ltr'><strong>gnatum</strong></span> <span class='ocrx_word' id='word_1_198' title='bbox 811 1814 874 1838; x_wconf 90' lang='lat' dir='ltr'><strong>me</strong></span> <span class='ocrx_word' id='word_1_199' title='bbox 895 1814 990 1839; x_wconf 88' lang='lat' dir='ltr'><strong>esse.</strong></span> <span class='ocrx_word' id='word_1_200' title='bbox 1052 1802 1131 1838; x_wconf 56' lang='lat' dir='ltr'><strong>HA.</strong></span> <span class='ocrx_word' id='word_1_201' title='bbox 1165 1801 1196 1838; x_wconf 86' lang='lat' dir='ltr'><strong>si</strong></span> <span class='ocrx_word' id='word_1_202' title='bbox 1217 1799 1315 1847; x_wconf 84' lang='lat' dir='ltr'><strong>itast,</strong></span> <span class='ocrx_word' id='word_1_203' title='bbox 1340 1807 1526 1838; x_wconf 88' lang='lat' dir='ltr'><strong>tesseram</strong></span> 
     </span>
     <span class='ocr_line' id='line_1_27' title="bbox 260 1865 1137 1916; baseline 0 -13"><span class='ocrx_word' id='word_1_204' title='bbox 260 1867 436 1904; x_wconf 88' lang='lat' dir='ltr'><strong>conferre</strong></span> <span class='ocrx_word' id='word_1_205' title='bbox 457 1865 487 1903; x_wconf 88' lang='lat' dir='ltr'><strong>si</strong></span> <span class='ocrx_word' id='word_1_206' title='bbox 509 1865 567 1903; x_wconf 90' lang='lat' dir='ltr'><strong>uis</strong></span> <span class='ocrx_word' id='word_1_207' title='bbox 589 1865 836 1916; x_wconf 88' lang='lat' dir='ltr'><strong>hospitalem,</strong></span> <span class='ocrx_word' id='word_1_208' title='bbox 861 1879 995 1904; x_wconf 84' lang='lat' dir='ltr'><strong>eccam</strong></span> <span class='ocrx_word' id='word_1_209' title='bbox 1015 1865 1137 1904; x_wconf 91' lang='lat' dir='ltr'><strong>attuli.</strong></span> 
     </span>
    </p>
   </div>
   <div class='ocr_carea' id='block_1_3' title="bbox 310 1969 1590 2010">
    <p class='ocr_par' dir='ltr' id='par_1_3' title="bbox 310 1969 1590 2010">
     <span class='ocr_line' id='line_1_28' title="bbox 310 1969 1590 2010; baseline 0 -10"><span class='ocrx_word' id='word_1_210' title='bbox 310 1981 390 2010; x_wconf 85' lang='lat'>1023</span> <span class='ocrx_word' id='word_1_211' title='bbox 416 1970 735 2009; x_wconf 38' lang='lat' dir='ltr'><strong>mufoffllsnimsigvel</strong></span> <span class='ocrx_word' id='word_1_212' title='bbox 757 1970 958 2010; x_wconf 37' lang='lat' dir='ltr'><strong>chcoratim</strong></span> <span class='ocrx_word' id='word_1_213' title='bbox 991 1970 1049 2001; x_wconf 86' lang='lat' dir='ltr'><strong>A:</strong></span> <span class='ocrx_word' id='word_1_214' title='bbox 1095 1971 1341 2010; x_wconf 87' lang='lat' dir='ltr'><strong>muphonnium</strong></span> <span class='ocrx_word' id='word_1_215' title='bbox 1380 1969 1590 2001; x_wconf 86' lang='lat' dir='ltr'><strong>sucorachim</strong></span> 
     </span>
    </p>
   </div>
   <div class='ocr_carea' id='block_1_4' title="bbox 260 2013 1595 2400">
    <p class='ocr_par' dir='ltr' id='par_1_4' title="bbox 260 2013 1595 2400">
     <span class='ocr_line' id='line_1_29' title="bbox 264 2013 1589 2055; baseline -0.001 -11"><span class='ocrx_word' id='word_1_216' title='bbox 264 2015 397 2053; x_wconf 56' lang='lat' dir='ltr'><strong>(ahim)</strong></span> <span class='ocrx_word' id='word_1_217' title='bbox 419 2013 452 2044; x_wconf 99' lang='grc' dir='ltr'><em>Ρ</em></span> <span class='ocrx_word' id='word_1_218' title='bbox 501 2014 562 2055; x_wconf 83' lang='lat' dir='ltr'><strong>sis]</strong></span> <span class='ocrx_word' id='word_1_219' title='bbox 582 2015 609 2044; x_wconf 88' lang='lat' dir='ltr'><strong>si</strong></span> <span class='ocrx_word' id='word_1_220' title='bbox 627 2014 658 2044; x_wconf 98' lang='grc' dir='ltr'><em>Ρ</em></span> <span class='ocrx_word' id='word_1_221' title='bbox 749 2024 829 2052; x_wconf 83' lang='lat'><strong>1025</strong></span> <span class='ocrx_word' id='word_1_222' title='bbox 848 2024 924 2044; x_wconf 88' lang='lat' dir='ltr'><strong>sese</strong></span> <span class='ocrx_word' id='word_1_223' title='bbox 938 2014 1077 2052; x_wconf 59' lang='lat' dir='ltr'><strong>Pylades</strong></span> <span class='ocrx_word' id='word_1_224' title='bbox 1144 2025 1188 2044; x_wconf 83' lang='lat' dir='ltr'><strong>an</strong></span> <span class='ocrx_word' id='word_1_225' title='bbox 1204 2015 1413 2054; x_wconf 60' lang='lat' dir='ltr'><strong>supponitis?</strong></span> <span class='ocrx_word' id='word_1_226' title='bbox 1507 2024 1589 2052; x_wconf 87' lang='lat'><strong>1027</strong></span> 
     </span>
     <span class='ocr_line' id='line_1_30' title="bbox 262 2057 1591 2097; baseline -0.001 -9"><span class='ocrx_word' id='word_1_227' title='bbox 262 2058 661 2097; x_wconf 77' lang='lat' dir='ltr'><strong>gunebbalsamernly(vel</strong></span> <span class='ocrx_word' id='word_1_228' title='bbox 675 2057 777 2090; x_wconf 53' lang='lat' dir='ltr'><strong>i‘trvla</strong></span> <span class='ocrx_word' id='word_1_229' title='bbox 792 2059 823 2088; x_wconf 84' lang='lat' dir='ltr'><em>A</em></span> <span class='ocrx_word' id='word_1_230' title='bbox 842 2070 848 2088; x_wconf 73' lang='grc' dir='ltr'>ε</span> <span class='ocrx_word' id='word_1_231' title='bbox 874 2058 1325 2096; x_wconf 82' lang='lat' dir='ltr'><strong>gunebelbalsamenierasan</strong></span> <span class='ocrx_word' id='word_1_232' title='bbox 1343 2057 1376 2088; x_wconf 92' lang='grc' dir='ltr'><em>Ρ</em></span> <span class='ocrx_word' id='word_1_233' title='bbox 1508 2058 1591 2087; x_wconf 86' lang='lat'>1028</span> 
     </span>
     <span class='ocr_line' id='line_1_31' title="bbox 262 2101 1590 2141; baseline -0.001 -9"><span class='ocrx_word' id='word_1_234' title='bbox 262 2102 328 2141; x_wconf 82' lang='lat' dir='ltr'><strong>Qui</strong></span> <span class='ocrx_word' id='word_1_235' title='bbox 345 2101 378 2131; x_wconf 84' lang='lat' dir='ltr'><em>P</em></span> <span class='ocrx_word' id='word_1_236' title='bbox 510 2112 587 2139; x_wconf 80' lang='lat'>1031</span> <span class='ocrx_word' id='word_1_237' title='bbox 615 2101 790 2132; x_wconf 84' lang='lat' dir='ltr'><strong>adueniarn</strong></span> <span class='ocrx_word' id='word_1_238' title='bbox 810 2101 840 2130; x_wconf 86' lang='lat' dir='ltr'><em>A</em></span> <span class='ocrx_word' id='word_1_239' title='bbox 932 2102 986 2139; x_wconf 87' lang='lat' dir='ltr'><strong>qui</strong></span> <span class='ocrx_word' id='word_1_240' title='bbox 1006 2102 1152 2132; x_wconf 79' lang='lat' dir='ltr'><strong>inrideas</strong></span> <span class='ocrx_word' id='word_1_241' title='bbox 1164 2113 1230 2133; x_wconf 86' lang='lat' dir='ltr'><strong>om.</strong></span> <span class='ocrx_word' id='word_1_242' title='bbox 1243 2102 1275 2132; x_wconf 84' lang='lat' dir='ltr'><em>A</em></span> <span class='ocrx_word' id='word_1_243' title='bbox 1394 2111 1475 2140; x_wconf 86' lang='lat'>1032</span> <span class='ocrx_word' id='word_1_244' title='bbox 1493 2111 1590 2140; x_wconf 75' lang='lat' dir='ltr'><strong>syco—</strong></span> 
     </span>
     <span class='ocr_line' id='line_1_32' title="bbox 260 2144 1590 2187; baseline -0.002 -11"><span class='ocrx_word' id='word_1_245' title='bbox 260 2146 386 2187; x_wconf 80' lang='lat' dir='ltr'><strong>phanta</strong></span> <span class='ocrx_word' id='word_1_246' title='bbox 399 2145 432 2175; x_wconf 90' lang='grc' dir='ltr'><em>Ρ</em></span> <span class='ocrx_word' id='word_1_247' title='bbox 444 2155 447 2174; x_wconf 76' lang='lat' dir='ltr'><strong>r</strong></span> <span class='ocrx_word' id='word_1_248' title='bbox 459 2156 535 2176; x_wconf 72' lang='lat' dir='ltr'><strong>corr.</strong></span> <span class='ocrx_word' id='word_1_249' title='bbox 553 2145 593 2182; x_wconf 89' lang='lat' dir='ltr'><strong>C)</strong></span> <span class='ocrx_word' id='word_1_250' title='bbox 682 2155 762 2183; x_wconf 81' lang='lat'><strong>1035</strong></span> <span class='ocrx_word' id='word_1_251' title='bbox 782 2146 866 2175; x_wconf 83' lang='lat' dir='ltr'><strong>hanc</strong></span> <span class='ocrx_word' id='word_1_252' title='bbox 880 2144 912 2173; x_wconf 87' lang='lat' dir='ltr'><em>A</em></span> <span class='ocrx_word' id='word_1_253' title='bbox 983 2145 1095 2175; x_wconf 84' lang='lat' dir='ltr'><strong>aufers</strong></span> <span class='ocrx_word' id='word_1_254' title='bbox 1107 2145 1139 2175; x_wconf 91' lang='grc' dir='ltr'><em>Ρ</em></span> <span class='ocrx_word' id='word_1_255' title='bbox 1151 2163 1155 2179; x_wconf 45' lang='lat' dir='ltr'><strong>r</strong></span> <span class='ocrx_word' id='word_1_256' title='bbox 1165 2146 1388 2186; x_wconf 75' lang='lat' dir='ltr'><strong>interrogative</strong></span> <span class='ocrx_word' id='word_1_257' title='bbox 1399 2146 1424 2185; x_wconf 68' lang='lat'><strong>(2)</strong></span> <span class='ocrx_word' id='word_1_258' title='bbox 1507 2145 1590 2183; x_wconf 84' lang='lat'><strong>1036</strong></span> 
     </span>
     <span class='ocr_line' id='line_1_33' title="bbox 262 2188 1590 2228; baseline -0.002 -9"><span class='ocrx_word' id='word_1_259' title='bbox 262 2190 338 2220; x_wconf 89' lang='lat' dir='ltr'><strong>huic</strong></span> <span class='ocrx_word' id='word_1_260' title='bbox 356 2195 390 2220; x_wconf 93' lang='lat' dir='ltr'><strong>tu</strong></span> <span class='ocrx_word' id='word_1_261' title='bbox 409 2189 483 2218; x_wconf 72' lang='grc' dir='ltr'><strong>ΡΒΕ</strong></span> <span class='ocrx_word' id='word_1_262' title='bbox 612 2199 694 2226; x_wconf 80' lang='grc'>1039</span> <span class='ocrx_word' id='word_1_263' title='bbox 719 2193 770 2218; x_wconf 87' lang='lat' dir='ltr'><strong>est</strong></span> <span class='ocrx_word' id='word_1_264' title='bbox 788 2188 819 2217; x_wconf 90' lang='lat' dir='ltr'><em>A</em></span> <span class='ocrx_word' id='word_1_265' title='bbox 951 2199 1040 2227; x_wconf 69' lang='lat'>1042,</span> <span class='ocrx_word' id='word_1_266' title='bbox 1065 2199 1146 2227; x_wconf 83' lang='lat'>1043</span> <span class='ocrx_word' id='word_1_267' title='bbox 1171 2200 1245 2219; x_wconf 82' lang='lat' dir='ltr'><strong>cum</strong></span> <span class='ocrx_word' id='word_1_268' title='bbox 1266 2199 1347 2228; x_wconf 84' lang='lat'><strong>1053</strong></span> <span class='ocrx_word' id='word_1_269' title='bbox 1366 2189 1441 2228; x_wconf 83' lang='lat' dir='ltr'><strong>(qui</strong></span> <span class='ocrx_word' id='word_1_270' title='bbox 1451 2198 1510 2218; x_wconf 80' lang='lat' dir='ltr'><strong>suo</strong></span> <span class='ocrx_word' id='word_1_271' title='bbox 1526 2188 1590 2218; x_wconf 84' lang='lat' dir='ltr'><strong>loco</strong></span> 
     </span>
     <span class='ocr_line' id='line_1_34' title="bbox 262 2230 1585 2273; baseline -0.002 -10"><span class='ocrx_word' id='word_1_272' title='bbox 262 2232 355 2269; x_wconf 76' lang='lat' dir='ltr'><strong>redit)</strong></span> <span class='ocrx_word' id='word_1_273' title='bbox 378 2236 452 2273; x_wconf 70' lang='lat' dir='ltr'><strong>post</strong></span> <span class='ocrx_word' id='word_1_274' title='bbox 473 2244 501 2263; x_wconf 79' lang='lat' dir='ltr'><strong>v.</strong></span> <span class='ocrx_word' id='word_1_275' title='bbox 530 2232 612 2270; x_wconf 81' lang='lat'>1048</span> <span class='ocrx_word' id='word_1_276' title='bbox 635 2233 765 2262; x_wconf 76' lang='lat' dir='ltr'><strong>collocat</strong></span> <span class='ocrx_word' id='word_1_277' title='bbox 782 2232 824 2262; x_wconf 91' lang='lat' dir='ltr'><strong>A.</strong></span> <span class='ocrx_word' id='word_1_278' title='bbox 873 2230 994 2261; x_wconf 68' lang='lat' dir='ltr'><strong>Scilicet</strong></span> <span class='ocrx_word' id='word_1_279' title='bbox 1016 2232 1049 2261; x_wconf 81' lang='lat' dir='ltr'><strong>in</strong></span> <span class='ocrx_word' id='word_1_280' title='bbox 1075 2233 1225 2271; x_wconf 70' lang='lat' dir='ltr'><strong>margine</strong></span> <span class='ocrx_word' id='word_1_281' title='bbox 1246 2232 1406 2272; x_wconf 51' lang='lat' dir='ltr'><strong>arclzefflrpi</strong></span> <span class='ocrx_word' id='word_1_282' title='bbox 1425 2235 1585 2262; x_wconf 73' lang='lat' dir='ltr'><strong>steterant.</strong></span> 
     </span>
     <span class='ocr_line' id='line_1_35' title="bbox 265 2274 1595 2315; baseline -0.002 -8"><span class='ocrx_word' id='word_1_283' title='bbox 265 2277 465 2307; x_wconf 76' lang='lat' dir='ltr'><strong>Retractator</strong></span> <span class='ocrx_word' id='word_1_284' title='bbox 488 2277 590 2307; x_wconf 76' lang='lat' dir='ltr'><strong>voluit</strong></span> <span class='ocrx_word' id='word_1_285' title='bbox 610 2286 659 2306; x_wconf 87' lang='lat' dir='ltr'><strong>vv.</strong></span> <span class='ocrx_word' id='word_1_286' title='bbox 683 2284 829 2314; x_wconf 77' lang='lat'>1044-52</span> <span class='ocrx_word' id='word_1_287' title='bbox 855 2275 969 2304; x_wconf 68' lang='lat' dir='ltr'><strong>abicere</strong></span> <span class='ocrx_word' id='word_1_288' title='bbox 1119 2286 1200 2314; x_wconf 78' lang='lat'>1042</span> <span class='ocrx_word' id='word_1_289' title='bbox 1226 2276 1348 2315; x_wconf 86' lang='lat' dir='ltr'><strong>hospiti</strong></span> <span class='ocrx_word' id='word_1_290' title='bbox 1368 2276 1445 2308; x_wconf 46' lang='lat' dir='ltr'><strong>cte}</strong></span> <span class='ocrx_word' id='word_1_291' title='bbox 1471 2285 1542 2305; x_wconf 86' lang='lat' dir='ltr'><strong>sum</strong></span> <span class='ocrx_word' id='word_1_292' title='bbox 1560 2274 1595 2304; x_wconf 92' lang='grc' dir='ltr'><em>Ρ</em></span> 
     </span>
     <span class='ocr_line' id='line_1_36' title="bbox 262 2318 1589 2359; baseline -0.002 -8"><span class='ocrx_word' id='word_1_293' title='bbox 262 2321 310 2351; x_wconf 80' lang='lat' dir='ltr'><strong>vel</strong></span> <span class='ocrx_word' id='word_1_294' title='bbox 326 2320 521 2350; x_wconf 86' lang='lat' dir='ltr'><strong>Antidamai</strong></span> <span class='ocrx_word' id='word_1_295' title='bbox 659 2329 740 2357; x_wconf 82' lang='lat'>1043</span> <span class='ocrx_word' id='word_1_296' title='bbox 765 2324 965 2348; x_wconf 82' lang='lat' dir='ltr'><strong>commostra</strong></span> <span class='ocrx_word' id='word_1_297' title='bbox 990 2319 1034 2359; x_wconf 76' lang='lat' dir='ltr'><strong>si]</strong></span> <span class='ocrx_word' id='word_1_298' title='bbox 1062 2320 1342 2350; x_wconf 78' lang='lat' dir='ltr'><strong>commonstransi</strong></span> <span class='ocrx_word' id='word_1_299' title='bbox 1360 2318 1393 2348; x_wconf 87' lang='grc' dir='ltr'><em>Ρ</em></span> <span class='ocrx_word' id='word_1_300' title='bbox 1507 2326 1589 2357; x_wconf 86' lang='lat'>1045</span> 
     </span>
     <span class='ocr_line' id='line_1_37' title="bbox 263 2361 1590 2400; baseline -0.002 -6"><span class='ocrx_word' id='word_1_301' title='bbox 263 2364 457 2395; x_wconf 85' lang='lat' dir='ltr'><strong>Antidamai</strong></span> <span class='ocrx_word' id='word_1_302' title='bbox 489 2363 606 2395; x_wconf 62' lang='lat' dir='ltr'><em>Botlzez</em></span> <span class='ocrx_word' id='word_1_303' title='bbox 640 2363 834 2392; x_wconf 80' lang='lat' dir='ltr'><strong>antidamati</strong></span> <span class='ocrx_word' id='word_1_304' title='bbox 863 2361 917 2391; x_wconf 79' lang='lat' dir='ltr'><strong>A:</strong></span> <span class='ocrx_word' id='word_1_305' title='bbox 954 2363 1220 2393; x_wconf 80' lang='lat' dir='ltr'><strong>anthidamarchi</strong></span> <span class='ocrx_word' id='word_1_306' title='bbox 1240 2363 1272 2392; x_wconf 87' lang='grc' dir='ltr'><em>Ρ</em></span> <span class='ocrx_word' id='word_1_307' title='bbox 1449 2372 1529 2400; x_wconf 82' lang='lat'>1047</span> <span class='ocrx_word' id='word_1_308' title='bbox 1556 2368 1590 2393; x_wconf 85' lang='lat' dir='ltr'><strong>te</strong></span> 
     </span>
    </p>
   </div>
   <div class='ocr_carea' id='block_1_5' title="bbox 265 2406 917 2445">
    <p class='ocr_par' dir='ltr' id='par_1_5' title="bbox 265 2406 917 2445">
     <span class='ocr_line' id='line_1_38' title="bbox 265 2406 917 2445; baseline -0.006 -6"><span class='ocrx_word' id='word_1_309' title='bbox 265 2418 415 2439; x_wconf 81' lang='lat' dir='ltr'><strong>esseram</strong></span> <span class='ocrx_word' id='word_1_310' title='bbox 433 2407 466 2436; x_wconf 84' lang='lat' dir='ltr'><em>P</em></span> <span class='ocrx_word' id='word_1_311' title='bbox 598 2407 680 2445; x_wconf 88' lang='lat'>1048</span> <span class='ocrx_word' id='word_1_312' title='bbox 704 2406 868 2437; x_wconf 84' lang='lat' dir='ltr'><strong>comserre</strong></span> <span class='ocrx_word' id='word_1_313' title='bbox 886 2406 917 2434; x_wconf 80' lang='lat' dir='ltr'><em>A</em></span> 
     </span>
    </p>
   </div>
  </div>
 </body>
</html>
