1783 2707
180 137 209 174 Ι.

172 391 212 423 95

170 617 214 654 iii

183 1303 222 1325 10

231 135 261 172 ii
641 132 686 168 T.
722 129 903 168 MACCI
935 127 1139 165 PLAVTI

232 245 321 291 eho,
343 240 585 287 Crocotium,
609 240 631 287 i,
656 237 869 289 parasitum
891 235 1136 275 Gelasimum
1156 235 1235 273 huc
1255 232 1450 278 arcessito,

232 318 363 348 tecum
379 308 534 346 adduce
552 321 559 348 ;
590 318 681 343 nam
699 304 808 342 illum
826 310 979 341 ecastor
996 301 1149 340 mittere
1170 300 1220 338 ad
1240 306 1397 350 portum
1414 298 1518 344 uolo,

233 375 263 413 si
285 387 385 424 quae
407 374 504 411 forte
526 384 572 409 ex
594 370 688 408 Asia
709 368 823 407 nauis
845 366 927 406 he'ri
948 373 1015 405 aut
1036 365 1156 404 hodie
1178 363 1337 403 uenerit.

234 453 324 479 nam
345 439 429 477 dies
451 444 554 476 totos
576 436 683 486 apud
705 441 863 485 portum
887 444 1022 471 seruos
1044 443 1145 469 unus
1165 428 1320 468 adsidet
1336 443 1346 476 ς

233 506 302 544 sed
323 512 455 543 tamen
477 504 570 541 uolo
591 499 777 539 internisi.
838 510 1004 549 propera
1024 503 1143 546 atque
1164 500 1340 534 actutum
1362 492 1511 531 redi.—

504 613 834 650 GELASIMVS
953 606 1294 645 CROCOTIVM

343 698 416 735 GE.
451 697 612 733 Famem
635 705 707 742 ego
729 690 848 729 fuisse
870 687 1047 739 suspicor
1068 693 1232 725 matrem
1253 684 1360 731 mihi,

342 774 433 799 nam
455 767 664 810 postquam
687 763 801 795 natus
823 767 910 793 sum
933 760 1039 791 satur
1060 763 1277 800 numquam
1298 749 1363 788 fui.

343 838 472 876 neque
493 824 702 875 quisquam
724 820 863 860 melius
885 819 1023 857 referet
1046 815 1157 855 matri
1178 814 1339 865 gratiam

344 903 463 942 quam
484 902 557 939 ego
579 901 689 927 meae
710 885 823 925 matri
845 881 1310 923 refero—inuitissumus.

346 954 494 1009 [neque
515 952 661 993 rettulit
682 965 801 1002 quam
822 963 895 1000 ego
916 949 1040 988 refero
1062 960 1173 986 meae
1196 944 1307 984 matri
1330 943 1470 999 Fami]

346 1035 437 1061 nam
459 1020 524 1059 illa
544 1033 607 1059 me
628 1018 668 1056 in
688 1018 778 1056 aluo
800 1028 954 1055 menses
975 1012 1141 1065 gestauit
1163 1013 1314 1058 decem,

346 1095 384 1127 at
406 1099 478 1136 ego
499 1085 604 1124 illam
627 1084 666 1122 in
688 1084 778 1122 aluo
798 1088 908 1132 gesto
930 1081 1017 1131 plus
1039 1091 1164 1118 annos
1185 1078 1336 1116 decem.

346 1160 465 1202 atque
485 1150 551 1189 illa
571 1162 735 1200 puerum
758 1161 820 1186 me
840 1144 1006 1197 gestauit
1027 1145 1244 1195 paruolum,

349 1230 429 1268 quo
450 1216 569 1255 minu’
592 1213 735 1253 laboris
756 1211 907 1262 cepisse
927 1211 1034 1248 illam
1056 1209 1273 1248 existumo:

350 1296 422 1334 ego
443 1295 523 1321 non
545 1280 798 1332 pauxillulam
818 1277 858 1316 in
880 1284 991 1316 utero
1011 1282 1122 1326 gesto
1143 1276 1299 1320 famem,

349 1361 486 1388 uerum
507 1347 638 1386 hercle
660 1346 784 1384 multo
806 1355 1029 1382 maxumam
1051 1348 1089 1380 et
1109 1339 1391 1391 grauissumam
1408 1354 1418 1387 3

348 1413 447 1454 uteri
468 1414 624 1453 dolores
646 1411 699 1449 mi
720 1409 905 1449 oboriunt
926 1406 1100 1454 cottidie,

348 1481 418 1519 sed
440 1486 603 1518 matrem
625 1490 759 1528 parere
780 1488 936 1525 nequeo
957 1487 1030 1513 nec
1052 1472 1147 1523 quid
1168 1485 1281 1523 agam
1303 1471 1394 1511 scio.

349 1543 549 1585 †auditaui
570 1555 687 1594 saepe
707 1543 784 1580 hoc
805 1542 922 1590 uolgo
943 1539 1089 1579 dicier†

352 1612 476 1649 solere
497 1610 752 1659 elephantum
773 1605 975 1657 grauidam
997 1611 1207 1655 perpetuos
1228 1604 1367 1642 decem

353 1689 437 1715 esse
457 1687 610 1721 annos3
640 1672 723 1711 eius
746 1685 791 1710 ex
813 1669 962 1709 semine
983 1671 1080 1707 haec
1102 1676 1245 1707 certost
1265 1670 1399 1714 fames,

294 1790 353 1820 150
378 1780 387 1810 i
405 1790 470 1810 om.
492 1778 524 1808 A
596 1778 649 1808 hic
667 1778 698 1808 Α
824 1785 883 1814 152
909 1776 982 1806 heri
999 1774 1073 1815 aut]
1090 1778 1189 1805 noctu
1205 1774 1268 1804 hoc
1287 1771 1423 1803 Mueller
1438 1771 1570 1811 (thein.

246 1825 335 1856 Mus.
352 1833 404 1864 54,
419 1824 498 1863 536)
575 1831 633 1860 154
653 1826 754 1860 atque
767 1831 832 1851 0111.
846 1820 879 1850 P
948 1828 1007 1859 155
1025 1829 1089 1857 ego
1102 1829 1167 1848 0111.
1183 1817 1214 1846 P
1257 1817 1413 1856 suspicor
1425 1815 1573 1846 fuisseA

250 1869 370 1908 156-·7a
402 1877 512 1906 neque
544 1866 717 1905 quisquam
751 1864 871 1895 melius
900 1863 1024 1894 reseret
1055 1862 1151 1893 matri
1184 1861 1325 1900 gratiam
1346 1859 1351 1901 Ι
1371 1859 1478 1899 Quam
1512 1869 1576 1899 ego

247 1923 343 1944 meae
374 1911 470 1942 matri
504 1910 613 1940 resero
646 1909 868 1939 inuitissimus
900 1907 932 1936 A
953 1919 958 1937 :
992 1916 1090 1945 quam
1126 1915 1188 1944 ego
1217 1904 1315 1935 matri
1343 1913 1438 1934 meae
1467 1903 1576 1933 refero

247 1955 479 1987 inuitissimus.
503 1953 508 1995 Ι
529 1953 647 1992 Neque
677 1952 806 1983 rettulit
829 1961 927 1990 quam
961 1960 1026 1989 ego
1057 1949 1165 1979 resero
1198 1958 1292 1978 meae
1322 1947 1418 1978 matri
1446 1946 1523 1977 sami
1548 1945 1580 1976 P

249 2000 327 2041 (scil.
358 1999 452 2030 varia
479 1997 564 2028 lectio
592 2007 703 2027 versus
734 1997 794 2034 158
821 1994 1020 2035 matginalz's
1046 2002 1179 2023 versum
1205 2001 1263 2030 157
1292 1991 1388 2031 eiecit)
1412 1990 1464 2030 (cf.
1493 1990 1577 2021 Cha-

249 2043 349 2074 risius
383 2051 424 2082 55
466 2044 473 2059 ⁴
489 2041 627 2072 Plautus
662 2040 696 2070 in
736 2039 852 2071 Sticho
887 2037 964 2068 fami
994 2037 1109 2067 datiuo
1148 2045 1228 2066 casu
1241 2036 1264 2075 ’)
1439 2044 1499 2074 159
1530 2033 1581 2064 vel

248 2087 344 2118 illaec
434 2095 487 2116 me
505 2084 562 2115 illa
579 2083 719 2124 Pylades
855 2083 914 2112 162
940 2080 1030 2112 illam
1055 2079 1183 2120 cepisst
1207 2078 1240 2109 P
1264 2078 1306 2119 (T
1321 2082 1383 2119 pro
1400 2077 1444 2116 E)
1517 2078 1578 2116 163

251 2131 318 2172 [at]
338 2140 400 2169 ego
417 2129 450 2160 P
465 2129 520 2167 [iv.
540 2129 576 2169 2)
690 2126 774 2168 non]
800 2136 887 2157 nunc
911 2124 944 2155 A
1036 2129 1153 2164 gestor
1173 2133 1282 2154 amem
1302 2122 1335 2153 P
1425 2122 1495 2160 165,
1516 2122 1579 2151 166

250 2176 335 2204 inter
348 2184 376 2205 v.
398 2175 459 2204 160
474 2176 503 2202 et
520 2173 576 2203 161
591 2171 692 2212 positi
704 2171 736 2202 A
846 2170 906 2209 165
931 2174 967 2200 ut
983 2168 1046 2199 teri
1064 2166 1235 2199 didolores
1252 2166 1285 2197 P
1378 2165 1578 2196 oboriuntur

250 2217 351 2257 codd,
371 2217 430 2247 sed
442 2216 578 2247 dolores
602 2214 645 2245 mi
671 2213 810 2254 displicet
898 2217 978 2252 quot
1002 2212 1075 2243 dies
1101 2211 1198 2242 Goetz
1332 2209 1394 2240 166
1417 2218 1479 2239 nee
1499 2207 1578 2248 quid

251 2272 348 2300 agam
367 2260 455 2301 scio]
475 2259 588 2290 nescio
605 2258 774 2298 quomodo
792 2257 825 2287 P
956 2257 1015 2295 167
1033 2254 1180 2286 auditaui
1199 2253 1251 2285 A:
1275 2252 1388 2284 audiui
1406 2251 1512 2291 (PCD)
1530 2251 1581 2282 vel

252 2310 309 2336 aut
326 2304 394 2335 diui
408 2305 467 2342 (Β)
483 2303 547 2333 cod.
567 2314 574 2333 ε
597 2300 741 2343 (atque)
754 2301 827 2331 aud.
842 2298 907 2329 Leo
923 2312 929 2330 z
944 2300 1023 2338 sort.
1038 2298 1234 2329 auditauine
1249 2297 1284 2337 (i.
1298 2307 1321 2327 e.
1343 2306 1455 2327 nonne
1471 2295 1577 2333 aud.),

251 2348 308 2383 sed
317 2348 386 2379 vide
397 2358 435 2377 ne
447 2347 600 2390 exglossa
611 2345 724 2376 audiui
742 2354 844 2384 saepe
855 2348 917 2384 pro
933 2343 1082 2374 auditaui
1099 2351 1191 2373 error
1204 2344 1295 2371 ortus
1306 2340 1348 2372 sit
1406 2341 1465 2381 169
1476 2337 1582 2371 hacP

1584 243 1648 280 ¹50

1589 694 1650 731 155

1587 886 1671 928 157a

1593 1080 1659 1114 160

1592 1409 1653 1456 165
