1664 2661
349 115 639 177 MILES
693 113 1219 176 GLORIOSVS

487 345 1014 393 ARGVMENTVM
1070 350 1086 395 I

282 479 530 518 Meretricem
553 479 720 518 Athenis
744 481 944 529 Ephesum
968 481 1077 519 miles
1098 482 1237 520 avehit.

284 545 332 583 Id
353 546 448 583 dum
470 558 536 583 ero
556 545 702 583 amanti
725 558 856 583 servos
878 546 1055 584 nuntiare
1071 548 1150 585 volt

283 610 434 660 Legato
454 623 622 660 peregre,
647 609 753 660 ipsus
775 618 928 660 captust
950 610 987 648 in
1011 611 1103 649 mari

283 676 335 714 Et
355 675 483 713 eidem
506 675 558 713 illi
582 675 693 713 militi
716 676 823 714 dono
845 676 985 713 datust.

284 739 413 779 Suom
434 739 594 778 arcessit
614 753 723 777 erum
745 740 912 778 Athenis
933 748 970 778 et
991 742 1088 779 forat

285 804 462 843 Geminis
483 817 737 842 communem
761 805 860 842 clam
883 805 1066 854 parietem
1090 805 1127 842 in
1148 805 1322 851 aedibus,

285 870 423 908 Licere
445 876 486 907 ut
507 868 633 918 quiret
655 868 865 906 convenire
886 869 1117 906 amantibus.

285 934 548 974 Obhaerentis
569 942 701 972 custos
725 935 797 972 hos
819 934 924 972 videt
945 936 994 972 de
1016 935 1164 984 tegulis,

285 1000 482 1040 Ridiculis
501 1007 644 1046 autern,
669 999 779 1049 quasi
802 999 850 1037 sit
869 998 954 1045 alia,
977 998 1131 1037 luditur.

285 1067 467 1116 Itemque
487 1064 653 1115 impellit
676 1064 838 1103 militem
863 1063 1072 1102 Palaestrio
1279 1082 1281 1084 ·
1468 1080 1502 1101 10

286 1131 484 1169 Omissam
506 1129 621 1171 saciat
642 1129 917 1175 concubinam,
941 1129 1100 1178 quando
1120 1128 1153 1166 ei

285 1195 405 1235 Senis
425 1194 542 1233 vicini
564 1194 696 1244 cupiat
716 1207 812 1232 uxor
832 1193 990 1233 nubere.

285 1261 400 1300 Vltro
420 1261 536 1299 abeat
556 1267 650 1307 orat,
674 1260 796 1298 donat
817 1260 948 1297 multa.
1010 1258 1091 1307 ipse
1111 1258 1150 1295 in
1172 1259 1291 1295 domo

285 1326 406 1366 Senis
428 1326 643 1376 prehensus
664 1337 812 1375 poenas
834 1335 903 1374 pro
924 1324 1091 1361 moecho
1112 1322 1192 1360 luit.

167 1443 187 1472 3
212 1412 348 1472 czipsust
365 1442 442 1462 corr.
459 1434 543 1460 -tust
561 1428 625 1460 cod.
646 1432 682 1459 ut
698 1428 752 1459 vid
891 1437 910 1467 5
935 1425 1093 1468 (servos)
1110 1436 1202 1456 erum
1219 1424 1303 1470 (ab)
1316 1424 1446 1456 Ribbeck

124 1477 146 1507 6
169 1476 253 1507 ciam
279 1475 343 1507 cod.
377 1479 468 1509 (corr.
491 1472 556 1510 8²)
697 1483 713 1512 7
739 1473 856 1502 liceret
884 1470 948 1501 cod.
1081 1471 1101 1500 8
1125 1470 1298 1500 oberrans
1314 1468 1446 1506 Ritsclzl,

125 1520 178 1550 cui
199 1519 416 1550 obhaerentis
444 1517 585 1557 dtsplicet
707 1526 728 1555 9
754 1514 894 1545 ridicule
919 1514 947 1544 is
966 1513 1099 1553 Sejffem
1186 1513 1354 1543 deluditur
1374 1511 1446 1541 ΡΠ)

129 1573 163 1594 11
189 1573 220 1602 q.
241 1564 271 1594 ei
290 1562 356 1593 B'2:
381 1572 412 1601 q.
441 1561 491 1592 cel
519 1559 585 1592 cod.
615 1559 688 1600 <pro
706 1569 737 1598 q.
757 1559 830 1596 eei;
862 1558 917 1588 vix
937 1557 1091 1596 quandoc
1108 1556 1153 1596 ei)
1291 1565 1326 1594 ¹3
1350 1555 1446 1584 modo

125 1606 190 1638 cod.
212 1609 305 1648 (corr.
327 1604 391 1647 32>

175 2449 295 2476 ΡιΑντ.
314 2450 339 2476 11
1340 2430 1356 2461 l
