1731 2713
84 384 172 419 1320

85 780 168 817 1325

83 1231 172 1268 1330

592 130 762 167 MILES
797 126 1109 167 GLORIOSVS
1448 124 1515 160 IV.
1538 120 1614 157 viii

190 246 263 281 PH.
289 243 381 289 ibo:
410 254 649 292 quamquam
672 239 795 278 inuita
811 238 911 277 facio
931 253 938 276 t
969 235 1119 276 homini
1140 235 1388 286 pietas--PL.
1413 232 1519 278 scio;

1401 297 1514 347 sapis.

193 375 258 410 ΡΥ.
291 372 322 410 si
346 385 424 410 non
447 384 602 410 mecum
624 378 793 409 aetatem
816 368 966 418 egisset,
991 366 1110 405 hodie
1132 366 1249 404 stulta
1270 364 1430 402 uiueret.

192 440 265 476 PH.
298 437 398 475 istuc
418 436 579 482 crucior,
603 449 625 473 a
646 435 730 473 uiro
752 447 815 472 me
837 432 901 471 tali
923 430 1188 477 abalienarier,

191 516 282 541 nam
303 510 344 540 tu
366 500 547 552 quemuis
568 500 670 551 potis
693 513 733 538 es
754 501 880 537 facere
902 506 944 537 ut
965 498 1082 536 afluat
1104 495 1252 535 facetiis
1268 509 1277 543 ;

190 577 228 608 et
249 567 341 619 quia
361 575 491 605 tecum
513 579 629 612 eram,
654 572 859 616 propterea
879 563 1013 601 animo
1034 575 1138 601 eram
1157 560 1321 600 ferocior
1340 575 1346 597 :

191 647 276 673 eam
308 632 553 671 nobilitatem
584 630 842 669 amittendam
874 629 1002 667 uideo.
1064 629 1130 665 ΡΥ.
1164 629 1209 664 a!
1245 639 1295 664 ne
1322 625 1381 663 fle.
1443 625 1517 661 PH.

1302 703 1382 728 non
1403 702 1518 738 queo,

191 777 312 815 quom
334 772 371 802 te
393 763 521 802 uideo.
584 764 652 800 Px:
684 762 786 800 habe
808 761 958 799 bonum
980 757 1167 797 animum.
1229 758 1304 794 PH.
1337 753 1418 793 scio
1448 766 1520 803 ego
1545 765 1581 798 15

1141 820 1236 872 quid
1258 820 1390 859 doleat
1411 816 1518 856 mihi.

193 896 259 931 ΡΑ.
292 907 382 932 nam
405 893 458 931 nil
480 892 607 938 miror,
630 891 661 929 si
681 891 872 936 lubenter,
897 886 1244 932 Philocomasium,
1267 886 1331 922 hic
1352 896 1446 930 eras,

188 957 255 1010 (si)
274 959 398 996 forma
419 957 558 1004 huiius‚
582 969 721 1002 mores,
745 955 878 1001 uirtus,
901 953 1066 992 attinere
1086 951 1262 990 animum
1283 949 1348 987 hic
1369 956 1490 995 tuom,

190 1024 311 1074 quom
333 1036 406 1074 ego
426 1035 560 1061 seruos
585 1021 746 1072 quando
770 1018 919 1070 aspicio
946 1019 1063 1064 hunc,
1087 1018 1262 1055 lacrumo
1284 1013 1375 1065 quia
1396 1013 1520 1052 diiun-

1380 1093 1516 1130 grmur.

191 1157 265 1193 PH.
288 1167 453 1205 opsecro
466 1153 557 1192 licet
572 1150 784 1203 complecti
800 1150 896 1201 priu’
913 1162 1031 1200 quam
1049 1146 1285 1199 proficisco?
1325 1147 1392 1183 ΡΥ.
1415 1144 1516 1183 licet.

191 1222 264 1258 PH.
303 1233 326 1258 o
357 1219 410 1258 mi
440 1220 563 1266 ocule,
595 1218 619 1256 ό
649 1217 702 1256 mi
736 1215 878 1255 anime.
952 1217 1021 1253 ΡΑ.
1060 1214 1239 1264 opsecro,
1266 1219 1356 1250 tene
1385 1209 1519 1248 mulie-
1542 1222 1580 1243 20

1424 1288 1517 1322 rem,

191 1364 240 1389 ne
264 1350 480 1401 adfligatur.
543 1351 610 1387 ΡΥ.
643 1347 740 1398 quid
767 1346 866 1385 istuc
894 1345 1109 1396 quaesost?
1166 1345 1234 1381 ΡΑ.
1268 1341 1360 1392 quia
1385 1353 1455 1391 aps
1482 1347 1520 1378 te

1148 1408 1240 1454 abit,
1263 1407 1397 1446 animo
1418 1407 1521 1444 male

191 1482 337 1519 factum
371 1488 429 1519 est
461 1479 552 1518 huic
588 1485 749 1529 repente
780 1477 954 1515 miserae.
1026 1476 1094 1513 ΡΥ.
1127 1487 1237 1512 curre
1267 1472 1369 1510 intro
1402 1478 1521 1521 atque

1197 1539 1342 1576 ecferto
1363 1549 1518 1586 aquam.

192 1613 260 1649 ΡΑ.
293 1610 347 1649 nil
369 1623 512 1661 aquam
535 1622 675 1656 moror,
700 1607 876 1658 quiescat
898 1607 1013 1645 malo.
1073 1618 1123 1642 ne
1144 1601 1412 1648 interueneris,

238 1725 318 1755 1319
344 1714 435 1745 omni
459 1714 567 1754 pietas
591 1713 661 1744 scio
687 1712 746 1752 (sit
771 1722 811 1742 eo
826 1710 917 1751 PCD)
944 1709 1002 1740 PL.
1033 1707 1167 1750 [chant]
1195 1707 1286 1747 sapis
1312 1706 1352 1746 P,
1372 1704 1405 1735 A
1436 1715 1467 1735 n.
1499 1705 1518 1736 l.

191 1760 227 1800 (i,
264 1770 295 1799 p.
331 1759 407 1797 283:
447 1769 524 1788 corr.
558 1757 728 1796 Niemeyer
883 1763 964 1793 1322
988 1752 1144 1792 quemuis
1178 1750 1266 1782 codd.
1304 1749 1407 1780 Nonii
1434 1758 1497 1788 305
1516 1759 1522 1779 :

189 1801 341 1842 quamuis
358 1801 398 1840 P,
415 1801 448 1832 A
467 1813 499 1833 n.
516 1801 536 1832 I.
629 1800 718 1840 potis
735 1800 782 1830 sis
803 1797 967 1838 (potissis)
988 1796 1077 1828 codd.
1092 1796 1197 1826 Nonii
1206 1795 1253 1835 (A
1268 1805 1300 1825 n.
1312 1793 1350 1834 l.)
1442 1793 1521 1822 fluat

189 1846 228 1884 P,
263 1845 352 1877 codd.
385 1844 488 1876 Nonii
667 1853 814 1883 1323-93
853 1841 937 1872 deest
959 1841 992 1871 A
1153 1849 1235 1878 1323
1273 1837 1386 1868 animo
1429 1836 1517 1866 codd.

190 1890 307 1920 Nonii:
325 1887 474 1919 animum
486 1883 553 1917 cod.
648 1895 730 1926 1324
749 1884 829 1916 uide
842 1882 956 1915 omnia
968 1882 1031 1914 hec
1044 1883 1085 1914 sse
1101 1883 1173 1924 (sset
1185 1881 1232 1922 Β)
1246 1879 1314 1912 cod.
1327 1881 1339 1921 (
1342 1885 1405 1921 pro
1422 1879 1520 1910 uideo

191 1933 263 1973 MR,
283 1933 302 1964 ι’.
320 1943 343 1964 e.
363 1931 534 1971 M1LEs‚a)
552 1941 559 1961 z
584 1940 663 1961 corr.
685 1928 907 1968 Lindemann,
925 1925 1062 1966 Seyffert
1153 1934 1233 1964 1325
1257 1924 1354 1965 quid]
1380 1921 1520 1964 [in]quit

190 1976 258 2008 cod.
395 1976 478 2014 1326
500 1973 581 2018 (tu)
599 1974 653 2004 hic
671 1971 819 2002 Ritsclzl:
843 1970 963 2012 (cum)
980 1970 1045 2000 hoc
1064 1969 1151 2000 Brz'x
1285 1977 1365 2007 1327
1391 1967 1417 1997 si
1440 1966 1516 1998 add.

190 2020 306 2061 Bugge
394 2019 535 2050 sormam
554 2019 585 2049 h.
610 2028 736 2048 morem
755 2016 813 2047 cod
832 2027 838 2047 t
865 2026 942 2046 corr.
961 2013 1102 2054 Pylades
1191 2011 1278 2053 [hic]
1302 2021 1356 2041 an.
1373 2011 1519 2041 attinere

189 2064 244 2095 hic
261 2071 282 2095 t.
303 2063 367 2095 cod.
385 2075 390 2095 :
417 2063 540 2094 correxi
556 2062 678 2098 (Harv.
702 2060 800 2092 siml.
820 2071 854 2099 9,
877 2061 949 2098 127)
1029 2058 1111 2097 sort.
1132 2067 1163 2087 u.
1185 2057 1234 2087 sic
1256 2060 1298 2086 at.
1437 2054 1520 2092 1328

190 2108 299 2147 Quem
316 2107 389 2138 PCD
464 2107 610 2137 lacrumo
629 2105 765 2136 Ribbeck
779 2116 786 2135 ε
804 2104 988 2135 lacrumum
1005 2101 1071 2133 cod.
1149 2100 1353 2139 diiungimur
1365 2098 1519 2129 Camera-

191 2152 260 2182 rius
275 2163 282 2182 z
306 2151 478 2191 diungitur
494 2150 564 2181 cod.
703 2159 786 2188 1330
811 2147 907 2178 ocule
925 2145 1072 2177 Lorenz:
1100 2144 1187 2175 oculi
1205 2143 1270 2174 cod.
1349 2141 1517 2184 (olmeum

191 2195 270 2237 cor)
288 2194 426 2226 Mueller
523 2199 601 2225 tene
621 2194 800 2224 Gruterus:
825 2196 857 2221 te
874 2189 940 2222 cod.
1021 2189 1102 2229 sort.
1123 2198 1266 2227 opsecro
1284 2191 1326 2225 te,
1343 2185 1518 2227 (opsecro,

192 2237 294 2281 tene)
454 2247 533 2277 1331
560 2241 727 2277 quaepost
743 2235 800 2275 qui
817 2235 914 2265 abste
931 2233 996 2264 cod.
1015 2245 1020 2263 :
1047 2242 1125 2263 corr.
1143 2231 1279 2271 Sejffert
1436 2238 1518 2267 1332

192 2282 327 2313 miserat
352 2282 454 2312 currit
477 2287 510 2312 et
536 2282 658 2312 introm
682 2279 822 2320 (intrem
845 2277 890 2318 B)
914 2282 1014 2316 atque
1037 2280 1128 2306 certo
1152 2285 1204 2313 aq.
1231 2273 1295 2305 cod.
1325 2273 1401 2314 (pro
1421 2281 1517 2303 curre

191 2336 268 2356 corr.
291 2335 331 2356 ex
352 2326 445 2367 -rit):
480 2335 558 2357 corr.
585 2324 675 2355 Ital..
693 2323 829 2363 Seyffert
976 2330 1058 2360 1333
1082 2319 1235 2358 quiescat
1267 2317 1400 2348 Luchs:
1434 2319 1517 2355 quot

192 2369 311 2410 (quod)
329 2369 395 2400 cod.
