1783 2707
165 154 241 191 ΙΙΙ.
266 154 309 189 iv
690 155 733 191 T.
770 154 948 193 MACCI
983 155 1184 192 PLAVTI

201 277 241 299 20
261 266 334 301 AG.
368 264 396 302 si
419 264 552 302 exierit
573 266 673 310 leno,
697 277 839 301 censen
863 263 1066 301 hominem
1088 264 1321 314 interrogem
1608 276 1675 311 730

260 331 361 366 meu'
383 342 516 366 seruos
537 329 587 366 ad
609 341 698 366 eum
722 327 955 365 ueneritne?
1003 330 1106 365 Anv.
1140 328 1348 379 quippini?

257 396 331 431 Au.
365 407 454 431 cum
476 392 557 431 auri
579 392 759 431 ducentis
781 393 953 430 nummis
977 392 1196 443 Philippis?
1243 395 1347 431 Anv.
1379 392 1587 443 quippini?

257 461 331 498 Ac..
363 459 415 498 ibi
434 458 631 509 extemplo
647 459 738 496 leno
759 458 911 497 errabit.
962 461 1067 496 Anv.
1092 472 1169 508 qua
1185 460 1235 497 de
1252 461 1319 496 re?
1349 461 1422 496 Ao.
1446 459 1587 507 rogas?

257 524 349 574 quia
371 532 529 562 centum
552 523 724 562 nummis
746 523 866 561 minu’
888 523 1048 562 dicetur.
1111 526 1214 561 Anv.
1247 524 1348 562 bene
1370 532 1493 573 putas.

201 603 237 635 25
259 591 332 627 AG.
364 589 484 627 alium
505 589 683 628 censebit
703 588 919 639 quaeritari.
980 591 1084 627 Anv.
1118 589 1274 627 scilicet.
1606 598 1672 634 735

258 656 330 692 Aa.
364 656 561 705 extemplo
582 653 803 704 denegabit.
863 655 967 691 Amr.
1001 653 1146 691 iuratus
1168 653 1339 703 quidem.

257 722 330 757 Au.
348 721 469 758 homo
483 719 572 757 furti
587 733 671 758 sese
684 719 1032 769 astringet—Abx).
1050 719 1126 756 hau
1141 718 1305 757 dubium
1322 719 1361 756 id
1376 718 1584 768 quidemst.

255 786 329 823 Aa.
355 791 741 835 quantumquantum
759 785 809 821 ad
827 797 916 821 eum
934 783 1004 821 erit
1018 784 1203 821 delatum.
1249 785 1353 820 ADV.
1378 783 1586 833 quippini?

256 852 329 888 Aa.
366 849 561 900 Diespiter
582 863 653 888 uos
674 848 852 899 perduit!
911 851 1015 886 ADv.
1049 857 1086 886 te
1108 847 1316 898 quippini?

196 929 236 959 30
255 917 329 953 Ac.
362 914 428 953 ibo
449 922 487 953 et
508 914 671 965 pultabo
692 913 861 952 ianua'm.
920 915 1025 951 Anv.
1058 913 1120 959 ita,
1144 912 1352 963 quippini?
1604 921 1673 956 740

254 982 329 1018 Ac..
362 980 518 1019 tacendi
540 988 696 1030 tempus
717 987 786 1027 est,
811 993 901 1017 nam
923 986 1157 1029 crepuerunt
1179 980 1289 1016 fores.

252 1045 353 1084 foras
375 1045 549 1096 egredier
570 1045 687 1084 uideo
708 1046 893 1083 lenonem
916 1046 1077 1093 Lycum.

251 1111 386 1150 adeste
408 1125 566 1161 quaeso.
627 1113 730 1148 ADV.
764 1109 974 1160 quippini?
1004 1123 1020 1143 ss
1044 1108 1075 1147 si
1096 1110 1206 1148 uoles

252 1175 403 1226 operire
424 1175 562 1226 capita,
586 1190 635 1214 ne
656 1189 728 1214 nos
749 1176 839 1213 leno
860 1174 1024 1221 nouerit,

194 1252 234 1283 35
255 1240 321 1290 qui
343 1240 395 1279 illi
418 1242 542 1280 malae
564 1241 617 1279 rei
639 1248 769 1279 tantae
790 1239 935 1278 fuimus
956 1238 1101 1278 inlices.
1604 1245 1669 1282 745

203 1361 230 1386 v
348 1350 523 1388 chvs
635 1351 1080 1387 AGORASTOCLES
1191 1350 1484 1388 Anvocix'sl

253 1432 320 1470 Lx'.
355 1432 606 1482 Suspendant
628 1445 766 1470 omnes
787 1430 972 1470 nunciam
995 1445 1035 1470 se
1057 1430 1282 1481 haruspices

252 1510 369 1547 quam
392 1510 463 1547 ego
484 1496 558 1535 illis
579 1498 744 1547 posthac
765 1496 875 1546 quod
895 1497 1105 1547 loquantur
1125 1496 1322 1544 creduam,

252 1561 318 1611 qui
340 1561 380 1600 in
401 1575 440 1600 re
462 1561 597 1600 diuina
616 1562 768 1600 dudum
791 1561 976 1600 dicebant
997 1560 1093 1599 mihi

253 1629 398 1666 malum
422 1629 692 1677 damnumque
714 1640 942 1665 maxumum
964 1626 1211 1677 portendier:

211 1708 228 1739 5
251 1692 281 1732 is
302 1693 493 1744 explicaui
517 1706 643 1731 meam
666 1707 747 1732 rem
769 1692 925 1744 postilla
945 1693 1065 1732 lucro.
1598 1709 1667 1747 750

250 1760 324 1797 AG.
357 1760 486 1797 saluos
507 1758 571 1806 sis,
594 1760 695 1797 leno.
756 1759 825 1796 Lv.
859 1757 899 1797 di
920 1766 958 1797 te
978 1766 1123 1805 ament,
1147 1760 1431 1808 Agorastocles.

250 1826 324 1863 Ac.
357 1824 469 1874 magi'
491 1838 553 1862 me
575 1823 744 1874 benigne
767 1836 872 1862 nunc
894 1825 1038 1862 salutas
1059 1838 1176 1873 quam
1199 1824 1396 1863 antidhac.

250 1889 318 1928 Lv.
351 1887 608 1940 tranquillitas
632 1887 764 1928 euenit
785 1887 897 1939 quasi
918 1887 1009 1927 naui
1030 1889 1069 1927 in
1092 1888 1183 1927 mari
1204 1904 1209 1927 :

291 2005 354 2035 730
380 1995 431 2036 (qli
452 1995 499 2026 ad
515 1996 592 2035 706.
689 2000 829 2027 censent
849 1995 880 2026 P
915 1999 977 2035 pro
995 1996 1135 2025 censen*v
1156 2007 1162 2026 ς
1187 1996 1264 2034 quid
1283 2001 1350 2026 tum
1368 1995 1399 2025 A
1517 2007 1573 2037 731

247 2049 365 2070 seruos
396 2039 552 2080 Geppert:
588 2040 714 2077 seruosi
744 2039 809 2071 cod.
969 2048 1028 2077 732
1053 2049 1152 2078 quom
1181 2039 1246 2069 cod.
1279 2039 1430 2079 ‘antiqua
1445 2040 1574 2080 forma)

248 2092 308 2122 734
333 2083 462 2113 dicetur
479 2083 616 2122 Ri¹lade¹s
634 2096 639 2114 :
665 2084 834 2114 diceretur
849 2082 914 2113 cod.
1032 2092 1090 2121 737
1116 2082 1210 2113 furtis
1227 2093 1283 2113 ese
1300 2087 1360 2113 aut
1375 2083 1490 2115 furtise
1507 2084 1572 2115 cod.

248 2127 317 2164 gvii.
337 2128 372 2165 4)
394 2126 505 2168 {furtis
522 2133 573 2158 est
591 2126 703 2164 B²D*,
724 2127 743 2157 f.
766 2137 802 2157 es
822 2126 918 2166 03³,
939 2125 959 2157 f.
980 2136 999 2156 e
1027 2125 1135 2156 CD-'i
1217 2126 1398 2166 adstringit
1415 2127 1480 2157 cod.
1501 2130 1574 2169 (pro

247 2175 294 2201 -et
306 2170 331 2209 2)
421 2171 556 2210 quidem
573 2171 645 2201 ΡΠ)
664 2182 670 2201 :
696 2170 774 2210 quid
792 2175 843 2200 est
862 2170 892 2199 Β
1027 2179 1089 2207 730
1110 2173 1186 2209 post
1203 2180 1265 2208 740
1277 2171 1389 2209 posuit
1405 2170 1575 2201 Acidalins

250 2223 311 2252 740
335 2215 397 2256 ita]
424 2215 469 2245 ito
486 2215 657 2246 Acz'dalr'ns
802 2223 863 2252 742
889 2213 1026 2252 egredie
1056 2212 1084 2242 T
1106 2217 1143 2243 ut
1157 2213 1218 2246 vid.
1238 2225 1244 2243 ε
1270 2213 1462 2252 egredietur
1478 2214 1571 2245 PCD:

247 2259 365 2297 egredi
394 2269 507 2289 eccum
537 2258 675 2289 Mueller
699 2257 827 2290 (Rhesn.
856 2257 945 2288 Mus.
975 2267 1026 2295 54.
1055 2258 1143 2295 528³·
1174 2267 1255 2286 uam
1284 2258 1439 2296 egredior
1455 2258 1572 2296 forum

245 2306 389 2342 suspecta
503 2312 565 2341 743
590 2301 706 2343 (sine)
727 2302 755 2331 si
779 2300 913 2341 Geppert
1024 2311 1084 2339 744
1110 2301 1241 2339 operite
1258 2299 1402 2341 Scalzger
1511 2312 1570 2341 745

245 2346 317 2387 qui]
337 2346 418 2385 quid
437 2345 524 2376 codd.
546 2345 649 2376 Nonii
662 2346 726 2383 446
745 2346 838 2384 (lpro
855 2344 948 2384 quia)
1026 2343 1133 2374 malae
1151 2344 1199 2374 ire
1217 2345 1241 2374 it
1257 2349 1335 2374 ante
1352 2344 1417 2375 cod.
1512 2347 1572 2384 746

243 2389 358 2420 accedit
373 2389 405 2419 Α
491 2399 567 2419 sese
584 2389 616 2418 A
709 2388 771 2427 748
794 2387 844 2419 vel
856 2387 934 2426 quoi
1009 2387 1063 2417 vix
1079 2387 1157 2417 dina
1259 2397 1322 2426 750
1346 2388 1524 2427 explicauit
1538 2389 1569 2419 A

243 2441 304 2471 752
329 2433 379 2463 vel
395 2443 492 2471 mage
627 2442 689 2472 753
714 2431 808 2472 quasi
834 2431 949 2461 nautin
973 2429 1006 2460 A
1035 2430 1079 2471 (T
1095 2435 1157 2470 pro
1183 2430 1233 2467 I):
1260 2436 1357 2469 quast
1382 2432 1460 2462 naui
1486 2432 1518 2462 in
1543 2433 1574 2463 P

245 2476 286 2515 <T
301 2481 360 2516 pro
381 2475 412 2516 1>

937 2523 960 2533 l
