1731 2713
770 107 947 145 PERSA
1452 104 1520 140 IV.
1542 102 1589 139 iv

113 231 178 269 575
201 224 277 260 Do.
309 221 431 260 modo
451 219 508 258 uti
528 218 649 258 sciam
676 216 813 268 quanti
841 215 998 255 indicet.
1057 217 1131 253 To.
1165 214 1230 252 uin
1256 215 1332 251 huc
1355 215 1523 251 uocem?

160 281 162 284 ’
1020 282 1095 317 Do.
1129 292 1201 328 ego
1223 278 1288 316 illo
1309 292 1520 316 accessero.

197 354 271 390 To.
303 350 399 401 quid
419 349 511 400 agis,
535 349 707 399 hospes?
751 348 844 386 ΞΜ).
876 345 1005 391 uenio,
1029 346 1186 383 adduco
1215 345 1315 381 hanc
1340 344 1389 381 ad
1412 351 1459 390 te,
1482 350 1524 380 ut

1164 409 1315 447 dudum
1338 407 1521 445 dixeram.

196 483 287 520 narn
309 480 390 519 heri
411 480 450 517 in
471 486 627 529 portum
649 485 768 516 noctu
790 476 901 515 nauis
923 475 1041 514 uenit.
1101 474 1223 512 ueniri
1246 474 1346 511 hanc
1368 474 1470 518 uolo,

197 547 228 585 si
249 553 402 597 potest;
432 544 462 583 si
484 557 564 582 non
586 550 725 592 potest,
749 542 791 579 iri
813 541 905 579 hinc
926 542 1018 578 uolo
1040 547 1229 589 quantum
1252 544 1390 588 potest.
1544 549 1585 579 30

199 615 276 652 Do.
308 613 437 650 saluos
458 610 519 657 sis,
543 610 786 648 adulescens.
846 609 937 646 SAG.
971 605 1164 655 siquidem
1187 605 1288 642 hanc
1310 602 1527 641 uendidero

1298 667 1422 718 pretio
1444 680 1525 705 suo.

115 751 183 795 580
200 745 275 782 To.
316 741 425 792 atqui
458 748 525 779 aut
552 741 629 778 hoc
659 746 836 789 emptore
866 738 1016 776 uendes
1049 736 1210 786 pulchre
1244 741 1310 772 aut
1345 733 1421 771 alio
1448 745 1528 770 non

1414 797 1526 848 potis.

198 875 290 913 SAG.
332 885 426 911 esne
453 879 495 910 tu
527 870 618 909 huic
645 869 824 908 amicus?
864 869 938 906 To.
971 875 1050 905 tam
1079 879 1196 916 quam
1225 864 1264 903 di
1295 877 1432 902 omnes
1462 862 1529 912 qui

1208 931 1359 968 caelum
1382 929 1527 966 colunt.

201 1006 277 1043 Do.
310 1010 393 1041 tum
415 1010 456 1040 tu
478 1000 574 1039 mihi
595 1014 635 1039 es
657 999 838 1038 inimicus
860 1005 998 1037 certus.
1061 1009 1152 1034 narn
1173 994 1304 1044 generi
1325 992 1485 1032 lenonio

199 1081 417 1118 numquam
438 1068 539 1104 ullus
560 1066 649 1104 deu’
670 1073 749 1102 tarn
772 1063 965 1112 benignus
986 1061 1057 1099 fuit
1078 1060 1143 1110 qui
1166 1059 1278 1098 fuerit
1299 1057 1500 1108 propitius.
1551 1069 1590 1101 35

200 1135 292 1173 SAG.
322 1134 399 1171 hoc
410 1145 492 1182 age.
533 1137 722 1181 opusnest
739 1131 812 1168 hac
828 1128 899 1167 tibi
913 1128 1074 1177 empta?
1106 1128 1182 1164 Do.
1206 1124 1236 1163 si
1254 1123 1323 1162 tibi
1341 1123 1532 1162 uenissest

1419 1200 1529 1238 opu&

117 1270 180 1315 585
203 1263 298 1302 mihi
323 1275 482 1313 quoque
506 1267 675 1311 emptast
690 1274 701 1308 ;
739 1259 771 1298 si
797 1257 868 1297 tibi
897 1256 1014 1296 subiti
1045 1255 1141 1294 nihil
1162 1262 1230 1302 est,
1247 1254 1532 1292 tantumdemst

1423 1316 1529 1355 mihi.

202 1402 293 1439 SAG.
326 1398 466 1445 indica,
483 1399 544 1436 fac
564 1396 744 1448 pretium.
805 1397 882 1433 Do.
915 1402 982 1432 tua
1002 1405 1103 1431 mers
1124 1399 1192 1437 est,
1209 1398 1274 1429 tua
1295 1387 1529 1428 indicatiost.

201 1467 276 1504 To.
307 1477 477 1515 aequom
498 1463 562 1502 hic
590 1469 685 1501 orat.
744 1462 836 1500 SAG.
869 1459 936 1498 uin
965 1459 1066 1497 bene
1087 1458 1246 1495 emere?
1295 1456 1371 1492 Do.
1404 1452 1471 1491 uin
1491 1460 1533 1490 tu

1151 1522 1313 1572 pulchre
1333 1520 1534 1558 uendere?

202 1598 277 1635 To.
310 1609 383 1646 ego
407 1594 489 1633 scio
516 1595 646 1633 hercle
675 1600 885 1641 utrumque
913 1591 1025 1629 uelle.
1086 1590 1162 1626 Do.
1195 1600 1277 1637 age,
1300 1584 1431 1623 indica
1451 1596 1535 1634 pro·
1554 1597 1595 1628 40

1354 1657 1531 1700 gnarlter.

205 1729 298 1767 SAG.
330 1725 554 1778 priu'dico:
585 1726 687 1763 hane
709 1721 920 1772 mancupio
936 1733 1055 1759 nemo
1072 1719 1141 1758 tibi
1163 1717 1282 1757 dabit.
1333 1716 1409 1754 iarn
1432 1714 1535 1752 scis?

1331 1783 1408 1819 Do.
1440 1779 1532 1818 scio.

122 1870 189 1908 590
207 1857 338 1897 indica
358 1856 524 1895 minimo
544 1857 704 1894 daturus
726 1852 793 1904 qui
814 1852 875 1899 sis,
900 1850 967 1902 qui
988 1850 1079 1889 duci
1101 1855 1228 1899 queat.

208 1925 281 1961 To.
323 1930 418 1969 tace,
451 1929 547 1959 tace.
607 1919 713 1958 nimi'
743 1926 785 1957 tu
819 1917 980 1968 quidem
1014 1916 1143 1954 hercle
1175 1914 1296 1951 homo
1326 1912 1465 1949 stultus
1495 1922 1536 1947 es

1327 1975 1534 2027 pueriliter.

210 2055 286 2092 Do.
319 2052 416 2104 quid
436 2051 518 2090 ita?
565 2053 639 2090 To.
673 2049 764 2100 quia
785 2047 890 2088 enirn
911 2054 950 2085 te
971 2060 1017 2085 ex
1044 2046 1174 2095 puella
1201 2042 1297 2094 priu’
1318 2039 1537 2092 percontari

1445 2106 1538 2143 uolo

253 2223 317 2262 576
339 2222 427 2264 agis]
442 2221 535 2253 aisP
549 2224 586 2251 ut
606 2218 670 2251 vid.
762 2218 804 2249 ad
829 2222 862 2248 te
886 2227 950 2247 om.
970 2215 1004 2246 P
1088 2215 1151 2253 578
1176 2212 1224 2243 ire
1242 2212 1274 2242 P
1359 2211 1423 2250 580
1448 2208 1538 2248 potis

210 2266 259 2298 vel
279 2266 383 2306 potist
408 2265 439 2296 A
460 2278 467 2297 :
491 2270 591 2305 potes
615 2263 648 2294 Ρ
776 2263 837 2301 581
864 2265 962 2291 estne
986 2257 1075 2288 codd.
1209 2256 1273 2294 584
1298 2254 1377 2294 hac]
1404 2254 1486 2284 haec
1509 2251 1543 2281 P

211 2311 274 2349 585
298 2310 400 2341 subiti
431 2320 497 2341 om.
531 2308 564 2339 A
600 2307 661 2347 (iii.
701 2305 734 2346 1)
868 2305 932 2343 586
955 2303 1016 2333 To.
1053 2302 1104 2331 sac
1129 2299 1207 2330 veli
1234 2299 1284 2328 sac
1307 2298 1340 2327 A
1475 2304 1536 2334 591

211 2353 325 2385 hercle
340 2364 404 2384 om.
425 2353 458 2383 A
548 2355 600 2382 est
616 2349 707 2382 codd.
819 2357 882 2388 592
907 2357 950 2377 ex
968 2344 1081 2386 puella
1098 2347 1130 2373 te
1146 2342 1179 2372 A
