1731 2713
38 487 106 530 380

40 942 104 986 385

43 1540 111 1575 390

594 104 996 143 MOSTELLARIA
1390 100 1442 137 ΙΙ.
1465 99 1479 136 i

121 219 212 259 iube
231 220 337 258 abire
358 231 502 256 rusum.
561 215 657 266 quid
678 215 730 252 illi
752 214 892 252 reditio
920 213 923 263 Ι
950 212 1066 251 etiam
1089 213 1165 249 huc
1187 210 1286 249 suit?
1468 226 1507 256 30

124 277 294 324 PfflLOL.
326 283 421 333 quid
445 296 517 332 ego
544 282 686 331 agam?
715 287 824 330 pater
851 278 926 316 iam
956 279 1018 315 hic
1047 291 1109 315 me
1136 277 1309 315 offendet
1338 274 1448 313 mise-

941 357 1025 381 rum
1046 341 1262 381 adueniens
1284 340 1447 386 ebrium,

123 416 231 455 aedis
251 417 386 466 plenas
407 412 665 452 conuiuarum
687 418 724 449 et
747 409 964 447 mulierum.
1026 407 1209 445 miserum
1232 413 1289 444 est
1310 418 1409 454 opus

125 481 238 531 igitur
257 482 417 519 demum
439 479 572 516 fodere
593 484 768 526 puteum,
792 474 859 513 ubi
881 473 962 511 sitis
984 471 1106 510 faucis
1127 479 1258 518 tenet3

124 546 223 584 sicut
243 559 315 595 ego
335 546 509 583 aduentu
529 541 648 592 patris
669 554 775 579 nunc
796 553 941 590 quaero
962 538 1058 588 quid
1079 537 1217 575 faciam
1241 536 1366 575 miser.

125 613 199 649 TR.
232 607 399 659 ecce<re>
417 616 549 645 autem
571 606 634 644 hic
655 604 853 655 deposiuit
874 611 991 653 caput
1013 610 1049 641 et
1071 601 1225 640 dormit.
1283 600 1436 638 suscita.
1472 616 1509 646 35

126 678 296 714 PfflLOL.
329 673 445 712 etiam
466 672 631 722 uigilas?
660 678 778 720 pater,
802 669 975 719 inquam,
998 667 1121 710 aderit
1146 667 1222 704 iam
1244 666 1307 704 hic
1329 678 1450 704 meus.

1051 733 1122 772 CA.
1155 731 1218 769 ain
1240 739 1293 777 tu,
1316 732 1453 780 pater?

125 807 224 845 cedo
259 806 384 843 soleas
421 804 484 850 mi,
518 809 560 840 ut
591 814 698 840 arma
729 801 892 850 capiam.
966 798 1043 836 iam
1074 799 1139 847 pol
1170 810 1242 846 ego
1272 796 1451 834 occidam

1289 869 1451 912 patrem.

127 939 298 975 PfflLOL.
330 935 461 986 perdis
488 947 581 972 rem.
642 934 718 970 DE.
750 939 846 977 tace,
870 930 1024 968 amabo,
1085 930 1255 965 PH1L0L.
1288 925 1454 976 abripite

734 997 840 1034 hunc
861 994 963 1032 intro
984 1000 1158 1031 actutum
1182 991 1281 1030 inter
1302 1004 1453 1029 manus.

127 1069 197 1108 CA.
230 1067 307 1105 iam
328 1067 458 1105 hercle
479 1077 552 1114 ego
573 1076 645 1102 uos
665 1075 735 1113 pro
757 1062 904 1099 matula
929 1059 1097 1105 habebo,
1121 1057 1194 1096 nisi
1217 1057 1311 1095 mihi
1334 1064 1456 1094 matu-

1241 1124 1317 1160 lam
1339 1121 1451 1160 datis.

127 1200 296 1236 PHILOL.
327 1195 445 1246 perii!
475 1196 550 1232 TR.
579 1193 682 1232 habe
698 1193 848 1231 bonurn
869 1190 1043 1228 animum
1063 1204 1069 1227 :
1097 1201 1170 1238 ego
1185 1187 1302 1225 istum
1324 1186 1454 1236 lepide
1473 1199 1514 1231 40

1061 1253 1270 1291 medicabo
1292 1259 1452 1290 metum.

127 1331 298 1367 PHILOL.
340 1328 469 1365 nullus
499 1327 610 1364 sum!
667 1325 743 1361 TR.
781 1329 933 1360 taceas:
973 1333 1046 1370 ego
1074 1320 1141 1369 qui
1167 1318 1287 1356 istaec
1319 1318 1455 1355 sedem

1131 1383 1352 1422 meditabor
1372 1381 1452 1420 tibi.

128 1459 228 1497 satin
247 1458 370 1496 habes
391 1456 422 1494 si
443 1469 515 1506 ego
535 1453 815 1493 aduenientem
836 1453 888 1490 ita
908 1453 1057 1501 pa'trem
1079 1449 1219 1487 faciam
1241 1456 1363 1494 tuom,

129 1538 209 1562 non
242 1524 363 1561 modo
398 1536 448 1560 ne
481 1521 582 1559 intro
616 1527 688 1566 eat,
712 1531 848 1556 uerum
884 1516 1001 1555 etiam
1036 1522 1077 1553 ut
1112 1514 1231 1564 fugiat
1262 1515 1378 1563 longe
1407 1513 1457 1551 ab

1262 1578 1427 1616 aedibus
1441 1580 1457 1616 ?

130 1669 201 1693 uos
218 1656 338 1692 modo
354 1653 446 1691 hinc
459 1651 565 1689 abite
578 1650 680 1688 intro
696 1657 815 1698 atque
829 1649 926 1685 haec
939 1647 1032 1685 hinc
1047 1658 1211 1696 propere
1224 1642 1452 1682 amolimini.

131 1723 301 1758 PHILOL.
329 1718 396 1757 ubi
412 1731 485 1768 ego
501 1717 596 1755 ero?
652 1717 728 1752 TR.
753 1713 821 1752 ubi
838 1725 1020 1751 maxume
1042 1724 1126 1749 esse
1146 1709 1206 1748 uis
1223 1724 1230 1747 :
1245 1722 1347 1747 ‚cum
1369 1708 1456 1753 hac,
1476 1721 1515 1752 45

1142 1788 1231 1813 cum
1254 1774 1349 1812 istac
1370 1773 1454 1811 eris.

131 1853 206 1889 DE.
239 1849 334 1900 quid
356 1848 386 1887 si
407 1848 521 1898 igitur
545 1847 734 1885 abeamus
761 1844 854 1883 hinc
881 1845 983 1882 nos?
1023 1843 1100 1879 TR.
1131 1854 1211 1879 non
1232 1841 1308 1877 hoc
1329 1840 1455 1888 longe,

1228 1903 1455 1954 Delphium.

130 1995 221 2020 nam
241 1981 345 2019 intus
366 1987 498 2030 potate
520 1980 596 2017 hau
617 1978 769 2017 tantillo
790 1977 863 2015 hac
884 1975 1045 2026 quidem
1068 1985 1206 2011 caussa
1227 1970 1365 2008 minus.

174 2096 236 2125 377
262 2084 314 2127 (i)
336 2085 411 2115 iube
429 2083 555 2114 Sclzoell
569 2083 621 2123 (if.
639 2082 777 2123 Sjb’gren
797 2083 806 2100 ί
818 2080 908 2111 Part.
933 2077 1056 2120 Copul.'
1074 2088 1106 2117 p.
1123 2077 1182 2116 85)
1276 2075 1339 2104 huc
1358 2073 1457 2104 etiam

134 2129 344 2161 Camerarius
470 2128 532 2168 378
558 2127 697 2157 offendit
715 2125 779 2156 cod.
798 2126 873 2165 (pro
890 2125 976 2155 -etU
1109 2121 1173 2159 382
1198 2129 1316 2150 eccere
1336 2116 1464 2148 Rstsclzl

132 2178 243 2204 autem
266 2171 430 2214 (iterum)
454 2170 592 2201 Mueller
676 2170 814 2200 suscitat
839 2167 903 2199 cod.
930 2168 1023 2205 (corr.
1050 2165 1107 2205 3⁰)
1242 2163 1305 2201 385
1328 2161 1378 2191 vel
1394 2160 1455 2190 DE.

133 2228 164 2257 p.
185 2227 208 2248 r.
228 2221 249 2248 t.
269 2227 297 2247 a.
390 2216 439 2245 vel
453 2215 517 2246 TR.
537 2215 605 2245 abr.
743 2213 806 2251 387
834 2211 1002 2242 meditabo
1019 2208 1085 2240 cod.
1107 2210 1197 2241 (corr.
1216 2205 1281 2246 D')
1395 2203 1458 2242 388

133 2261 260 2291 nullum
277 2259 342 2291 cod.
362 2259 456 2300 (corr.
474 2258 532 2297 Bss)
673 2258 805 2295 389-90
829 2260 922 2286 tuum
941 2254 1024 2295 [non
1049 2252 1150 2282 modo
1168 2250 1245 2281 hinc
1262 2248 1351 2280 abite
1369 2248 1458 2278 intro

132 2309 231 2344 atque
248 2304 310 2335 hec
327 2302 458 2342 inquid]
478 2302 553 2332 Non
572 2300 672 2331 modo
691 2303 741 2330 ea‘c⁴
761 2298 825 2330 cod.
847 2300 942 2337 (corr.
962 2296 1018 2331 32)
1036 2296 1093 2337 (iv.
1107 2305 1148 2333 3;
1166 2294 1210 2324 iii.
1232 2294 1285 2329 ΙΙ)
1395 2300 1461 2330 390

134 2353 188 2378 eat
199 2347 244 2378 Β2
259 2359 266 2378 z
290 2351 323 2377 at
334 2346 396 2377 cod.
515 2355 578 2384 393
602 2345 630 2374 si
648 2343 769 2374 Bothe:
793 2346 845 2372 est
860 2341 926 2372 cod.
949 2340 1000 2381 (cf.
1018 2338 1065 2370 ad
1076 2338 1155 2378 402)
1275 2346 1337 2376 394
1362 2340 1461 2365 entus

134 2391 198 2423 cod.
219 2392 312 2430 (corr.
331 2389 391 2428 ΒΞ)
413 2389 607 2428 (vixsornm
625 2387 780 2426 antiqua)
