1731 2713
83 373 146 409 225

85 758 153 792 230

89 1353 154 1389 235

618 114 1028 154 TRVCVLENTVS
1434 111 1487 149 II.
1507 110 1522 147 i

158 226 399 277 ,piaculumst
422 226 601 265 miserere
623 238 694 264 nos
715 224 921 263 hominum
944 223 995 261 rei
1018 224 1118 261 male
1139 229 1352 272 gerentum.
1512 233 1551 268 15

328 292 441 331 bonis
463 292 546 331 e'sse
567 298 721 342 oportet
741 289 926 329 dentibus
947 290 1075 327 lenam
1098 288 1272 338 probam,
1295 287 1361 325 ad-

328 357 466 396 -ridere
487 365 527 395 ut
549 356 725 407 quisquis
747 355 879 393 ueniat
901 355 1124 403 blandeque
1145 352 1318 402 adloqui,

331 424 430 460 male
451 423 570 460 corde
591 422 821 467 consultare,
846 420 947 458 bene
968 418 1098 468 lingua
1120 417 1237 467 loqui.

330 487 572 526 meretricem
594 486 761 524 similem
783 485 902 523 sentis
923 497 1008 522 esse
1028 484 1233 529 condecet,

224 565 463 601 quemquem
484 551 685 590 hominem
710 549 886 600 attigerit,
911 550 1087 598 profecto
1108 547 1141 586 ei
1169 556 1235 585 aut
1265 548 1410 585 malum
1431 554 1497 585 aut
1520 559 1558 581 20

1191 614 1380 651 damnum
1402 611 1496 650 dari.

227 696 443 732 numquam
463 682 647 720 amatoris
669 680 911 720 meretricem
933 686 1088 729 oportet
1108 691 1287 716 caussam
1310 691 1482 724 noscere,

226 747 333 798 quin,
367 747 433 785 ubi
472 747 526 784 nil
564 748 643 794 det,
674 759 744 797 pro
783 745 1028 795 infrequente
1067 757 1157 782 eum
1197 743 1324 781 mittat
1364 742 1500 780 militia

1321 809 1496 847 domum.

173 891 302 928 neque
331 892 520 928 umquam
549 878 620 916 erit
649 878 786 928 probu'
817 876 1027 927 quisquam
1061 882 1212 913 amator
1244 873 1317 912 nisi
1348 873 1415 923 qui
1445 872 1498 911 rei

1174 939 1372 978 inimicust
1393 952 1496 977 suae.

173 1011 268 1049 dum
300 1010 454 1056 habeat,
487 1011 570 1047 tum
601 1016 733 1056 amet3
773 1007 841 1047 ubi
873 1007 926 1045 nil
956 1006 1110 1053 habeat,
1143 1005 1262 1043 alium
1293 1012 1499 1054 quaestum

1335 1068 1499 1119 coepiat.

173 1140 301 1192 aequo
321 1140 465 1188 animo,
489 1140 572 1190 ipse
593 1139 622 1178 si
645 1139 698 1177 nil
720 1139 875 1185 habeat,
895 1137 980 1176 aliis
1002 1138 1069 1187 qui
1090 1136 1236 1174 habent
1258 1136 1324 1174 det
1345 1136 1490 1172 locum.
1527 1145 1564 1176 25

176 1220 302 1257 nugae
328 1214 418 1244 sunt
445 1206 518 1244 nisi
543 1205 647 1257 quoi,
672 1205 793 1243 modo
814 1216 936 1254 quom
963 1201 1126 1249 dederit,
1150 1202 1242 1240 dare
1267 1200 1343 1238 iam
1371 1199 1504 1237 lubeat

1347 1266 1505 1312 denu03

177 1338 206 1377 is
227 1346 379 1377 amatur
398 1338 462 1376 hic
481 1338 588 1387 apud
609 1350 692 1384 nos,
714 1335 781 1386 qui
802 1335 911 1385 quod
932 1333 1042 1373 dedit
1061 1332 1102 1371 id
1123 1332 1285 1371 oblitust
1304 1331 1452 1369 datum.

176 1405 322 1454 probus
343 1411 401 1442 est
420 1411 581 1450 amator,
604 1402 671 1452 qui
691 1400 833 1440 relictis
854 1400 970 1438 rebus
991 1412 1073 1437 rem
1094 1397 1221 1448 perdit
1241 1410 1363 1435 suam.

175 1477 214 1508 at
235 1482 307 1507 nos
328 1470 429 1506 male
448 1481 561 1518 agere
581 1466 808 1518 praedicant
828 1465 900 1504 uiri
921 1466 1045 1503 solere
1065 1477 1199 1502 secum

177 1548 329 1585 nosque
344 1547 429 1573 esse
445 1546 593 1572 auaras.
651 1531 718 1583 qui
732 1532 897 1570 sumus?
926 1529 1022 1580 quid
1039 1536 1097 1568 est
1111 1528 1219 1578 quod
1236 1528 1337 1565 male
1353 1526 1504 1577 agimus
1528 1540 1567 1572 30

1317 1592 1477 1630 tandem
1491 1593 1508 1630 ?

178 1680 270 1705 nam
304 1672 456 1704 ecastor
485 1676 703 1714 numquam
737 1661 820 1701 sati'
850 1659 960 1700 dedit
991 1673 1084 1698 suae
1115 1658 1323 1709 quisquam
1357 1656 1508 1696 amicae

1344 1730 1506 1771 amator,

225 1847 288 1876 223
313 1835 462 1867 misereri
483 1833 573 1865 codd.
750 1843 856 1872 224-7
883 1831 1013 1862 metrica
1040 1828 1204 1869 dispositio
1231 1829 1264 1858 in
1290 1826 1323 1856 A
1351 1827 1427 1857 haec
1447 1830 1503 1866 est,

183 1879 470 1919 Bonis—probam
483 1877 595 1916 (iamb.
609 1876 747 1917 sanan),
759 1873 1169 1907 Adridere-—consultare
1181 1871 1296 1911 (iamb.
1313 1881 1418 1901 senar.
1430 1881 1506 1900 cum

180 1925 280 1956 iamb.
308 1923 457 1953 clausula
482 1925 519 1952 ut
552 1921 646 1961 vid),
683 1920 968 1951 Bene—addecet
997 1916 1108 1958 (tt-och.
1134 1915 1310 1956 septenar.)
1443 1924 1506 1952 224

182 1969 336 2009 probram
352 1966 386 1997 Ρ
513 1975 576 2004 225
600 1965 757 2004 adripere
782 1963 960 2002 Buecheler,
987 1962 1048 2001 qui
1074 1964 1216 2001 systema
1242 1958 1420 1989 iambicum
1441 1967 1507 1987 non

181 2012 328 2053 agnoscit
413 2013 448 2040 ut
465 2020 529 2040 om.
543 2009 575 2039 P
660 2008 803 2048 quisque
820 2007 852 2036 A
867 2007 900 2048 (i.
915 2017 939 2037 e.
955 2005 1063 2045 quisq’
1078 2007 1103 2042 2)
1237 2004 1301 2032 226
1324 2000 1506 2032 consultari

182 2057 216 2087 P
316 2055 405 2094 loqui
432 2053 546 2092 lingua
571 2053 604 2083 Ρ
748 2062 809 2090 227
835 2061 910 2082 esse
937 2049 1078 2081 similem
1112 2047 1219 2078 sentis
1251 2057 1279 2078 e.
1310 2045 1361 2076 P:
1399 2044 1506 2075 sentis

183 2100 324 2131 similem
342 2108 417 2129 esse
434 2097 575 2128 addecet
597 2096 630 2127 A
765 2096 829 2126 228
853 2094 1028 2133 attingerit
1047 2093 1080 2123 Ρ
1167 2091 1198 2121 ei
1223 2101 1289 2122 om.
1308 2089 1342 2119 Ρ
1426 2089 1507 2118 dare

183 2144 286 2174 Botlze
304 2143 417 2183 etforl.
436 2141 468 2172 A
604 2152 667 2181 230
691 2151 764 2171 cum
788 2139 901 2170 mittas
927 2138 959 2168 P
1091 2147 1151 2177 231
1178 2136 1354 2175 quisquam
1382 2131 1507 2171 probus

185 2189 250 2219 erit
266 2186 298 2217 P
383 2197 456 2226 232,
477 2197 539 2226 233
559 2190 634 2228 post
649 2195 712 2225 235
723 2184 757 2215 Ρ
834 2194 897 2223 232
914 2183 991 2214 dum
1009 2193 1072 2214 am.
1092 2179 1282 2211 Lambinus
1355 2176 1455 2206 habet
1471 2174 1504 2204 A

185 2242 249 2272 233
272 2232 327 2262 vix
342 2232 435 2262 troch.
455 2235 612 2272 septenar.
718 2230 798 2260 dent
815 2227 848 2258 P
979 2237 1041 2266 234
1068 2225 1147 2264 quoi
1173 2223 1273 2254 modo
1292 2222 1332 2259 (ll
1359 2217 1508 2250 Schoell:

185 2277 241 2316 qui
273 2277 372 2306 modo
398 2276 453 2306 A:
485 2276 598 2315 quodo
623 2274 723 2305 modo
749 2273 854 2313 (quod
886 2271 1008 2302 amodo
1038 2269 1126 2302 PCD)
1160 2267 1193 2297 P
1322 2262 1444 2304 diberit
1470 2261 1504 2291 A

187 2321 299 2351 iubeat
315 2319 348 2350 Ρ
491 2329 554 2359 235
579 2319 659 2358 quid
676 2318 766 2358 quod
783 2317 853 2348 edit
870 2315 936 2346 iobi
953 2314 1023 2352 (iob
1039 2311 1126 2349 PCD)
1145 2316 1219 2342 atus
1233 2310 1262 2340 d.
1282 2308 1315 2339 P
1365 2312 1376 2319 ·
1413 2350 1419 2356 1
1443 2305 1507 2345 238

185 2364 242 2404 qui
259 2365 288 2394 si
306 2373 496 2404 mumquam
513 2364 629 2394 alenos
641 2362 681 2402 P,
696 2366 758 2402 pro
775 2360 832 2400 qui
848 2360 952 2390 simus
971 2358 1006 2398 (i.
1019 2368 1043 2388 e.
1063 2356 1191 2395 sumus)
1210 2354 1266 2394 qui
1283 2351 1350 2394 (vel
1363 2350 1443 2390 quid
1460 2349 1511 2398 vql

186 2419 281 2448 quae.
302 2409 356 2439 vix
377 2408 456 2448 quia
479 2407 617 2446 antiqua
630 2406 749 2446 forma
773 2407 858 2435 neut.
873 2401 979 2444 plur.)
999 2399 1084 2431 male
1103 2409 1165 2429 nos
1327 2405 1390 2435 239
1414 2394 1507 2424 dedit

186 2453 311 2483 amicae
331 2453 397 2491 (sic,
419 2455 494 2482 nola
511 2449 740 2490 corruptelael)
758 2446 891 2487 quisqui
907 2449 1051 2486 amattor
1068 2453 1152 2475 suae
1167 2441 1200 2471 A
