<?xml version="1.0" encoding="UTF-8"?>
<!DOCTYPE html PUBLIC "-//W3C//DTD XHTML 1.0 Transitional//EN"
    "http://www.w3.org/TR/xhtml1/DTD/xhtml1-transitional.dtd">
<html xmlns="http://www.w3.org/1999/xhtml" xml:lang="en" lang="en">
 <head>
  <title>
</title>
<meta http-equiv="Content-Type" content="text/html;charset=utf-8" />
  <meta name='ocr-system' content='tesseract 3.04.00' />
  <meta name='ocr-capabilities' content='ocr_page ocr_carea ocr_par ocr_line ocrx_word'/>
</head>
<body>
  <div class='ocr_page' id='page_1' title='image "./tmacciplauticomo02plauuoft_0327.png"; bbox 0 0 1731 2713; ppageno 0'>
   <div class='ocr_carea' id='block_1_1' title="bbox 103 310 187 346">
    <p class='ocr_par' dir='ltr' id='par_1_1' title="bbox 103 310 187 346">
     <span class='ocr_line' id='line_1_1' title="bbox 103 310 187 346; baseline 0.024 -2"><span class='ocrx_word' id='word_1_1' title='bbox 103 310 187 346; x_wconf 83' lang='lat'>1075</span> 
     </span>
    </p>
   </div>
   <div class='ocr_carea' id='block_1_2' title="bbox 94 694 184 728">
    <p class='ocr_par' dir='ltr' id='par_1_2' title="bbox 94 694 184 728">
     <span class='ocr_line' id='line_1_2' title="bbox 94 694 184 728; baseline -0.011 0"><span class='ocrx_word' id='word_1_2' title='bbox 94 694 184 728; x_wconf 88' lang='lat'>1080</span> 
     </span>
    </p>
   </div>
   <div class='ocr_carea' id='block_1_3' title="bbox 93 1023 178 1066">
    <p class='ocr_par' dir='ltr' id='par_1_3' title="bbox 93 1023 178 1066">
     <span class='ocr_line' id='line_1_3' title="bbox 93 1023 178 1066; baseline 0.024 -11"><span class='ocrx_word' id='word_1_3' title='bbox 93 1023 178 1066; x_wconf 82' lang='lat'>1085</span> 
     </span>
    </p>
   </div>
   <div class='ocr_carea' id='block_1_4' title="bbox 90 1421 181 1459">
    <p class='ocr_par' dir='ltr' id='par_1_4' title="bbox 90 1421 181 1459">
     <span class='ocr_line' id='line_1_4' title="bbox 90 1421 181 1459; baseline -0.011 -11"><span class='ocrx_word' id='word_1_4' title='bbox 90 1421 181 1459; x_wconf 91' lang='lat'>1090</span> 
     </span>
    </p>
   </div>
   <div class='ocr_carea' id='block_1_5' title="bbox 85 1805 170 1843">
    <p class='ocr_par' dir='ltr' id='par_1_5' title="bbox 85 1805 170 1843">
     <span class='ocr_line' id='line_1_5' title="bbox 85 1805 170 1843; baseline 0 -12"><span class='ocrx_word' id='word_1_5' title='bbox 85 1805 170 1843; x_wconf 81' lang='grc'>1095</span> 
     </span>
    </p>
   </div>
   <div class='ocr_carea' id='block_1_6' title="bbox 707 129 1527 170">
    <p class='ocr_par' dir='ltr' id='par_1_6' title="bbox 707 129 1527 170">
     <span class='ocr_line' id='line_1_6' title="bbox 707 129 1527 170; baseline 0.005 -4"><span class='ocrx_word' id='word_1_6' title='bbox 707 129 1025 168; x_wconf 70' lang='lat' dir='ltr'>PSEVDOLVS</span> <span class='ocrx_word' id='word_1_7' title='bbox 1460 133 1527 170; x_wconf 79' lang='lat' dir='ltr'>IV.</span> 
     </span>
    </p>
   </div>
   <div class='ocr_carea' id='block_1_7' title="bbox 313 238 1410 483">
    <p class='ocr_par' dir='ltr' id='par_1_7' title="bbox 315 238 1316 352">
     <span class='ocr_line' id='line_1_7' title="bbox 316 238 1316 288; baseline 0.002 -12"><span class='ocrx_word' id='word_1_8' title='bbox 316 238 491 276; x_wconf 85' lang='lat' dir='ltr'>omnibu’</span> <span class='ocrx_word' id='word_1_9' title='bbox 513 239 640 277; x_wconf 87' lang='lat' dir='ltr'>modis</span> <span class='ocrx_word' id='word_1_10' title='bbox 662 238 732 277; x_wconf 84' lang='lat' dir='ltr'>tibi</span> <span class='ocrx_word' id='word_1_11' title='bbox 754 252 838 277; x_wconf 84' lang='lat' dir='ltr'>esse</span> <span class='ocrx_word' id='word_1_12' title='bbox 859 253 938 277; x_wconf 86' lang='lat' dir='ltr'>rem</span> <span class='ocrx_word' id='word_1_13' title='bbox 961 247 1002 277; x_wconf 89' lang='lat' dir='ltr'>ut</span> <span class='ocrx_word' id='word_1_14' title='bbox 1023 241 1171 278; x_wconf 78' lang='lat' dir='ltr'>saluam</span> <span class='ocrx_word' id='word_1_15' title='bbox 1193 240 1316 288; x_wconf 71' lang='lat' dir='ltr'>scias;</span> 
     </span>
     <span class='ocr_line' id='line_1_8' title="bbox 315 303 1192 352; baseline 0.001 -12"><span class='ocrx_word' id='word_1_16' title='bbox 315 311 434 352; x_wconf 77' lang='lat' dir='ltr'>atque</span> <span class='ocrx_word' id='word_1_17' title='bbox 455 303 571 341; x_wconf 78' lang='lat' dir='ltr'>ctiam</span> <span class='ocrx_word' id='word_1_18' title='bbox 594 303 738 341; x_wconf 76' lang='lat' dir='ltr'>habeto</span> <span class='ocrx_word' id='word_1_19' title='bbox 760 303 961 342; x_wconf 83' lang='lat' dir='ltr'>mulierem</span> <span class='ocrx_word' id='word_1_20' title='bbox 983 305 1090 342; x_wconf 82' lang='lat' dir='ltr'>dono</span> <span class='ocrx_word' id='word_1_21' title='bbox 1112 304 1192 342; x_wconf 76' lang='lat' dir='ltr'>tibi.</span> 
     </span>
    </p>

    <p class='ocr_par' dir='ltr' id='par_1_8' title="bbox 313 367 1410 483">
     <span class='ocr_line' id='line_1_9' title="bbox 315 367 1410 419; baseline 0.004 -16"><span class='ocrx_word' id='word_1_22' title='bbox 315 368 431 404; x_wconf 66' lang='lat' dir='ltr'>Simo.</span> <span class='ocrx_word' id='word_1_23' title='bbox 464 369 652 406; x_wconf 81' lang='lat' dir='ltr'>nullumst</span> <span class='ocrx_word' id='word_1_24' title='bbox 674 367 873 418; x_wconf 82' lang='lat' dir='ltr'>periclum,</span> <span class='ocrx_word' id='word_1_25' title='bbox 897 369 1005 418; x_wconf 80' lang='lat' dir='ltr'>quod</span> <span class='ocrx_word' id='word_1_26' title='bbox 1026 369 1158 416; x_wconf 83' lang='lat' dir='ltr'>sciam,</span> <span class='ocrx_word' id='word_1_27' title='bbox 1182 369 1410 419; x_wconf 62' lang='lat' dir='ltr'>sstpularier,</span> 
     </span>
     <span class='ocr_line' id='line_1_10' title="bbox 313 433 1069 483; baseline 0.001 -14"><span class='ocrx_word' id='word_1_28' title='bbox 313 440 354 469; x_wconf 84' lang='lat' dir='ltr'>ut</span> <span class='ocrx_word' id='word_1_29' title='bbox 374 433 590 482; x_wconf 80' lang='lat' dir='ltr'>concepisti</span> <span class='ocrx_word' id='word_1_30' title='bbox 612 433 755 471; x_wconf 77' lang='lat' dir='ltr'>uerba:</span> <span class='ocrx_word' id='word_1_31' title='bbox 786 433 922 483; x_wconf 84' lang='lat' dir='ltr'>uiginti</span> <span class='ocrx_word' id='word_1_32' title='bbox 944 433 1069 471; x_wconf 79' lang='lat' dir='ltr'>minas</span> 
     </span>
    </p>
   </div>
   <div class='ocr_carea' id='block_1_8' title="bbox 311 497 1531 604">
    <p class='ocr_par' dir='ltr' id='par_1_9' title="bbox 311 497 1531 604">
     <span class='ocr_line' id='line_1_11' title="bbox 311 497 1531 548; baseline 0.003 -14"><span class='ocrx_word' id='word_1_33' title='bbox 311 497 461 536; x_wconf 62' lang='lat' dir='ltr'>thibin?</span> <span class='ocrx_word' id='word_1_34' title='bbox 519 499 589 536; x_wconf 69' lang='lat' dir='ltr'>BA.</span> <span class='ocrx_word' id='word_1_35' title='bbox 621 498 831 537; x_wconf 78' lang='lat' dir='ltr'>dabuntur.</span> <span class='ocrx_word' id='word_1_36' title='bbox 891 499 1007 537; x_wconf 73' lang='lat' dir='ltr'>Smo.</span> <span class='ocrx_word' id='word_1_37' title='bbox 1046 499 1121 537; x_wconf 89' lang='lat' dir='ltr'>hoc</span> <span class='ocrx_word' id='word_1_38' title='bbox 1161 499 1321 548; x_wconf 81' lang='lat' dir='ltr'>quidem</span> <span class='ocrx_word' id='word_1_39' title='bbox 1362 508 1531 538; x_wconf 78' lang='lat' dir='ltr'>actumst</span> 
     </span>
     <span class='ocr_line' id='line_1_12' title="bbox 1319 567 1528 604; baseline 0.01 -2"><span class='ocrx_word' id='word_1_40' title='bbox 1319 567 1395 603; x_wconf 77' lang='lat' dir='ltr'>hau</span> <span class='ocrx_word' id='word_1_41' title='bbox 1419 568 1528 604; x_wconf 78' lang='lat' dir='ltr'>male.</span> 
     </span>
    </p>
   </div>
   <div class='ocr_carea' id='block_1_9' title="bbox 306 628 1508 1138">
    <p class='ocr_par' dir='ltr' id='par_1_10' title="bbox 310 628 1508 809">
     <span class='ocr_line' id='line_1_13' title="bbox 311 628 1472 668; baseline 0.003 -3"><span class='ocrx_word' id='word_1_42' title='bbox 311 629 379 666; x_wconf 80' lang='lat' dir='ltr'>sed</span> <span class='ocrx_word' id='word_1_43' title='bbox 401 628 650 667; x_wconf 82' lang='lat' dir='ltr'>conuenistin</span> <span class='ocrx_word' id='word_1_44' title='bbox 670 629 904 668; x_wconf 82' lang='lat' dir='ltr'>hominem?</span> <span class='ocrx_word' id='word_1_45' title='bbox 962 632 1031 668; x_wconf 72' lang='lat' dir='ltr'>BA.</span> <span class='ocrx_word' id='word_1_46' title='bbox 1066 631 1187 668; x_wconf 80' lang='lat' dir='ltr'>immo</span> <span class='ocrx_word' id='word_1_47' title='bbox 1207 631 1327 668; x_wconf 78' lang='lat' dir='ltr'>ambo</span> <span class='ocrx_word' id='word_1_48' title='bbox 1348 631 1472 668; x_wconf 81' lang='lat' dir='ltr'>simul.</span> 
     </span>
     <span class='ocr_line' id='line_1_14' title="bbox 310 693 1508 744; baseline 0.003 -14"><span class='ocrx_word' id='word_1_49' title='bbox 310 694 426 731; x_wconf 71' lang='lat' dir='ltr'>Smo.</span> <span class='ocrx_word' id='word_1_50' title='bbox 460 693 556 743; x_wconf 85' lang='lat' dir='ltr'>quid</span> <span class='ocrx_word' id='word_1_51' title='bbox 575 693 657 732; x_wconf 82' lang='lat' dir='ltr'>ait?</span> <span class='ocrx_word' id='word_1_52' title='bbox 687 694 782 744; x_wconf 82' lang='lat' dir='ltr'>quid</span> <span class='ocrx_word' id='word_1_53' title='bbox 804 697 963 733; x_wconf 80' lang='lat' dir='ltr'>narrat?</span> <span class='ocrx_word' id='word_1_54' title='bbox 993 708 1151 744; x_wconf 80' lang='lat' dir='ltr'>quaeso,</span> <span class='ocrx_word' id='word_1_55' title='bbox 1175 695 1271 744; x_wconf 79' lang='lat' dir='ltr'>quid</span> <span class='ocrx_word' id='word_1_56' title='bbox 1293 695 1387 734; x_wconf 85' lang='lat' dir='ltr'>dicit</span> <span class='ocrx_word' id='word_1_57' title='bbox 1409 695 1508 733; x_wconf 84' lang='lat' dir='ltr'>tibi?</span> 
     </span>
     <span class='ocr_line' id='line_1_15' title="bbox 310 759 1269 809; baseline 0.003 -14"><span class='ocrx_word' id='word_1_58' title='bbox 310 759 380 795; x_wconf 64' lang='lat' dir='ltr'>BA.</span> <span class='ocrx_word' id='word_1_59' title='bbox 413 772 534 808; x_wconf 81' lang='lat' dir='ltr'>nugas</span> <span class='ocrx_word' id='word_1_60' title='bbox 556 759 706 806; x_wconf 79' lang='lat' dir='ltr'>theatri,</span> <span class='ocrx_word' id='word_1_61' title='bbox 730 760 850 798; x_wconf 79' lang='lat' dir='ltr'>uerba</span> <span class='ocrx_word' id='word_1_62' title='bbox 870 774 971 809; x_wconf 84' lang='lat' dir='ltr'>quae</span> <span class='ocrx_word' id='word_1_63' title='bbox 992 760 1030 798; x_wconf 88' lang='lat' dir='ltr'>in</span> <span class='ocrx_word' id='word_1_64' title='bbox 1052 760 1269 798; x_wconf 80' lang='lat' dir='ltr'>comoediis</span> 
     </span>
    </p>

    <p class='ocr_par' dir='ltr' id='par_1_11' title="bbox 307 824 1126 875">
     <span class='ocr_line' id='line_1_16' title="bbox 307 824 1126 875; baseline 0.004 -15"><span class='ocrx_word' id='word_1_65' title='bbox 307 824 434 861; x_wconf 77' lang='lat' dir='ltr'>solent</span> <span class='ocrx_word' id='word_1_66' title='bbox 455 824 587 861; x_wconf 81' lang='lat' dir='ltr'>lenoni</span> <span class='ocrx_word' id='word_1_67' title='bbox 608 824 696 871; x_wconf 89' lang='lat' dir='ltr'>dici,</span> <span class='ocrx_word' id='word_1_68' title='bbox 722 838 823 875; x_wconf 82' lang='lat' dir='ltr'>quae</span> <span class='ocrx_word' id='word_1_69' title='bbox 844 825 953 875; x_wconf 86' lang='lat' dir='ltr'>pueri</span> <span class='ocrx_word' id='word_1_70' title='bbox 975 826 1102 863; x_wconf 87' lang='lat' dir='ltr'>sciunt</span> <span class='ocrx_word' id='word_1_71' title='bbox 1120 841 1126 864; x_wconf 94' lang='lat'><strong>:</strong></span> 
     </span>
    </p>

    <p class='ocr_par' dir='ltr' id='par_1_12' title="bbox 308 889 1345 940">
     <span class='ocr_line' id='line_1_17' title="bbox 308 889 1345 940; baseline 0.005 -16"><span class='ocrx_word' id='word_1_72' title='bbox 308 889 455 925; x_wconf 81' lang='lat' dir='ltr'>malum</span> <span class='ocrx_word' id='word_1_73' title='bbox 476 896 514 926; x_wconf 84' lang='lat' dir='ltr'>et</span> <span class='ocrx_word' id='word_1_74' title='bbox 535 891 744 927; x_wconf 83' lang='lat' dir='ltr'>scelestum</span> <span class='ocrx_word' id='word_1_75' title='bbox 767 898 804 928; x_wconf 87' lang='lat' dir='ltr'>et</span> <span class='ocrx_word' id='word_1_76' title='bbox 825 889 1017 940; x_wconf 85' lang='lat' dir='ltr'>peiiurum</span> <span class='ocrx_word' id='word_1_77' title='bbox 1039 891 1144 929; x_wconf 78' lang='lat' dir='ltr'>aibat</span> <span class='ocrx_word' id='word_1_78' title='bbox 1165 904 1250 930; x_wconf 80' lang='lat' dir='ltr'>esse</span> <span class='ocrx_word' id='word_1_79' title='bbox 1271 905 1345 930; x_wconf 89' lang='lat' dir='ltr'>me.</span> 
     </span>
    </p>

    <p class='ocr_par' dir='ltr' id='par_1_13' title="bbox 308 954 1478 1067">
     <span class='ocr_line' id='line_1_18' title="bbox 309 954 1478 1006; baseline 0.003 -15"><span class='ocrx_word' id='word_1_80' title='bbox 309 954 424 991; x_wconf 77' lang='lat' dir='ltr'>S1Mo.</span> <span class='ocrx_word' id='word_1_81' title='bbox 458 955 524 1003; x_wconf 92' lang='lat' dir='ltr'>pol</span> <span class='ocrx_word' id='word_1_82' title='bbox 545 955 857 993; x_wconf 71' lang='lat' dir='ltr'>haumentitust.</span> <span class='ocrx_word' id='word_1_83' title='bbox 919 957 988 993; x_wconf 79' lang='lat' dir='ltr'>BA.</span> <span class='ocrx_word' id='word_1_84' title='bbox 1022 969 1113 1006; x_wconf 85' lang='lat' dir='ltr'>ergo</span> <span class='ocrx_word' id='word_1_85' title='bbox 1134 957 1241 995; x_wconf 81' lang='lat' dir='ltr'>haud</span> <span class='ocrx_word' id='word_1_86' title='bbox 1262 956 1379 995; x_wconf 77' lang='lat' dir='ltr'>iratus</span> <span class='ocrx_word' id='word_1_87' title='bbox 1401 957 1478 996; x_wconf 85' lang='lat' dir='ltr'>fui:</span> 
     </span>
     <span class='ocr_line' id='line_1_19' title="bbox 308 1019 1177 1067; baseline 0.005 -12"><span class='ocrx_word' id='word_1_88' title='bbox 308 1031 399 1055; x_wconf 82' lang='lat' dir='ltr'>narn</span> <span class='ocrx_word' id='word_1_89' title='bbox 421 1019 556 1067; x_wconf 81' lang='lat' dir='ltr'>quanti</span> <span class='ocrx_word' id='word_1_90' title='bbox 578 1021 691 1057; x_wconf 89' lang='lat' dir='ltr'>refert</span> <span class='ocrx_word' id='word_1_91' title='bbox 713 1028 750 1058; x_wconf 88' lang='lat' dir='ltr'>te</span> <span class='ocrx_word' id='word_1_92' title='bbox 771 1020 806 1058; x_wconf 86' lang='lat' dir='ltr'>ei</span> <span class='ocrx_word' id='word_1_93' title='bbox 827 1034 900 1058; x_wconf 85' lang='lat' dir='ltr'>nec</span> <span class='ocrx_word' id='word_1_94' title='bbox 922 1028 1026 1058; x_wconf 89' lang='lat' dir='ltr'>recte</span> <span class='ocrx_word' id='word_1_95' title='bbox 1047 1021 1177 1059; x_wconf 78' lang='lat' dir='ltr'>dicere</span> 
     </span>
    </p>

    <p class='ocr_par' dir='ltr' id='par_1_14' title="bbox 306 1082 1243 1138">
     <span class='ocr_line' id='line_1_20' title="bbox 306 1082 1243 1138; baseline 0.005 -19"><span class='ocrx_word' id='word_1_96' title='bbox 306 1083 374 1132; x_wconf 84' lang='lat' dir='ltr'>qui</span> <span class='ocrx_word' id='word_1_97' title='bbox 394 1082 505 1120; x_wconf 88' lang='lat' dir='ltr'>nihili</span> <span class='ocrx_word' id='word_1_98' title='bbox 526 1083 642 1122; x_wconf 81' lang='lat' dir='ltr'>faciat</span> <span class='ocrx_word' id='word_1_99' title='bbox 662 1084 810 1134; x_wconf 80' lang='lat' dir='ltr'>quique</span> <span class='ocrx_word' id='word_1_100' title='bbox 831 1084 1076 1138; x_wconf 16' lang='lat' dir='ltr'>infitiare-non</span> <span class='ocrx_word' id='word_1_101' title='bbox 1098 1088 1189 1124; x_wconf 77' lang='lat' dir='ltr'>eat?</span> <span class='ocrx_word' id='word_1_102' title='bbox 1241 1091 1243 1094; x_wconf 80' lang='grc'>’</span> 
     </span>
    </p>
   </div>
   <div class='ocr_carea' id='block_1_10' title="bbox 1550 133 1595 169">
    <p class='ocr_par' dir='ltr' id='par_1_15' title="bbox 1550 133 1595 169">
     <span class='ocr_line' id='line_1_21' title="bbox 1550 133 1595 169; baseline 0.022 -1"><span class='ocrx_word' id='word_1_103' title='bbox 1550 133 1595 169; x_wconf 90' lang='lat' dir='ltr'>vi</span> 
     </span>
    </p>
   </div>
   <div class='ocr_carea' id='block_1_11' title="bbox 1553 452 1589 482">
    <p class='ocr_par' dir='ltr' id='par_1_16' title="bbox 1553 452 1589 482">
     <span class='ocr_line' id='line_1_22' title="bbox 1553 452 1589 482; baseline 0 0"><span class='ocrx_word' id='word_1_104' title='bbox 1553 452 1589 482; x_wconf 79' lang='lat'>¹5</span> 
     </span>
    </p>
   </div>
   <div class='ocr_carea' id='block_1_12' title="bbox 1550 841 1589 863">
    <p class='ocr_par' dir='ltr' id='par_1_17' title="bbox 1550 841 1589 863">
     <span class='ocr_line' id='line_1_23' title="bbox 1550 841 1589 863; baseline 0 0"><span class='ocrx_word' id='word_1_105' title='bbox 1550 841 1589 863; x_wconf 87' lang='lat'>20</span> 
     </span>
    </p>
   </div>
   <div class='ocr_carea' id='block_1_13' title="bbox 306 1141 1588 1200">
    <p class='ocr_par' dir='ltr' id='par_1_18' title="bbox 306 1141 1588 1200">
     <span class='ocr_line' id='line_1_24' title="bbox 306 1141 1588 1200; baseline 0.005 -14"><span class='ocrx_word' id='word_1_106' title='bbox 306 1148 422 1186; x_wconf 81' lang='lat' dir='ltr'>SIMO.</span> <span class='ocrx_word' id='word_1_107' title='bbox 455 1148 552 1198; x_wconf 87' lang='lat' dir='ltr'>quid</span> <span class='ocrx_word' id='word_1_108' title='bbox 581 1151 669 1188; x_wconf 82' lang='lat' dir='ltr'>est?</span> <span class='ocrx_word' id='word_1_109' title='bbox 707 1148 804 1200; x_wconf 88' lang='lat' dir='ltr'>quid</span> <span class='ocrx_word' id='word_1_110' title='bbox 828 1141 915 1188; x_wconf 44' lang='grc' dir='ltr'>ἶ11011</span> <span class='ocrx_word' id='word_1_111' title='bbox 943 1157 1116 1188; x_wconf 82' lang='lat' dir='ltr'>metuam</span> <span class='ocrx_word' id='word_1_112' title='bbox 1137 1152 1188 1189; x_wconf 85' lang='lat' dir='ltr'>ab</span> <span class='ocrx_word' id='word_1_113' title='bbox 1209 1154 1286 1190; x_wconf 90' lang='lat' dir='ltr'>eo?</span> <span class='ocrx_word' id='word_1_114' title='bbox 1325 1152 1365 1191; x_wconf 85' lang='lat' dir='ltr'>id</span> <span class='ocrx_word' id='word_1_115' title='bbox 1392 1152 1527 1191; x_wconf 82' lang='lat' dir='ltr'>audire</span> <span class='ocrx_word' id='word_1_116' title='bbox 1549 1164 1588 1195; x_wconf 87' lang='lat'>25</span> 
     </span>
    </p>
   </div>
   <div class='ocr_carea' id='block_1_14' title="bbox 1373 1226 1523 1268">
    <p class='ocr_par' dir='ltr' id='par_1_19' title="bbox 1373 1226 1523 1268">
     <span class='ocr_line' id='line_1_25' title="bbox 1373 1226 1523 1268; baseline 0.007 -13"><span class='ocrx_word' id='word_1_117' title='bbox 1373 1226 1523 1268; x_wconf 86' lang='lat' dir='ltr'>expeto.</span> 
     </span>
    </p>
   </div>
   <div class='ocr_carea' id='block_1_15' title="bbox 296 1279 1522 2055">
    <p class='ocr_par' dir='ltr' id='par_1_20' title="bbox 306 1279 1522 1334">
     <span class='ocr_line' id='line_1_26' title="bbox 306 1279 1522 1334; baseline 0.005 -18"><span class='ocrx_word' id='word_1_118' title='bbox 306 1280 376 1317; x_wconf 77' lang='lat' dir='ltr'>BA.</span> <span class='ocrx_word' id='word_1_119' title='bbox 401 1279 493 1329; x_wconf 79' lang='lat' dir='ltr'>quia</span> <span class='ocrx_word' id='word_1_120' title='bbox 512 1294 731 1331; x_wconf 84' lang='lat' dir='ltr'>numquam</span> <span class='ocrx_word' id='word_1_121' title='bbox 751 1281 924 1320; x_wconf 85' lang='lat' dir='ltr'>abducet</span> <span class='ocrx_word' id='word_1_122' title='bbox 951 1281 1154 1320; x_wconf 84' lang='lat' dir='ltr'>mulierem</span> <span class='ocrx_word' id='word_1_123' title='bbox 1176 1281 1265 1330; x_wconf 80' lang='lat' dir='ltr'>iam,</span> <span class='ocrx_word' id='word_1_124' title='bbox 1289 1296 1363 1321; x_wconf 88' lang='lat' dir='ltr'>nec</span> <span class='ocrx_word' id='word_1_125' title='bbox 1382 1292 1522 1334; x_wconf 84' lang='lat' dir='ltr'>potest,</span> 
     </span>
    </p>

    <p class='ocr_par' dir='ltr' id='par_1_21' title="bbox 304 1345 1223 1386">
     <span class='ocr_line' id='line_1_27' title="bbox 304 1345 1223 1386; baseline 0.004 -4"><span class='ocrx_word' id='word_1_126' title='bbox 304 1357 327 1382; x_wconf 82' lang='lat' dir='ltr'>a</span> <span class='ocrx_word' id='word_1_127' title='bbox 347 1358 420 1383; x_wconf 88' lang='lat' dir='ltr'>me.</span> <span class='ocrx_word' id='word_1_128' title='bbox 481 1345 721 1383; x_wconf 85' lang='lat' dir='ltr'>meministin</span> <span class='ocrx_word' id='word_1_129' title='bbox 743 1346 813 1384; x_wconf 88' lang='lat' dir='ltr'>tibi</span> <span class='ocrx_word' id='word_1_130' title='bbox 835 1360 898 1385; x_wconf 87' lang='lat' dir='ltr'>me</span> <span class='ocrx_word' id='word_1_131' title='bbox 920 1348 1072 1385; x_wconf 86' lang='lat' dir='ltr'>dudum</span> <span class='ocrx_word' id='word_1_132' title='bbox 1093 1347 1223 1386; x_wconf 85' lang='lat' dir='ltr'>dicere</span> 
     </span>
    </p>

    <p class='ocr_par' dir='ltr' id='par_1_22' title="bbox 305 1409 1008 1450">
     <span class='ocr_line' id='line_1_28' title="bbox 305 1409 1008 1450; baseline 0.006 -4"><span class='ocrx_word' id='word_1_133' title='bbox 305 1422 391 1446; x_wconf 81' lang='lat' dir='ltr'>eam</span> <span class='ocrx_word' id='word_1_134' title='bbox 413 1409 581 1448; x_wconf 80' lang='lat' dir='ltr'>ue&#39;niisse</span> <span class='ocrx_word' id='word_1_135' title='bbox 603 1410 715 1448; x_wconf 88' lang='lat' dir='ltr'>militi</span> <span class='ocrx_word' id='word_1_136' title='bbox 738 1411 1008 1450; x_wconf 80' lang='lat' dir='ltr'>Macedonio?</span> 
     </span>
    </p>

    <p class='ocr_par' dir='ltr' id='par_1_23' title="bbox 303 1475 1521 1584">
     <span class='ocr_line' id='line_1_29' title="bbox 303 1475 1521 1530; baseline 0.006 -19"><span class='ocrx_word' id='word_1_137' title='bbox 303 1475 420 1513; x_wconf 79' lang='lat' dir='ltr'>S1Mo,</span> <span class='ocrx_word' id='word_1_138' title='bbox 453 1475 626 1514; x_wconf 87' lang='lat' dir='ltr'>memini.</span> <span class='ocrx_word' id='word_1_139' title='bbox 677 1478 749 1514; x_wconf 80' lang='lat' dir='ltr'>BA.</span> <span class='ocrx_word' id='word_1_140' title='bbox 782 1476 844 1515; x_wconf 77' lang='lat' dir='ltr'>em</span> <span class='ocrx_word' id='word_1_141' title='bbox 865 1476 967 1516; x_wconf 83' lang='lat' dir='ltr'>illius</span> <span class='ocrx_word' id='word_1_142' title='bbox 989 1490 1122 1516; x_wconf 83' lang='lat' dir='ltr'>seruos</span> <span class='ocrx_word' id='word_1_143' title='bbox 1143 1479 1221 1517; x_wconf 89' lang='lat' dir='ltr'>huc</span> <span class='ocrx_word' id='word_1_144' title='bbox 1241 1480 1292 1517; x_wconf 81' lang='lat' dir='ltr'>ad</span> <span class='ocrx_word' id='word_1_145' title='bbox 1313 1493 1376 1518; x_wconf 89' lang='lat' dir='ltr'>me</span> <span class='ocrx_word' id='word_1_146' title='bbox 1391 1493 1521 1530; x_wconf 81' lang='lat' dir='ltr'>argen-</span> 
     </span>
     <span class='ocr_line' id='line_1_30' title="bbox 1288 1545 1521 1584; baseline 0.009 -2"><span class='ocrx_word' id='word_1_147' title='bbox 1288 1552 1371 1582; x_wconf 87' lang='lat' dir='ltr'>tum</span> <span class='ocrx_word' id='word_1_148' title='bbox 1393 1545 1521 1584; x_wconf 80' lang='lat' dir='ltr'>attulit</span> 
     </span>
    </p>

    <p class='ocr_par' dir='ltr' id='par_1_24' title="bbox 300 1604 1346 1659">
     <span class='ocr_line' id='line_1_31' title="bbox 300 1604 1346 1659; baseline 0.006 -17"><span class='ocrx_word' id='word_1_149' title='bbox 300 1612 338 1643; x_wconf 89' lang='lat' dir='ltr'>et</span> <span class='ocrx_word' id='word_1_150' title='bbox 358 1604 607 1655; x_wconf 79' lang='lat' dir='ltr'>opsignatum</span> <span class='ocrx_word' id='word_1_151' title='bbox 628 1606 1030 1647; x_wconf 80' lang='lat' dir='ltr'>sumbolum—SIMO.</span> <span class='ocrx_word' id='word_1_152' title='bbox 1063 1609 1159 1658; x_wconf 88' lang='lat' dir='ltr'>quid</span> <span class='ocrx_word' id='word_1_153' title='bbox 1180 1611 1346 1659; x_wconf 81' lang='lat' dir='ltr'>postea?</span> 
     </span>
    </p>

    <p class='ocr_par' dir='ltr' id='par_1_25' title="bbox 301 1670 1414 1721">
     <span class='ocr_line' id='line_1_32' title="bbox 301 1670 1414 1721; baseline 0.007 -15"><span class='ocrx_word' id='word_1_154' title='bbox 301 1671 371 1707; x_wconf 74' lang='lat' dir='ltr'>BA.</span> <span class='ocrx_word' id='word_1_155' title='bbox 403 1670 470 1720; x_wconf 88' lang='lat' dir='ltr'>qui</span> <span class='ocrx_word' id='word_1_156' title='bbox 492 1670 591 1709; x_wconf 89' lang='lat' dir='ltr'>inter</span> <span class='ocrx_word' id='word_1_157' title='bbox 611 1685 674 1709; x_wconf 90' lang='lat' dir='ltr'>me</span> <span class='ocrx_word' id='word_1_158' title='bbox 694 1679 814 1721; x_wconf 80' lang='lat' dir='ltr'>atque</span> <span class='ocrx_word' id='word_1_159' title='bbox 834 1671 945 1710; x_wconf 87' lang='lat' dir='ltr'>illum</span> <span class='ocrx_word' id='word_1_160' title='bbox 966 1673 1129 1712; x_wconf 90' lang='lat' dir='ltr'>militem</span> <span class='ocrx_word' id='word_1_161' title='bbox 1152 1683 1414 1714; x_wconf 83' lang='lat' dir='ltr'>conuenerat:</span> 
     </span>
    </p>

    <p class='ocr_par' dir='ltr' id='par_1_26' title="bbox 300 1733 1277 1789">
     <span class='ocr_line' id='line_1_33' title="bbox 300 1733 1277 1789; baseline 0.006 -17"><span class='ocrx_word' id='word_1_162' title='bbox 300 1733 331 1772; x_wconf 87' lang='lat' dir='ltr'>is</span> <span class='ocrx_word' id='word_1_163' title='bbox 352 1748 486 1773; x_wconf 83' lang='lat' dir='ltr'>secum</span> <span class='ocrx_word' id='word_1_164' title='bbox 507 1735 670 1774; x_wconf 84' lang='lat' dir='ltr'>abduxit</span> <span class='ocrx_word' id='word_1_165' title='bbox 692 1735 894 1775; x_wconf 86' lang='lat' dir='ltr'>mulierem</span> <span class='ocrx_word' id='word_1_166' title='bbox 917 1738 994 1775; x_wconf 82' lang='lat' dir='ltr'>hau</span> <span class='ocrx_word' id='word_1_167' title='bbox 1017 1740 1141 1777; x_wconf 89' lang='lat' dir='ltr'>multo</span> <span class='ocrx_word' id='word_1_168' title='bbox 1162 1739 1277 1789; x_wconf 81' lang='lat' dir='ltr'>priu&#39;s.</span> 
     </span>
    </p>

    <p class='ocr_par' dir='ltr' id='par_1_27' title="bbox 299 1799 1520 1845">
     <span class='ocr_line' id='line_1_34' title="bbox 299 1799 1520 1845; baseline 0.007 -9"><span class='ocrx_word' id='word_1_169' title='bbox 299 1799 416 1837; x_wconf 64' lang='lat' dir='ltr'>Shno.</span> <span class='ocrx_word' id='word_1_170' title='bbox 467 1799 600 1838; x_wconf 81' lang='lat' dir='ltr'>bonan</span> <span class='ocrx_word' id='word_1_171' title='bbox 648 1801 728 1840; x_wconf 87' lang='lat' dir='ltr'>fide</span> <span class='ocrx_word' id='word_1_172' title='bbox 775 1801 874 1841; x_wconf 87' lang='lat' dir='ltr'>istuc</span> <span class='ocrx_word' id='word_1_173' title='bbox 922 1802 1050 1841; x_wconf 85' lang='lat' dir='ltr'>dieis?</span> <span class='ocrx_word' id='word_1_174' title='bbox 1121 1806 1191 1842; x_wconf 85' lang='lat' dir='ltr'>BA.</span> <span class='ocrx_word' id='word_1_175' title='bbox 1225 1806 1331 1844; x_wconf 89' lang='lat' dir='ltr'>unde</span> <span class='ocrx_word' id='word_1_176' title='bbox 1379 1819 1424 1844; x_wconf 81' lang='lat' dir='ltr'>ea</span> <span class='ocrx_word' id='word_1_177' title='bbox 1471 1806 1520 1845; x_wconf 86' lang='lat' dir='ltr'>sit</span> 
     </span>
    </p>

    <p class='ocr_par' dir='ltr' id='par_1_28' title="bbox 296 1872 1519 2055">
     <span class='ocr_line' id='line_1_35' title="bbox 1394 1872 1519 1910; baseline 0.008 -1"><span class='ocrx_word' id='word_1_178' title='bbox 1394 1872 1519 1910; x_wconf 83' lang='lat' dir='ltr'>mihi?</span> 
     </span>
     <span class='ocr_line' id='line_1_36' title="bbox 296 1930 1463 1987; baseline 0.007 -20"><span class='ocrx_word' id='word_1_179' title='bbox 296 1931 413 1969; x_wconf 81' lang='lat' dir='ltr'>SIMO.</span> <span class='ocrx_word' id='word_1_180' title='bbox 446 1930 539 1969; x_wconf 90' lang='lat' dir='ltr'>uide</span> <span class='ocrx_word' id='word_1_181' title='bbox 560 1931 681 1970; x_wconf 79' lang='lat' dir='ltr'>modo</span> <span class='ocrx_word' id='word_1_182' title='bbox 703 1945 752 1971; x_wconf 90' lang='lat' dir='ltr'>ne</span> <span class='ocrx_word' id='word_1_183' title='bbox 773 1932 851 1972; x_wconf 89' lang='lat' dir='ltr'>illic</span> <span class='ocrx_word' id='word_1_184' title='bbox 872 1933 921 1971; x_wconf 83' lang='lat' dir='ltr'>sit</span> <span class='ocrx_word' id='word_1_185' title='bbox 942 1936 1228 1974; x_wconf 82' lang='lat' dir='ltr'>contechnatus</span> <span class='ocrx_word' id='word_1_186' title='bbox 1250 1935 1463 1987; x_wconf 82' lang='lat' dir='ltr'>quippiam.</span> 
     </span>
     <span class='ocr_line' id='line_1_37' title="bbox 296 1996 1248 2055; baseline 0.007 -22"><span class='ocrx_word' id='word_1_187' title='bbox 296 1997 366 2034; x_wconf 85' lang='lat' dir='ltr'>BA.</span> <span class='ocrx_word' id='word_1_188' title='bbox 399 1996 566 2046; x_wconf 83' lang='lat' dir='ltr'>epistula</span> <span class='ocrx_word' id='word_1_189' title='bbox 585 2005 704 2047; x_wconf 82' lang='lat' dir='ltr'>atque</span> <span class='ocrx_word' id='word_1_190' title='bbox 724 1997 854 2049; x_wconf 84' lang='lat' dir='ltr'>imago</span> <span class='ocrx_word' id='word_1_191' title='bbox 875 2013 939 2055; x_wconf 86' lang='lat' dir='ltr'>me</span> <span class='ocrx_word' id='word_1_192' title='bbox 960 2007 1109 2038; x_wconf 89' lang='lat' dir='ltr'>certum</span> <span class='ocrx_word' id='word_1_193' title='bbox 1131 2001 1223 2052; x_wconf 84' lang='lat' dir='ltr'>facit</span> <span class='ocrx_word' id='word_1_194' title='bbox 1238 2017 1248 2050; x_wconf 84' lang='grc'>,-</span> 
     </span>
    </p>
   </div>
   <div class='ocr_carea' id='block_1_16' title="bbox 180 2101 1516 2480">
    <p class='ocr_par' dir='ltr' id='par_1_29' title="bbox 180 2101 1516 2480">
     <span class='ocr_line' id='line_1_38' title="bbox 234 2101 1516 2148; baseline 0.006 -17"><span class='ocrx_word' id='word_1_195' title='bbox 234 2102 317 2140; x_wconf 84' lang='grc'>1076</span> <span class='ocrx_word' id='word_1_196' title='bbox 340 2101 467 2132; x_wconf 91' lang='lat' dir='ltr'>nullum</span> <span class='ocrx_word' id='word_1_197' title='bbox 485 2102 793 2144; x_wconf 83' lang='lat' dir='ltr'>pe1·iclurnstP(cs.</span> <span class='ocrx_word' id='word_1_198' title='bbox 813 2105 861 2135; x_wconf 84' lang='lat' dir='ltr'>ad</span> <span class='ocrx_word' id='word_1_199' title='bbox 881 2105 975 2136; x_wconf 79' lang='lat' dir='ltr'>Merc.</span> <span class='ocrx_word' id='word_1_200' title='bbox 1002 2106 1083 2146; x_wconf 81' lang='lat'>330)</span> <span class='ocrx_word' id='word_1_201' title='bbox 1252 2109 1400 2148; x_wconf 71' lang='lat'>1079-86</span> <span class='ocrx_word' id='word_1_202' title='bbox 1424 2109 1516 2140; x_wconf 74' lang='lat' dir='ltr'>inler-</span> 
     </span>
     <span class='ocr_line' id='line_1_39' title="bbox 180 2144 1514 2192; baseline 0.007 -18"><span class='ocrx_word' id='word_1_203' title='bbox 180 2144 325 2185; x_wconf 80' lang='lat' dir='ltr'>polatori</span> <span class='ocrx_word' id='word_1_204' title='bbox 345 2145 474 2176; x_wconf 78' lang='lat' dir='ltr'>ascribit</span> <span class='ocrx_word' id='word_1_205' title='bbox 496 2145 663 2187; x_wconf 80' lang='lat' dir='ltr'>K1&#39;essl1&#39;ng</span> <span class='ocrx_word' id='word_1_206' title='bbox 797 2150 879 2179; x_wconf 84' lang='lat'>1080</span> <span class='ocrx_word' id='word_1_207' title='bbox 903 2150 987 2180; x_wconf 86' lang='lat' dir='ltr'>dixit</span> <span class='ocrx_word' id='word_1_208' title='bbox 1009 2150 1113 2180; x_wconf 72' lang='lat' dir='ltr'>Bothe</span> <span class='ocrx_word' id='word_1_209' title='bbox 1132 2150 1178 2188; x_wconf 87' lang='lat' dir='ltr'>(A</span> <span class='ocrx_word' id='word_1_210' title='bbox 1198 2162 1229 2182; x_wconf 85' lang='lat' dir='ltr'>n.</span> <span class='ocrx_word' id='word_1_211' title='bbox 1250 2152 1287 2182; x_wconf 53' lang='lat' dir='ltr'>Li</span> <span class='ocrx_word' id='word_1_212' title='bbox 1433 2154 1514 2192; x_wconf 88' lang='lat'>1083</span> 
     </span>
     <span class='ocr_line' id='line_1_40' title="bbox 185 2188 1515 2233; baseline 0.007 -15"><span class='ocrx_word' id='word_1_213' title='bbox 185 2188 323 2219; x_wconf 85' lang='lat' dir='ltr'>aiebant</span> <span class='ocrx_word' id='word_1_214' title='bbox 337 2188 371 2218; x_wconf 87' lang='lat' dir='ltr'><em>P</em></span> <span class='ocrx_word' id='word_1_215' title='bbox 502 2191 694 2229; x_wconf 89' lang='lat'>1085—1119</span> <span class='ocrx_word' id='word_1_216' title='bbox 717 2190 801 2222; x_wconf 84' lang='lat' dir='ltr'>deest</span> <span class='ocrx_word' id='word_1_217' title='bbox 814 2192 847 2222; x_wconf 90' lang='lat' dir='ltr'><em>A</em></span> <span class='ocrx_word' id='word_1_218' title='bbox 964 2194 1045 2233; x_wconf 86' lang='lat'>1085</span> <span class='ocrx_word' id='word_1_219' title='bbox 1072 2195 1173 2225; x_wconf 84' lang='lat' dir='ltr'>refert</span> <span class='ocrx_word' id='word_1_220' title='bbox 1191 2199 1224 2225; x_wconf 89' lang='lat' dir='ltr'>te</span> <span class='ocrx_word' id='word_1_221' title='bbox 1242 2195 1248 2224; x_wconf 86' lang='lat' dir='ltr'>i</span> <span class='ocrx_word' id='word_1_222' title='bbox 1269 2195 1329 2233; x_wconf 73' lang='lat' dir='ltr'>(T)</span> <span class='ocrx_word' id='word_1_223' title='bbox 1348 2196 1396 2226; x_wconf 80' lang='lat' dir='ltr'>vel</span> <span class='ocrx_word' id='word_1_224' title='bbox 1411 2196 1515 2227; x_wconf 84' lang='lat' dir='ltr'>refert</span> 
     </span>
     <span class='ocr_line' id='line_1_41' title="bbox 186 2231 1515 2278; baseline 0.007 -17"><span class='ocrx_word' id='word_1_225' title='bbox 186 2231 217 2261; x_wconf 89' lang='lat' dir='ltr'>ei</span> <span class='ocrx_word' id='word_1_226' title='bbox 235 2231 337 2271; x_wconf 52' lang='lat' dir='ltr'>(PBCi</span> <span class='ocrx_word' id='word_1_227' title='bbox 357 2232 424 2263; x_wconf 89' lang='lat' dir='ltr'>cod.</span> <span class='ocrx_word' id='word_1_228' title='bbox 539 2234 622 2264; x_wconf 84' lang='lat'>1086</span> <span class='ocrx_word' id='word_1_229' title='bbox 645 2235 727 2265; x_wconf 88' lang='lat' dir='ltr'>nihil</span> <span class='ocrx_word' id='word_1_230' title='bbox 743 2235 809 2267; x_wconf 88' lang='lat' dir='ltr'>cod.</span> <span class='ocrx_word' id='word_1_231' title='bbox 925 2238 1005 2276; x_wconf 86' lang='lat'>1087</span> <span class='ocrx_word' id='word_1_232' title='bbox 1032 2238 1110 2276; x_wconf 90' lang='lat' dir='ltr'>quid</span> <span class='ocrx_word' id='word_1_233' title='bbox 1125 2243 1177 2269; x_wconf 86' lang='lat' dir='ltr'>est</span> <span class='ocrx_word' id='word_1_234' title='bbox 1194 2239 1283 2278; x_wconf 90' lang='lat' dir='ltr'>quod</span> <span class='ocrx_word' id='word_1_235' title='bbox 1302 2238 1515 2270; x_wconf 79' lang='lat' dir='ltr'>Camerarius</span> 
     </span>
     <span class='ocr_line' id='line_1_42' title="bbox 185 2276 1511 2323; baseline 0.006 -18"><span class='ocrx_word' id='word_1_236' title='bbox 185 2280 332 2306; x_wconf 86' lang='lat' dir='ltr'>metuam</span> <span class='ocrx_word' id='word_1_237' title='bbox 347 2276 471 2307; x_wconf 80' lang='lat' dir='ltr'>Bothe:</span> <span class='ocrx_word' id='word_1_238' title='bbox 496 2282 625 2308; x_wconf 76' lang='lat' dir='ltr'>metuas</span> <span class='ocrx_word' id='word_1_239' title='bbox 642 2277 708 2310; x_wconf 87' lang='lat' dir='ltr'>cod.</span> <span class='ocrx_word' id='word_1_240' title='bbox 847 2280 929 2309; x_wconf 91' lang='lat'><em>1088</em></span> <span class='ocrx_word' id='word_1_241' title='bbox 953 2281 1096 2311; x_wconf 85' lang='lat' dir='ltr'>abducet</span> <span class='ocrx_word' id='word_1_242' title='bbox 1119 2281 1271 2322; x_wconf 68' lang='lat' dir='ltr'>Bentley:</span> <span class='ocrx_word' id='word_1_243' title='bbox 1308 2282 1343 2323; x_wconf 82' lang='lat' dir='ltr'>[a</span> <span class='ocrx_word' id='word_1_244' title='bbox 1368 2282 1436 2323; x_wconf 89' lang='lat' dir='ltr'>me]</span> <span class='ocrx_word' id='word_1_245' title='bbox 1455 2284 1511 2313; x_wconf 88' lang='lat' dir='ltr'>ab·</span> 
     </span>
     <span class='ocr_line' id='line_1_43' title="bbox 186 2318 1513 2366; baseline 0.007 -18"><span class='ocrx_word' id='word_1_246' title='bbox 186 2318 285 2349; x_wconf 89' lang='lat' dir='ltr'>ducet</span> <span class='ocrx_word' id='word_1_247' title='bbox 297 2319 366 2350; x_wconf 82' lang='lat' dir='ltr'><em>cod.</em></span> <span class='ocrx_word' id='word_1_248' title='bbox 385 2321 435 2361; x_wconf 67' lang='lat' dir='ltr'>(ef.</span> <span class='ocrx_word' id='word_1_249' title='bbox 455 2321 551 2361; x_wconf 68' lang='lat'>1089)</span> <span class='ocrx_word' id='word_1_250' title='bbox 710 2322 793 2362; x_wconf 89' lang='lat'>1089</span> <span class='ocrx_word' id='word_1_251' title='bbox 816 2333 835 2353; x_wconf 92' lang='lat' dir='ltr'>a</span> <span class='ocrx_word' id='word_1_252' title='bbox 857 2333 909 2353; x_wconf 87' lang='lat' dir='ltr'>me</span> <span class='ocrx_word' id='word_1_253' title='bbox 931 2334 998 2354; x_wconf 83' lang='lat' dir='ltr'>om.</span> <span class='ocrx_word' id='word_1_254' title='bbox 1015 2324 1078 2355; x_wconf 82' lang='lat' dir='ltr'><em>cod.</em></span> <span class='ocrx_word' id='word_1_255' title='bbox 1101 2326 1152 2364; x_wconf 68' lang='lat' dir='ltr'>(cjz</span> <span class='ocrx_word' id='word_1_256' title='bbox 1174 2326 1269 2362; x_wconf 68' lang='lat'><em>1088)</em></span> <span class='ocrx_word' id='word_1_257' title='bbox 1429 2337 1513 2366; x_wconf 84' lang='lat'>1090</span> 
     </span>
     <span class='ocr_line' id='line_1_44' title="bbox 185 2361 1510 2407; baseline 0.007 -15"><span class='ocrx_word' id='word_1_258' title='bbox 185 2361 236 2392; x_wconf 86' lang='lat' dir='ltr'>vel</span> <span class='ocrx_word' id='word_1_259' title='bbox 248 2362 385 2393; x_wconf 71' lang='lat' dir='ltr'>uenisse</span> <span class='ocrx_word' id='word_1_260' title='bbox 521 2375 603 2403; x_wconf 88' lang='lat'>1092</span> <span class='ocrx_word' id='word_1_261' title='bbox 627 2364 696 2395; x_wconf 89' lang='lat' dir='ltr'>ebs·</span> <span class='ocrx_word' id='word_1_262' title='bbox 713 2375 791 2397; x_wconf 73' lang='lat' dir='ltr'>corr.</span> <span class='ocrx_word' id='word_1_263' title='bbox 812 2365 975 2396; x_wconf 78' lang='lat' dir='ltr'>obs-Pul</span> <span class='ocrx_word' id='word_1_264' title='bbox 985 2367 1048 2398; x_wconf 80' lang='lat' dir='ltr'><em>vid.</em></span> <span class='ocrx_word' id='word_1_265' title='bbox 1068 2370 1124 2407; x_wconf 88' lang='lat' dir='ltr'>(eo</span> <span class='ocrx_word' id='word_1_266' title='bbox 1141 2368 1211 2399; x_wconf 82' lang='lat' dir='ltr'>obs.</span> <span class='ocrx_word' id='word_1_267' title='bbox 1236 2369 1262 2399; x_wconf 87' lang='lat' dir='ltr'><em>T</em></span> <span class='ocrx_word' id='word_1_268' title='bbox 1279 2381 1285 2399; x_wconf 92' lang='lat'>:</span> <span class='ocrx_word' id='word_1_269' title='bbox 1311 2369 1396 2400; x_wconf 86' lang='lat' dir='ltr'>eboh</span> <span class='ocrx_word' id='word_1_270' title='bbox 1414 2380 1439 2400; x_wconf 86' lang='lat' dir='ltr'>s.</span> <span class='ocrx_word' id='word_1_271' title='bbox 1459 2370 1510 2402; x_wconf 84' lang='lat' dir='ltr'>B:</span> 
     </span>
     <span class='ocr_line' id='line_1_45' title="bbox 185 2405 1509 2453; baseline 0.008 -19"><span class='ocrx_word' id='word_1_272' title='bbox 185 2415 262 2436; x_wconf 76' lang='lat' dir='ltr'>corr.</span> <span class='ocrx_word' id='word_1_273' title='bbox 282 2405 372 2446; x_wconf 83' lang='lat' dir='ltr'>PCD)</span> <span class='ocrx_word' id='word_1_274' title='bbox 474 2418 556 2447; x_wconf 87' lang='lat'>1095</span> <span class='ocrx_word' id='word_1_275' title='bbox 579 2408 699 2438; x_wconf 88' lang='lat' dir='ltr'>bonam</span> <span class='ocrx_word' id='word_1_276' title='bbox 717 2408 817 2440; x_wconf 87' lang='lat' dir='ltr'>fidem</span> <span class='ocrx_word' id='word_1_277' title='bbox 833 2409 898 2441; x_wconf 91' lang='lat' dir='ltr'>cod.</span> <span class='ocrx_word' id='word_1_278' title='bbox 921 2410 1015 2451; x_wconf 79' lang='lat' dir='ltr'>(corr.</span> <span class='ocrx_word' id='word_1_279' title='bbox 1033 2411 1067 2441; x_wconf 83' lang='lat' dir='ltr'>in</span> <span class='ocrx_word' id='word_1_280' title='bbox 1084 2411 1129 2452; x_wconf 88' lang='grc' dir='ltr'>Β)</span> <span class='ocrx_word' id='word_1_281' title='bbox 1235 2415 1318 2453; x_wconf 90' lang='lat'>1096</span> <span class='ocrx_word' id='word_1_282' title='bbox 1334 2413 1382 2444; x_wconf 84' lang='lat' dir='ltr'>vel</span> <span class='ocrx_word' id='word_1_283' title='bbox 1397 2418 1509 2445; x_wconf 89' lang='lat' dir='ltr'>conte-</span> 
     </span>
     <span class='ocr_line' id='line_1_46' title="bbox 185 2449 340 2480; baseline 0.013 -2"><span class='ocrx_word' id='word_1_284' title='bbox 185 2449 340 2480; x_wconf 87' lang='lat' dir='ltr'>chinatus</span> 
     </span>
    </p>
   </div>
   <div class='ocr_carea' id='block_1_17' title="bbox 1541 1621 1581 1652">
    <p class='ocr_par' dir='ltr' id='par_1_30' title="bbox 1541 1621 1581 1652">
     <span class='ocr_line' id='line_1_47' title="bbox 1541 1621 1581 1652; baseline 0 -9"><span class='ocrx_word' id='word_1_285' title='bbox 1541 1621 1581 1652; x_wconf 77' lang='lat'>30</span> 
     </span>
    </p>
   </div>
   <div class='ocr_carea' id='block_1_18' title="bbox 1536 2012 1575 2045">
    <p class='ocr_par' dir='ltr' id='par_1_31' title="bbox 1536 2012 1575 2045">
     <span class='ocr_line' id='line_1_48' title="bbox 1536 2012 1575 2045; baseline 0.077 -3"><span class='ocrx_word' id='word_1_286' title='bbox 1536 2012 1575 2045; x_wconf 84' lang='lat'>35</span> 
     </span>
    </p>
   </div>
  </div>
 </body>
</html>
