1731 2713
108 361 176 399 530

107 688 170 724 535

105 1078 172 1114 540

102 1402 165 1439 545

748 109 974 146 RVDENS
1468 111 1520 147 ΙΙ.
1544 110 1590 146 vi

304 234 393 258 cum
416 219 658 258 uestimentis
680 227 888 269 postquam
910 232 980 268 aps
1001 227 1038 256 te
1058 219 1147 264 abii,
1170 221 1292 267 algeo.

304 286 381 323 Cn.
415 299 463 323 ne
485 284 788 334 thermopolium
811 283 971 334 quidem
995 285 1117 321 ullum
1146 282 1149 334 Ι
1177 283 1342 331 instruit,
1543 301 1585 332 45

303 349 355 387 ita
375 351 515 387 salsam
538 349 739 399 praehibet
760 348 963 398 potionem
986 356 1023 386 et
1044 347 1234 398 frigidam.

304 417 372 453 Lx.
406 423 447 453 ut
468 415 650 454 fortunati
674 423 763 453 sunt
785 413 881 453 fabri
903 413 1044 452 ferrarii

300 480 367 530 qui
388 481 494 530 apud
515 481 705 519 carbones
725 480 908 519 adsident
927 483 933 518 1
965 492 1119 529 semper
1139 481 1280 519 calent.

301 547 378 584 (ΣΗ.
412 545 560 583 utinam
582 547 736 583 fortuna
757 559 862 583 nunc
883 545 1041 583 anetina
1067 545 1071 596 1
1099 553 1235 592 uterer,

302 618 342 649 ut
364 624 484 661 quom
506 610 683 649 exiissem
712 618 714 661 J
743 625 789 649 cx
809 624 922 660 aqua,
945 624 1092 649 arerem
1116 618 1259 649 tamen.
1544 623 1585 654 50

302 677 371 713 LA.
404 675 499 725 quid
521 674 551 714 si
572 675 705 725 aliquo
725 677 775 714 ad
797 676 913 713 ludos
935 688 997 713 me
1017 688 1088 725 pro
1110 676 1309 714 manduco
1334 677 1492 715 locem?

300 743 377 780 (ΓΗ.
410 742 676 791 quapropter?
733 742 803 778 LA.
837 740 929 790 quia
950 742 1015 791 pol
1037 743 1138 779 clare
1157 740 1305 791 crepito
1321 741 1518 780 dentibus,

300 807 376 845 CH.
410 805 490 843 iure
512 813 676 855 optumo
699 818 761 843 me
782 805 973 846 †lauisse†
994 805 1168 844 arbitror.

301 872 370 908 LA.
416 870 512 921 qui?
595 873 671 910 CH.
716 870 808 920 quia
847 872 851 921 j
892 872 1077 910 auderem
1117 879 1247 909 tecum
1293 871 1331 908 in
1377 884 1519 910 nauem

1293 937 1518 983 ascendere,

298 1001 364 1051 qui
384 1014 407 1039 a
427 1002 686 1040 fundamento
708 1001 760 1038 mi
782 1015 906 1051 usque
928 1001 1085 1039 mouisti
1108 1015 1222 1039 mare.
1540 1013 1578 1045 55

299 1067 367 1103 Lx.
401 1065 470 1104 tibi
490 1066 720 1111 auscultaui,
743 1075 783 1104 tu
805 1066 1061 1117 promittebas
1083 1066 1178 1104 mihi

297 1130 349 1169 illi
371 1145 455 1170 esse
476 1139 681 1182 quaestum
706 1145 933 1170 maxumum
956 1131 1236 1180 meretricibus,

296 1196 351 1235 ibi
371 1210 434 1236 me
455 1210 643 1236 conruere
664 1210 780 1247 posse
800 1196 933 1235 aiebas
954 1196 1079 1236 ditias.

297 1263 374 1301 CH.
407 1261 483 1300 iam
505 1254 733 1312 postulabas
754 1270 803 1311 te,
827 1262 1007 1313 inpurata
1027 1263 1154 1310 belua,

296 1334 418 1366 totam
440 1326 611 1366 Siciliam
633 1329 913 1367 deuoraturum
934 1328 1132 1367 insulam?
1536 1330 1578 1363 60

297 1393 365 1430 LA.
399 1406 594 1442 quaenam
615 1393 795 1432 ballaena
815 1395 947 1432 me'um
969 1393 1123 1432 uorauit
1144 1393 1335 1441 nidulum,

293 1471 430 1496 aurum
451 1465 570 1508 atque
590 1466 794 1509 argentum
816 1458 884 1497 ubi
906 1472 1024 1497 omne
1045 1467 1298 1509 compactum
1320 1459 1423 1498 fuit?

293 1524 370 1563 CH.
403 1524 542 1563 eadem
564 1523 638 1572 illa,
662 1525 791 1571 credo,
815 1538 917 1574 quae
938 1538 1070 1563 meum
1092 1524 1374 1575 marsuppium,

292 1589 400 1638 quod
421 1590 581 1639 plenum
603 1589 751 1639 argenti
772 1589 843 1628 fuit
864 1589 904 1626 in
925 1589 1148 1639 sacciperio.

296 1655 364 1691 LA.
388 1655 507 1692 eheu!
538 1655 718 1693 redactus
735 1668 822 1692 sum
840 1667 964 1704 usque
977 1655 1028 1693 ad
1043 1667 1161 1692 unam
1179 1655 1281 1692 hanc
1298 1653 1514 1694 tuniculam
1534 1661 1574 1701 65

293 1727 330 1758 et
351 1720 400 1758 ad
423 1721 499 1759 hoc
521 1720 714 1758 misellum
736 1719 910 1770 pallium.
970 1719 1065 1770 perii
1086 1719 1258 1770 oppido-l

292 1787 369 1824 CH.
403 1786 465 1824 uel
486 1785 713 1824 consociare
734 1785 829 1823 mihi
851 1784 1013 1835 quidem
1034 1792 1164 1823 tecum
1187 1784 1299 1823 licet:

289 1864 435 1901 aequas
455 1851 647 1890 habemus
668 1850 796 1902 partis.
858 1852 929 1889 LA.
962 1852 1099 1889 saltem
1121 1849 1152 1888 si
1174 1849 1269 1887 mihi

290 1915 540 1955 mulierculae
561 1924 691 1955 essent
713 1917 855 1963 saluae,
879 1929 967 1966 spes
988 1915 1142 1966 aliquae
1164 1916 1300 1954 forent.

224 2021 288 2060 528
312 2020 422 2060 Quom
447 2020 480 2051 A
508 2020 660 2060 (antiqua
674 2019 806 2059 forma)
899 2020 1044 2059 al-algeo
1067 2019 1211 2061 Seyffert,
1238 2020 1299 2059 qui
1311 2019 1439 2059 passim
1463 2019 1514 2050 ln‘c

180 2063 288 2095 dentes
303 2065 490 2105 crepitantes
499 2064 639 2104 ,syllabas
655 2064 823 2104 explevisse
832 2064 1022 2104 suspicatur.
1064 2064 1122 2095 sed
1129 2074 1190 2103 aps
1203 2067 1237 2094 te
1247 2063 1312 2094 abii
1325 2063 1406 2093 satis
1410 2062 1513 2104 placet

180 2117 245 2147 529
261 2108 310 2139 vel
326 2108 453 2138 nullum
545 2108 596 2139 vel
612 2107 798 2139 iri-instruit
818 2108 868 2148 (cs.
888 2107 935 2138 ad
948 2118 976 2139 v.
1001 2108 1080 2146 528)
1216 2117 1279 2146 533
1303 2106 1359 2137 vix
1373 2106 1510 2137 anatina

180 2151 230 2181 vel
243 2155 409 2183 ut-uterer
427 2151 475 2191 (qfi
494 2151 577 2182 adv.
594 2152 674 2191 528)
808 2161 871 2191 534
896 2151 945 2182 vel
961 2151 1007 2181 uti
1023 2162 1124 2190 quom
1142 2151 1323 2182 exiuissem
1412 2149 1462 2180 vel
1475 2154 1510 2180 ut

180 2205 281 2234 quom
298 2195 445 2226 exissem
466 2196 524 2234 [ita
547 2194 654 2233 codd.)
676 2205 720 2225 ex
736 2204 985 2234 aqu-aqu-aqua
1001 2204 1188 2225 ar-arerem
1207 2199 1228 2226 t.
1245 2194 1296 2234 (cf.
1315 2193 1364 2225 ad
1377 2204 1404 2225 v.
1427 2193 1507 2233 528)

179 2247 243 2278 535
267 2238 316 2269 vel
327 2238 393 2269 dele
410 2239 469 2270 LA.
583 2239 648 2277 536
671 2236 754 2277 Cir]
774 2238 823 2268 vel
839 2238 897 2269 LA.
992 2237 1071 2279 LA.]
1092 2238 1139 2269 vel
1152 2239 1218 2270 Cu.
1325 2248 1388 2277 537
1414 2236 1508 2267 la-la-

180 2280 305 2312 lauisse
317 2280 453 2321 Seyffert
465 2281 519 2321 (cs.
532 2281 616 2312 adv.
631 2282 710 2322 528)
728 2292 735 2312 :
759 2281 904 2313 elauisse
919 2281 1094 2313 Fleckeisen
1184 2282 1248 2320 538
1272 2282 1365 2322 quia]
1381 2280 1437 2320 qui
1451 2279 1483 2310 A
1500 2291 1507 2310 ι

179 2325 389 2364 velqui-quia
408 2326 460 2365 (cf.
477 2324 523 2355 ad
537 2335 564 2356 v.
578 2325 659 2364 528)
749 2325 799 2355 vel
812 2325 984 2355 auiderem
1004 2326 1058 2366 (cf.
1078 2325 1217 2356 Skutsch
1234 2326 1266 2355 in
1284 2324 1411 2356 Satura
1433 2324 1506 2355 Via-

179 2367 286 2408 drina,
305 2378 335 2408 p.
355 2369 412 2409 24)
513 2378 577 2408 544
602 2369 855 2399 deuortaturum
872 2368 905 2399 P
920 2370 1013 2411 (corr.
1030 2368 1094 2409 ΒΖ)
1200 2378 1261 2407 55ῐ
1289 2368 1460 2400 consciare
1477 2366 1511 2398 P
