1731 2713
759 84 985 122 RVDENS
1453 85 1530 122 ΙΙΙ.
1554 97 1581 121 ν

204 195 285 241 DA.
317 192 434 232 facito
454 192 554 231 istuc
573 193 682 242 quod
703 192 907 239 minitare,
937 194 1005 231 sed
1027 207 1132 230 nunc
1154 192 1320 241 interim,

206 257 237 296 si
259 257 342 296 illas
362 257 543 307 attigeris,
567 257 724 295 dabitur
744 257 814 295 tibi
837 271 1021 307 magnum
1046 259 1203 295 malum.

207 324 277 360 LA.
310 336 429 372 quam
451 335 637 371 magnum
659 324 782 360 uero?
840 323 916 360 DA.
949 330 1140 372 quantum
1162 321 1295 360 lenoni
1317 330 1375 360 sat
1395 329 1463 361 cst.

119 399 184 436 795
208 389 277 425 LA.
312 387 498 425 minacias
518 401 591 436 ego
612 387 725 425 flocci
746 401 825 425 non
849 387 987 426 faciam
1009 395 1106 434 tuaS,

207 452 391 502 equidem
412 453 482 490 has
498 460 535 490 te
552 452 676 490 inuito
693 452 769 490 iam
786 454 922 491 ambas
939 452 1098 503 rapiam.
1153 454 1230 491 DA.
1253 453 1478 503 tangedum.

207 518 278 554 LA.
302 525 457 566 tangam
478 518 609 555 hercle
629 531 733 555 uero.
797 520 871 556 DA.
896 526 1045 568 tanges,
1064 526 1103 556 at
1124 517 1207 556 scin
1229 531 1309 568 quo
1331 519 1481 556 modo?

205 581 216 618 i
237 583 342 628 dum,
367 581 566 628 Turbalio‚
590 582 793 628 curriculo,
817 582 985 634 adfert<o
1005 581 1146 634 domo)

205 648 303 685 duas
324 648 466 685 clduas.
517 648 586 684 LA.
609 649 770 686 clauas?
819 650 895 686 DA.
918 649 987 687 sed
1009 649 1162 698 probas.
1203 660 1368 700 propera
1387 647 1476 686 cito.

119 716 188 749 800
207 725 280 761 ego
301 720 338 750 te
358 711 477 750 hodie
498 713 585 750 faxo
606 720 710 751 recte
730 720 937 763 acceptum
959 721 1000 751 ut
1021 713 1162 763 dignus
1183 726 1234 751 es.

207 779 276 814 LA.
309 778 433 815 eheu!
464 779 650 815 scelestus
671 779 822 827 galeam
844 778 883 816 in
905 778 996 816 naui
1018 778 1197 828 perdidi‚·

203 856 309 880 nunc
331 842 383 880 mi
403 851 626 892 opportuna
646 843 710 880 hic
731 851 844 890 esset,
869 845 977 882 salua
997 844 1028 882 si
1050 845 1159 882 foret.

202 907 292 945 licet
312 909 450 946 saltem
470 907 562 946 istas
584 907 637 946 mi
657 910 883 958 appellare?
942 910 1017 947 DA.
1050 923 1131 947 non
1152 908 1254 948 licet.

32 1022 36 1025 Ἴ
71 975 155 1016 804-
162 981 178 1018 5
201 973 315 1010 ehem
333 975 340 1010 Σ
370 980 532 1022 optume
553 974 695 1022 edepol
717 987 855 1011 eccum
876 975 1050 1012 clauator
1069 973 1242 1012 aduenit.

202 1038 272 1075 LA.
304 1036 399 1076 illud
421 1037 582 1087 quidem
605 1039 747 1088 edepol
769 1037 1048 1076 tinnimentum
1070 1046 1127 1076 est
1147 1038 1317 1077 auribus.

202 1103 278 1140 DA.
309 1116 380 1153 age
399 1102 535 1153 accipe
556 1103 662 1141 illinc
682 1104 844 1141 alteram
861 1105 1028 1151 clauam,
1049 1105 1205 1154 Sparax.

199 1180 280 1217 age,
303 1169 400 1205 alter
419 1167 544 1216 istinc,
567 1169 664 1206 alter
685 1167 777 1206 hinc
799 1168 987 1207 adsistite.

199 1232 375 1271 adsistite
393 1233 523 1271 ambo.
583 1232 649 1271 sic.
708 1233 841 1272 audite
860 1233 1046 1271 nunciam
1064 1248 1071 1272 :

113 1300 183 1334 810
200 1297 232 1335 si
252 1299 382 1336 hercle
402 1298 479 1336 illic
499 1298 583 1337 illas
604 1298 724 1337 hodie
744 1298 868 1349 digito
888 1298 1056 1349 tetigerit

200 1361 355 1411 inuitas,
376 1364 440 1402 nei
460 1363 589 1402 istunc
609 1363 692 1402 istis
713 1363 940 1401 inuitassitis

199 1441 324 1478 usque
343 1430 444 1467 adeo
465 1430 594 1468 donec
615 1442 694 1479 qua
714 1430 880 1467 domum
900 1429 1016 1467 abeat
1038 1428 1198 1476 nesciat,

199 1493 364 1544 periistis
384 1494 513 1532 ambo.
574 1493 605 1532 si
625 1493 840 1544 appellabit
861 1493 1100 1543 quempiam,

199 1571 270 1596 uos
291 1559 569 1608 respondetote
590 1558 704 1596 istinc
725 1557 885 1596 istarum
905 1557 1034 1597 uicem
1051 1573 1061 1606 3

110 1627 176 1671 815
198 1623 258 1661 sin
278 1623 361 1674 ipse
381 1623 528 1662 abitere
549 1624 642 1662 hinc
663 1625 779 1671 uolet,
805 1632 996 1674 quantum
1017 1631 1147 1675 potest

197 1690 394 1739 extemplo
414 1689 684 1739 amplectitote
705 1702 815 1728 crura
835 1688 1014 1727 fustibus.

197 1756 267 1792 LA.
300 1754 418 1792 etiam
439 1768 502 1793 me
522 1754 630 1793 abire
651 1754 743 1793 hinc
764 1767 845 1793 non
867 1755 1026 1794 sinent?
1083 1756 1160 1793 DA.
1193 1747 1273 1793 diki
1294 1753 1396 1793 satis.

195 1827 235 1857 et
254 1819 322 1858 ubi
343 1819 405 1858 ille
425 1823 516 1857 cum
537 1833 604 1858 ero
624 1832 758 1858 seruos
779 1820 856 1857 huc
876 1819 1092 1867 aduenerit,

196 1884 263 1935 qui
284 1898 392 1924 erum
413 1884 628 1933 accersiuit‚
651 1884 748 1924 itote
769 1886 967 1936 extemplo
987 1886 1164 1924 domum.

240 1999 302 2029 792
326 1989 500 2020 minitares
517 1989 551 2020 P
714 1999 775 2029 795
800 2000 842 2021 m.
863 1999 926 2029 ego
944 1988 1026 2020 istas
1042 1989 1073 2019 ss.
1094 1998 1161 2018 non
1178 1988 1264 2019 facio
1277 1986 1310 2018 P
1325 1989 1400 2030 (pro
1416 1988 1524 2020 minas

196 2043 260 2073 ego
279 2033 371 2073 istas,
392 2044 505 2064 versus
521 2034 746 2074 retractatione,
764 2034 914 2074 Seyffirt)
1071 2034 1135 2072 796
1151 2041 1208 2063 eas
1221 2032 1255 2062 P
1392 2042 1452 2071 797
1477 2033 1527 2063 vel

195 2079 337 2116 tanges?
357 2077 611 2118 (interrogative)
743 2078 892 2117 798-844
916 2076 1001 2107 deest
1015 2075 1048 2106 A
1175 2077 1238 2116 798
1262 2075 1379 2106 lacuna
1402 2076 1436 2105 in
1454 2077 1524 2114 fine

194 2131 314 2159 versus,
333 2120 398 2151 cod.
418 2132 425 2151 ε
448 2121 554 2162 suppl.
574 2121 638 2151 Leo
655 2132 661 2152 :
686 2122 769 2152 affer
785 2120 872 2163 <huc
889 2119 1010 2162 domo>
1026 2121 1108 2151 Reiz
1247 2120 1311 2149 802
1335 2119 1436 2149 sortet
1452 2119 1518 2151 cod.

194 2165 257 2204 805
282 2164 376 2195 uenit
387 2164 528 2204 Bentley,
541 2175 621 2195 nam
637 2175 736 2205 neque
752 2164 873 2204 edepol
888 2167 1005 2195 eccum
1022 2175 1123 2204 neque
1139 2163 1290 2194 classator
1303 2162 1404 2202 disyll.
1419 2162 1523 2203 placet

193 2209 256 2238 808
281 2208 432 2239 accedite
449 2209 490 2247 (Ζ)
510 2207 575 2239 Leo
688 2210 751 2247 815
776 2209 849 2239 sine
866 2208 938 2247 ipse
958 2209 1045 2247 (sine
1063 2208 1146 2248 dpse
1163 2207 1207 2241 Β)
1226 2206 1294 2238 cod.
1391 2207 1520 2237 abitere

193 2250 388 2282 Aa‘dalius:
413 2251 505 2282 abire
533 2251 597 2282 cod.
618 2251 721 2292 (abile
744 2251 810 2288 Βῆ
944 2252 1007 2290 817
1033 2252 1146 2282 sinent
1174 2250 1334 2291 Pylades:
1361 2251 1520 2281 desinent

194 2294 262 2324 cod.
360 2296 422 2326 818
446 2305 566 2326 seruos
582 2305 655 2325 cum
671 2305 730 2326 ero
747 2295 811 2328 cod.
833 2307 841 2326 ε
865 2295 938 2327 trai.
952 2294 1088 2335 Seyffert
1184 2305 1242 2325 ero
1257 2292 1364 2337 (suo)
1380 2294 1520 2333 Pylades

193 2338 236 2369 ad
253 2336 359 2381 (uos)
375 2339 508 2369 uenerit
523 2338 652 2369 Sclaoell

1555 663 1595 685 20

1553 990 1590 1023 25

1550 1315 1593 1348 30

1546 1638 1583 1670 35
