1731 2713
714 102 1033 141 PSEVDOLVS
1512 105 1539 142 Ι.
1565 106 1608 142 iii

182 258 183 261 Ἰ
211 216 262 254 ad
283 214 476 254 danistam
499 214 715 260 deuenires‚
737 214 902 252 adderes
924 214 1210 260 faenusculum‚

212 293 437 330 surruperes
458 280 566 330 patri.
628 281 689 317 Ps.
723 286 944 329 surruperet
966 278 1029 316 hic
1050 278 1160 329 patri,
1182 279 1486 320 audacissume?

214 359 294 384 non
329 345 555 396 periclumst
594 358 642 383 ne
681 343 776 394 quid
812 351 915 383 recte
950 351 1153 382 monstres.
1216 347 1284 383 BA.
1318 358 1398 384 non
1437 347 1541 384 leno-

1381 410 1537 449 niumst.

126 490 194 525 290
213 477 329 515 CAL1.
348 490 449 527 egon
466 476 563 526 patri
578 488 780 525 surrupere
794 473 943 525 possim
959 473 1187 525 quicquam,
1200 481 1279 513 tam
1296 482 1412 514 cauto
1429 475 1511 514 seni
1526 477 1542 514 ?

211 548 329 591 atque
349 542 461 588 adeo,
484 540 515 579 si
536 542 661 579 facere
682 552 850 590 possem,
875 539 1000 590 pietas
1022 539 1214 589 prohibet.
1276 541 1346 578 BA.
1379 539 1508 579 audio.
1562 547 1602 589 65

212 606 395 656 pietatem
418 619 509 656 ergo
530 605 643 644 istam
664 606 907 655 amplexator
928 612 1048 643 noctu
1071 618 1140 655 pro
1163 605 1389 645 Phoenicio.

211 671 280 710 sed
301 684 422 721 quom
443 671 629 722 pietatem
649 668 723 721 (te)
742 669 866 709 amori
888 669 1006 708 uideo
1028 677 1097 708 tuo
1117 678 1376 720 praeuortere,

211 749 349 774 omnes
363 734 578 787 <homines)
593 734 663 774 tibi
684 742 812 784 patres
833 735 954 773 sunt?
984 736 1113 773 nullus
1129 742 1187 773 est
1203 734 1273 774 tibi
1290 748 1408 785 quem
1429 749 1540 787 roges

123 813 191 851 295
212 809 392 840 mutuom
412 803 646 852 argentum?
694 801 808 839 (im.
842 800 937 850 quin
959 813 1106 839 nomen
1123 813 1281 851 quoque
1298 790 1374 840 iam
1396 800 1539 840 interiit

1312 870 1320 886 ‘
1334 869 1538 906 mutuom.’

212 934 274 971 PS.
307 933 403 971 heus
425 940 475 978 tu,
501 939 709 982 postquam
732 933 862 971 hercle
883 931 945 970 isti
965 945 988 970 a
1009 945 1145 971 mensa
1172 940 1333 982 surgunt
1354 932 1436 971 sati’
1457 932 1539 983 poti
1562 947 1600 981 70

1454 997 1537 1045 uiri,

210 1062 276 1113 qui
297 1076 410 1102 suom
432 1070 621 1113 repetunt,
645 1063 817 1101 alienum
839 1064 1010 1102 reddunt
1031 1071 1124 1102 nato
1145 1062 1304 1110 nemini,

210 1128 363 1179 postilla
384 1141 522 1167 omnes
543 1128 735 1167 cautiores
757 1136 847 1166 sunt
868 1142 917 1167 ne
939 1129 1100 1167 credant
1120 1128 1240 1167 alteri.

209 1194 324 1233 ΕΔΜ.
357 1192 463 1231 nimi'
485 1193 600 1232 miser
620 1207 718 1240 sum,
743 1207 950 1231 nummum
980 1207 1175 1244 nusquam
1202 1193 1369 1243 reperire
1389 1194 1538 1244 argenti

1409 1272 1513 1309 queo
1529 1274 1538 1307 3

122 1338 191 1374 300
209 1323 261 1362 ita
282 1324 398 1363 miser
418 1331 455 1363 et
475 1337 608 1363 amore
629 1337 747 1375 pereo
769 1332 806 1363 et
828 1325 960 1375 inopia
981 1324 1207 1375 argentaria.

211 1391 280 1427 BA.
313 1403 399 1428 eme
420 1389 484 1428 die
504 1403 622 1429 caeca
642 1391 771 1429 hercle
793 1390 953 1437 oliuom‚
977 1390 1018 1429 id
1038 1389 1202 1429 uendito
1223 1391 1378 1429 oculata
1399 1390 1485 1430 die:

207 1454 284 1492 iarn
305 1455 434 1493 hercle
454 1456 518 1494 uel
538 1456 732 1495 ducentae
753 1456 834 1494 fieri
855 1464 1020 1506 possunt
1041 1462 1264 1506 praesentes
1285 1455 1425 1495 minae.

207 1521 321 1560 CAL1.
354 1520 449 1570 perii
467 1524 473 1558 ἒ
512 1535 706 1560 annorum
728 1523 788 1560 lex
809 1535 872 1561 me
894 1521 1021 1571 perdit
1041 1521 1370 1572 quinauicenaria.

208 1592 387 1624 metuont
416 1587 574 1624 credere
603 1599 752 1625 omnes.
814 1588 884 1624 ΒΑ.
917 1587 1056 1625 eadem
1081 1594 1139 1625 est
1164 1585 1260 1624 mihi
1287 1588 1370 1626 lex:
1401 1595 1536 1627 metuo

1557 1401 1573 1435 *1

1363 1654 1532 1692 credere.

120 1727 185 1764 305
210 1718 271 1754 Ps.
304 1718 462 1755 credere
492 1720 648 1756 autern!
706 1719 783 1756 eho
812 1731 861 1756 an
895 1709 1067 1767 paenitet
1095 1724 1133 1755 te
1154 1724 1303 1767 quanto
1330 1717 1394 1756 hic
1421 1718 1535 1757 fuerit

1418 1782 1535 1822 usui?

251 1886 314 1916 288
344 1873 538 1926 surr-aperis
561 1886 620 1917 A:
654 1886 873 1926 surripuisses
900 1885 934 1916 Ρ
1029 1886 1091 1916 ΒΑ.
1118 1885 1353 1917 audacissume
1374 1885 1531 1925 radverb.)

205 1927 239 1958 A
257 1932 294 1959 ut
309 1928 372 1961 vid.
446 1939 512 1969 290
537 1929 670 1971 [quarn]
689 1935 755 1961 tam
769 1929 803 1960 Ρ
818 1930 908 1971 (corr.
922 1928 992 1969 32)
1075 1939 1134 1968 291
1161 1929 1289 1969 possim
1306 1928 1335 1960 C
1344 1930 1392 1970 (A
1408 1929 1531 1970 incert.)

205 1982 268 2011 292
301 1977 378 2013 post
403 1975 468 2012 296
490 1972 523 2003 A
541 1985 548 2012 ;
576 1973 687 2004 scilicet
715 1973 829 2011 scriba,
856 1974 1031 2004 omissione
1060 1984 1110 2004 vv.
1146 1983 1210 2012 292
1218 1982 1254 2012 -5
1285 1972 1530 2012 animadversa,

204 2016 350 2056 supplere
364 2015 504 2057 decrevit,
525 2027 604 2048 mox
622 2017 664 2048 ab
688 2017 808 2058 incepto
824 2016 940 2047 destitit
1084 2026 1190 2056 293—5
1214 2026 1280 2048 om.
1300 2016 1333 2047 A
1469 2026 1532 2057 293

206 2058 365 2099 pietatem
383 2064 416 2090 te
439 2060 599 2092 Mueller:
625 2061 752 2101 pietate
777 2059 841 2091 cod.
863 2061 918 2100 (Η.
933 2071 956 2091 e.
977 2062 1155 2100 pfetatem)
1290 2070 1354 2100 294
1378 2061 1533 2092 homines

205 2102 282 2135 add.
301 2103 432 2143 Bentley
548 2114 612 2144 295
637 2109 786 2135 metuum
802 2103 867 2134 cod.
959 2105 1040 2144 quin
1058 2103 1130 2134 Ital.
1148 2115 1154 2134 :
1180 2104 1236 2143 qui
1247 2104 1311 2135 cod.
1400 2115 1531 2135 versum

206 2145 409 2182 zbztera'dssse,
432 2157 498 2187 quo
521 2147 569 2178 ad
587 2147 736 2179 danistas
754 2147 989 2178 adulescentem
1009 2148 1077 2178 leno
1098 2147 1254 2187 relegarit,
1277 2148 1405 2179 coniecit
1420 2148 1530 2179 Kiess-

206 2189 295 2230 lae'ng;
320 2191 352 2221 si
364 2191 397 2221 in
413 2191 514 2222 audio
531 2190 633 2229 desiit,
650 2191 783 2222 omissio
799 2192 832 2221 fn
848 2190 881 2221 A
897 2195 1029 2231 propter
1040 2191 1224 2222 lzornoeotel.
1243 2191 1337 2231 facta
1353 2195 1400 2222 cst
1467 2193 1531 2231 296

205 2234 311 2264 saturi
330 2234 412 2275 (pro
428 2239 480 2265 sat
493 2234 574 2274 uiri)
592 2245 624 2274 p.
644 2234 677 2265 P
691 2235 769 2276 (om.
786 2235 864 2271 uiri)
957 2236 1021 2274 298
1043 2235 1181 2274 postilla
1197 2235 1332 2276 omnes]
1351 2235 1392 2266 ab
1408 2235 1530 2267 alienis

205 2275 239 2306 P
323 2287 386 2309 nec
412 2278 554 2308 reddant
572 2277 607 2308 Ρ
741 2287 805 2318 299
825 2278 927 2309 miser
941 2278 1031 2319 sum]
1050 2277 1206 2309 miserum
1223 2278 1256 2307 A
1361 2289 1426 2318 que
1444 2289 1483 2309 oc
1499 2278 1534 2309 Ρ

204 2319 300 2359 (corr.
319 2319 386 2357 3²)
498 2331 558 2359 301
586 2321 677 2362 eme]
698 2321 834 2362 (emijto
851 2321 916 2353 cod.
934 2321 1095 2360 Festi178
1182 2321 1296 2352 uenito
1314 2321 1348 2351 A
1464 2332 1528 2360 302

203 2368 347 2402 possunt
364 2364 471 2405 fie(ri)
487 2365 520 2395 A
654 2375 718 2405 303
742 2370 918 2396 annot-tum
936 2364 969 2395 P
1055 2365 1175 2405 perdet
1192 2366 1224 2396 A
1360 2375 1422 2406 304
1448 2366 1528 2398 mihi

203 2412 256 2439 est
274 2408 305 2437 A
439 2417 502 2448 305
527 2408 604 2440 huic
622 2409 653 2439 A
