1783 2707
158 126 212 163 II.

171 248 214 279 40

170 574 211 606 45

170 902 209 933 50

168 1226 206 1260 55

168 1547 208 1579 60

234 127 279 162 iv
649 131 694 166 T.
730 129 910 168 MACCI
943 129 1147 167 PLAVTI

236 237 300 274 D1.
333 250 449 286 quem
472 246 639 288 propter,
662 252 685 277 0
707 252 793 276 mea
814 238 926 277 uita?
983 241 1056 276 PH.
1089 246 1248 289 propter
1268 239 1432 280 militem

233 302 574 351 Babyloniensem,
599 303 663 353 qui
687 303 797 353 quasi
821 317 983 342 uxorem
1005 303 1079 341 sibi

231 382 292 406 me
314 369 486 407 babebat
507 383 653 407 annum
675 371 771 407 dum
793 369 855 406 hic
877 369 959 406 fuit.
1019 370 1086 406 D1.
1117 381 1189 417 ego
1211 380 1421 405 senseram.

231 434 301 471 sed
323 432 417 483 quid
439 433 569 471 istuc?
600 433 693 482 quoi
714 433 767 470 rei
788 440 827 485 te
846 433 1082 471 adsimulare
1104 432 1266 472 retulit?

232 500 305 536 PH.
338 505 379 536 ut
401 506 501 536 esset
521 498 660 547 aliquis
682 500 844 547 laqueus
865 505 903 535 et
923 497 1209 545 redimiculum,
1579 505 1644 543 395

231 563 497 602 reuorsionem
519 571 560 601 ut
581 564 630 601 ad
652 576 715 601 me
735 564 879 600 faceret
899 563 1042 600 denuo.

231 643 335 667 nunc
357 630 433 667 huc
454 628 600 667 remisit
621 642 745 678 nuper
765 630 815 666 ad
837 642 900 666 me
921 628 1129 678 epistulam

229 707 313 732 sese
335 701 581 744 experturum
605 693 740 743 quanti
762 707 846 732 sese
867 695 1080 744 penderem
1098 709 1105 732 z

229 758 260 796 si
282 760 389 808 quod
411 758 649 809 peperissem
670 758 710 796 id
730 757 846 810 (ηοω)
866 772 1047 796 necarem
1067 772 1113 796 ac
1135 759 1327 805 tollerem,

230 824 335 862 bona
356 837 425 862 sua
446 838 508 862 me
529 824 753 862 habiturum
775 824 908 862 omnia
930 822 1061 876 [esse]
1122 826 1187 862 D1.
1211 826 1390 863 ausculto
1405 825 1556 863 lubens.
1578 835 1648 868 400

229 890 325 940 quid
347 890 519 940 denique
539 889 680 940 agitis?
737 891 811 927 PH.
844 897 967 928 mater
986 889 1146 927 ancillas
1167 888 1288 936 iubet,

228 955 416 1006 quoniam
438 955 514 993 iam
536 957 727 993 decumus
749 954 893 993 mensis
914 956 1102 993 aduentat
1123 967 1255 1004 prope,

226 1020 342 1059 aliam
364 1020 547 1058 aliorsum
570 1019 637 1067 ire,
658 1021 940 1070 praemandare
960 1028 998 1058 et
1019 1033 1204 1070 quaerere

226 1100 391 1137 puerum
412 1093 478 1124 aut
499 1087 669 1135 puellam
691 1085 758 1136 qui
779 1094 1021 1136 supponatur
1042 1085 1148 1124 mihi.

228 1151 323 1201 quid
345 1153 467 1189 multa
487 1152 608 1189 uerba
628 1151 798 1189 faciam?
827 1151 1054 1190 tonstricem
1076 1152 1213 1189 Suram
1576 1164 1642 1200 405

229 1217 373 1257 nouisti
395 1219 598 1256 nostram?
657 1219 722 1255 DI.
756 1230 884 1266 quaen
906 1230 995 1266 erga
1014 1218 1154 1255 aedem
1176 1230 1261 1255 sese
1281 1216 1433 1255 habet?

227 1282 332 1321 noui.
393 1285 466 1320 PH.
500 1284 596 1320 haec
618 1286 684 1323 ’tut
705 1286 848 1332 opera†
869 1282 1046 1320 circumit
1067 1295 1135 1331 per
1154 1281 1331 1330 familias,

225 1362 389 1398 puerum
412 1347 602 1397 uestigat;
632 1349 855 1386 clanculum
877 1349 926 1386 ad
949 1361 1012 1385 me
1028 1347 1179 1394 detulit,

226 1415 362 1452 datum
385 1412 458 1451 sibi
480 1426 564 1451 esse
586 1413 692 1451 dixit.
754 1415 819 1451 D1.
852 1426 875 1452 0
897 1412 1035 1452 mercis
1057 1414 1182 1451 malae
1200 1415 1208 1451 ἔ

228 1489 317 1517 eum
339 1482 444 1516 nunc
465 1492 545 1516 non
567 1478 631 1516 illa
652 1478 802 1528 peperit
824 1492 924 1528 quae
944 1477 1094 1528 peperit
1118 1477 1231 1527 prior,
1573 1490 1644 1525 410

229 1545 297 1582 sed
319 1551 359 1582 tu
382 1544 582 1594 posterior.
645 1546 719 1581 PH.
752 1543 889 1582 ordine
911 1557 1070 1582 omnem
1092 1557 1172 1582 rem
1194 1550 1314 1582 tenes.

227 1623 333 1647 nunc
355 1617 395 1647 ut
416 1609 614 1659 praemisit
637 1608 819 1647 nuntium
842 1609 951 1647 miles
973 1608 1079 1655 mihi,

226 1688 307 1713 non
329 1676 453 1713 multo
474 1682 562 1725 post
583 1674 646 1713 hic
667 1674 801 1713 aderit.
863 1676 928 1712 D1.
960 1688 1066 1712 nunc
1087 1682 1128 1712 tu
1149 1682 1186 1713 te
1207 1673 1362 1713 interim

269 1787 330 1817 391
358 1788 456 1817 quem
484 1777 618 1818 Bngge:
646 1788 710 1817 que
738 1776 802 1808 cod.
972 1787 1035 1816 393
1059 1787 1147 1808 anno
1173 1776 1327 1818 Lipsius:
1350 1788 1440 1808 anno
1466 1778 1553 1820 [um]

226 1821 291 1851 cod.
485 1831 547 1860 394
573 1826 605 1851 te
635 1821 733 1852 ItaL:
773 1826 840 1851 tem
867 1820 932 1852 cod.
965 1821 1035 1861 (vii.
1064 1824 1097 1859 4)
1284 1831 1346 1861 395
1371 1821 1491 1861 aliquis
1508 1823 1553 1853 la-

226 1875 333 1903 queus
366 1864 600 1895 Camerarius:
635 1865 736 1904 aliqui
770 1865 798 1895 si
831 1869 973 1904 aqueust
1004 1864 1068 1896 cod.
1101 1866 1222 1904 (aquae
1253 1876 1359 1904 usque
1391 1870 1442 1895 est
1468 1865 1550 1904 PCD,

227 1909 312 1938 unde
340 1908 545 1948 laqueusque
574 1908 722 1950 Sejffwt)
848 1910 912 1947 398
937 1910 1118 1947 penderem
1144 1908 1246 1939 Ital.:
1280 1909 1459 1948 perderem
1487 1909 1552 1941 cod.

224 1962 288 1992 399
312 1953 344 1983 id
363 1963 429 1983 non
444 1963 600 1983 necarem
618 1953 763 1983 Sclzoell:
790 1952 844 1982 ide
858 1962 968 1982 carem
986 1952 1051 1982 cod.
1155 1956 1188 1982 at
1199 1951 1272 1981 PCD
1404 1964 1468 1990 400
1491 1963 1553 1984 sua

227 1995 437 2027 Camerarius
454 2007 460 2026 :
485 2007 559 2027 sum
577 1997 642 2027 cod.
664 1997 713 2035 (M
719 2002 781 2037 pro
794 1996 840 2036 A)
932 1996 982 2027 vel
994 1996 1069 2026 med
1159 2005 1234 2025 esse
1251 1995 1308 2027 del⁴
1329 1995 1550 2037 Camerarius,

225 2049 308 2070 nam
332 2041 518 2072 habituram
551 2051 626 2072 esse
653 2041 767 2071 minus
788 2041 890 2081 placet
1020 2050 1083 2078 402
1110 2038 1173 2069 iam
1199 2038 1294 2070 PCD:
1330 2049 1397 2070 non
1417 2039 1450 2070 Β
1471 2041 1554 2080 (pro

225 2086 351 2119 nunc3)
489 2095 552 2123 403
578 2086 642 2116 alia
676 2086 859 2115 maiorsum
891 2083 958 2115 cod.
993 2084 1066 2124 (pro
1094 2083 1324 2123 maiiorsum):
1363 2094 1442 2114 corr.
1477 2083 1549 2115 Ital.

224 2138 288 2166 404
317 2128 611 2168 quisupponantur
640 2140 717 2161 corr.
747 2130 822 2168 quis
850 2134 1070 2169 opponantur
1094 2130 1132 2158 ut
1152 2126 1216 2158 vid.
1241 2126 1334 2157 cod.:
1365 2137 1442 2158 corr.
1476 2127 1550 2158 Aci-

223 2170 333 2202 dalius
465 2183 527 2211 405
553 2174 608 2213 qui
627 2173 693 2204 cod.
832 2175 896 2212 406
911 2173 1036 2204 nouisti
1053 2172 1127 2203 Ital.
1144 2183 1150 2202 :
1175 2171 1284 2202 nouisi
1298 2169 1363 2202 cod.
1452 2181 1550 2211 quem

224 2215 288 2245 cod.
307 2227 313 2246 ε
349 2227 426 2248 corr.
453 2216 615 2257 Spengel:
649 2227 736 2256 quae
761 2217 847 2256 Ital„
877 2217 934 2257 (μα’
959 2227 1046 2256 quae
1064 2242 1070 2248 .
1087 2241 1092 2246 .
1108 2240 1114 2246 .
1132 2216 1234 2246 habet
1257 2215 1436 2245 Phronesio
1461 2222 1550 2253 (cum

224 2258 305 2295 cod.)
341 2263 534 2291 continuant
689 2262 846 2291 mercede
879 2270 954 2290 sese
987 2261 1045 2290 alit
1080 2259 1216 2300 Bugge:
1254 2259 1442 2289 mercedem
1473 2268 1550 2289 sese

223 2302 324 2333 habet
349 2303 415 2334 Leo
557 2315 619 2343 407
646 2305 721 2334 data
747 2315 851 2343 opera
878 2304 992 2334 Koch:
1025 2304 1081 2334 vix
1107 2308 1226 2342 topper
1357 2312 1422 2341 409
1445 2301 1550 2333 malas

223 2345 358 2386 Sajffirt
502 2358 566 2386 410
590 2350 685 2387 prior
710 2347 859 2378 Merula:
894 2348 1004 2387 patior
1035 2346 1100 2377 cod.
1217 2343 1221 2346 ’
1257 2356 1319 2385 4¹3
1345 2345 1428 2387 non]
1461 2345 1549 2377 haud

222 2389 407 2432 Kellerlzqff,
427 2392 608 2422 secundum
634 2402 760 2422 morem
784 2391 985 2422 Plautinum
1075 2391 1138 2421 hec
1162 2389 1227 2421 cod.

960 2518 982 2528 l
