1731 2713
624 118 1026 156 MOSTELLARIA
1409 114 1486 150 III.
1507 113 1521 149 i

149 233 311 277 uidisse
333 245 394 270 me
416 243 603 280 umquam
626 241 866 278 quemquam
888 240 1005 276 quam
1028 234 1065 264 te
1086 238 1240 264 censeO.

169 300 244 336 DA.
277 311 357 336 non
379 297 520 345 edepol
542 302 581 332 tu
604 307 709 331 nunc
731 306 793 330 me
814 292 896 329 istis
918 291 1046 330 uerbis
1068 290 1227 329 territas,

60 363 149 406 609a
167 364 245 400 ΤΗ.
278 361 449 400 calidum
472 361 547 397 hoc
568 367 625 397 est
643 374 649 396 ;
680 357 751 395 etsi
773 358 908 407 procul
929 357 1050 402 abest,
1075 355 1148 393 urit
1169 356 1280 392 male.

77 432 147 465 610
165 428 273 477 quod
295 427 385 464 illuc
406 433 463 464 est
484 426 632 470 faenus,
655 436 831 473 opsecro,
855 423 963 472 quod
986 421 1061 459 illic
1084 420 1208 470 petit?

164 495 240 531 TR.
273 501 380 543 pater
401 504 538 529 eccum
560 488 721 528 aduenit
744 502 901 538 peregre
924 501 1002 525 non
1026 489 1149 525 multo
1170 486 1275 537 prius
1509 491 1550 521 80

164 558 275 605 illius,
299 557 329 595 is
351 556 420 595 tibi
442 564 480 594 et
501 555 637 594 faenus
659 562 696 592 et
719 562 863 592 sortem
886 553 1006 600 dabit,

162 637 212 662 ne
233 621 483 661 inconciliare
505 620 600 671 quid
623 632 694 658 nos
717 632 833 670 porro
855 619 1039 668 postules.

162 689 254 728 uide
276 691 370 726 num
392 694 573 725 moratur.
636 687 713 723 DA.
745 684 841 734 quin
863 685 993 731 feram,
1017 683 1048 721 si
1069 683 1164 733 quid
1185 684 1308 722 datur.

75 754 141 798 615
163 756 242 792 ΤΗ.
274 753 370 804 quid
389 752 445 790 ais
466 754 538 790 tu?
584 753 660 789 ΤΗ.
695 750 790 800 quid
813 749 903 788 uis?
959 751 1037 786 TH.
1071 748 1157 798 quis
1179 748 1255 786 illic
1277 749 1366 786 est?
1395 745 1490 796 quid

1268 812 1344 850 illic
1365 811 1491 862 petit?

163 884 259 935 quid
281 883 590 922 Philolachetem
611 889 772 932 gnatum
796 881 1007 930 compellat
1027 876 1195 930 (meum)
1509 879 1548 918 85

163 950 217 989 sic
234 958 271 988 et
293 948 487 1000 praesenti
509 947 579 986 tibi
601 947 692 985 facit
714 945 969 984 conuicium?

162 1015 257 1065 quid
279 1015 333 1053 illi
354 1015 550 1053 debetur?
605 1015 681 1050 TR.
716 1025 881 1061 opsecro
903 1012 1043 1056 hercle,
1066 1007 1142 1061 (tu)
1162 1008 1254 1047 iube

162 1078 352 1132 obi<cere>
371 1086 575 1129 argentum
597 1077 650 1116 ob
672 1090 715 1115 os
738 1076 900 1125 inpurae
920 1076 1070 1114 beluae.

74 1146 144 1180 620
162 1147 240 1182 ΤΗ.
273 1145 431 1183 iubeam
453 1146 533 1182 -?
579 1144 655 1181 TR.
689 1141 807 1179 iuben
826 1140 977 1179 homini
993 1147 1154 1190 argento
1170 1153 1213 1178 os
1230 1137 1489 1177 uerberarier?

164 1211 241 1248 DA.
272 1209 454 1259 perfacile
476 1222 548 1258 ego
570 1207 668 1246 ictus
692 1205 888 1257 perpetior
907 1213 1123 1256 argenteos.
1507 1212 1549 1244 90

161 1276 240 1312 TH.
272 1275 381 1325 quod
402 1274 493 1312 illuc
514 1279 719 1323 argentum
743 1272 830 1310 est?
888 1272 963 1308 ΤΗ.
997 1269 1201 1308 est—huic
1223 1270 1342 1308 debet
1364 1268 1491 1306 Philo-

1359 1334 1490 1371 laches

160 1405 346 1455 paullum.
424 1405 503 1442 ΤΗ.
553 1402 788 1453 quantillum
810 1403 826 1440 ?
901 1402 977 1438 TR.
1027 1399 1139 1450 quasi
1162 1422 1209 1426 —-
1233 1398 1491 1449 quadraginta

1340 1477 1490 1511 mmas3

160 1549 210 1574 ne
231 1549 324 1574 sane
346 1534 386 1573 id
408 1535 574 1573 multum
596 1545 769 1571 censeas.
832 1533 908 1570 DA.
942 1532 1117 1582 paullum
1139 1530 1178 1569 id
1201 1529 1361 1580 quidem
1379 1536 1447 1567 est.

73 1603 139 1647 625
161 1601 237 1638 TR.
268 1599 420 1638 audin?
450 1596 699 1649 uidetur<ne>,
724 1610 889 1647 opsecro
911 1597 1051 1642 hercle,
1075 1595 1242 1634 idoneus

161 1665 315 1704 danista
331 1664 398 1714 qui
419 1663 477 1710 sit,
500 1665 612 1714 genu'
634 1663 744 1712 quod
765 1661 1101 1712 inprobissumum
1123 1661 1209 1699 est?
1508 1671 1548 1704 95

160 1733 239 1769 ΤΗ.
273 1745 353 1769 non
374 1744 447 1781 ego
468 1729 567 1768 istuc
589 1742 683 1767 curo
705 1727 772 1778 qui
794 1727 852 1774 sit,
875 1726 988 1779 <quid
1011 1725 1086 1778 sit),
1110 1726 1216 1764 unde
1237 1724 1308 1764 sit:

159 1795 245 1849 (id),
270 1796 310 1835 id
331 1797 424 1834 uolo
445 1794 541 1833 mihi
562 1793 652 1840 dici,
676 1793 716 1832 id
738 1806 800 1831 me
821 1792 919 1831 scire
940 1800 1091 1842 expeto.

160 1863 262 1900 adeo
283 1860 401 1900 etiarn
421 1858 570 1910 argenti
591 1860 728 1897 faenus
750 1857 943 1897 creditum
964 1857 1113 1896 audio?

72 1929 144 1975 630
161 1928 237 1964 ΤΚ.
270 1933 454 1976 quattuor
475 1923 733 1974 quadraginta
753 1922 807 1961 illi
828 1923 1023 1962 debentur
1044 1922 1173 1961 minae
1188 1938 1198 1971 ;

202 2031 267 2061 608
290 2039 388 2070 quam
407 2039 471 2060 om.
490 2027 523 2058 A
619 2028 685 2066 609
709 2031 744 2057 tu
762 2037 850 2057 nunc
868 2037 921 2057 me
939 2025 1086 2057 Schocll:
1111 2037 1197 2057 nunc
1215 2037 1267 2057 me
1284 2030 1320 2057 tu
1337 2025 1387 2056 P:
1411 2030 1491 2064 tunc

159 2073 255 2104 meA
394 2073 474 2111 609⁵
499 2071 604 2102 habes
621 2071 723 2101 turita
741 2081 783 2101 m.
803 2070 835 2100 P
978 2072 1042 2100 612
1067 2075 1116 2100 est
1133 2080 1159 2101 s.
1180 2070 1212 2100 A
1361 2070 1491 2108 614-52

158 2117 243 2148 deest
258 2116 290 2146 A
402 2117 466 2146 616
491 2125 601 2145 meum
619 2114 695 2145 add.
718 2113 930 2144 Camerarius
1040 2115 1105 2143 618
1129 2119 1164 2144 tu
1182 2112 1257 2143 add.
1273 2112 1349 2151 Leo,
1369 2112 1496 2143 Schoell

159 2160 227 2190 iubi
245 2159 311 2190 cod.
458 2160 523 2197 619
548 2158 681 2188 obicere
701 2157 858 2188 Mueller:
884 2156 970 2187 obici
990 2155 1065 2188 Ital.
1217 2158 1282 2187 620
1305 2156 1406 2186 iuben
1423 2155 1490 2186 B²=

160 2203 237 2234 iube
256 2203 288 2233 in
306 2201 371 2234 cod.
493 2202 557 2232 622
581 2200 663 2231 illud
681 2200 746 2231 cod.
881 2201 990 2239 625-8
1010 2204 1085 2240 post
1097 2200 1159 2229 621
1179 2199 1340 2230 collocavit
1354 2199 1490 2237 Risum,

148 2247 230 2286 sort.
257 2250 334 2277 recte
489 2247 553 2284 625
578 2245 712 2275 uidetur
735 2243 826 2275 cod.:
862 2254 941 2274 corr.
972 2243 1185 2274 Camerarius
1344 2244 1410 2272 626
1433 2243 1490 2281 qui

158 2289 255 2321 Ital.:
281 2289 361 2329 quid
378 2287 445 2321 cod.
566 2289 628 2326 627
655 2289 765 2318 istunc
787 2288 826 2326 (2)
844 2285 910 2317 Leo
990 2287 1071 2325 quid
1089 2287 1131 2317 sit
1147 2286 1221 2317 add.
1241 2285 1307 2315 Leo
1427 2287 1490 2316 628

158 2333 193 2366 id
209 2332 326 2367 addidi
452 2333 518 2371 629
542 2331 706 2362 creditum
722 2330 796 2363 Ital.
815 2341 822 2361 ε
846 2330 953 2361 credit
968 2329 1035 2361 cod.
1170 2331 1235 2369 630
1261 2329 1313 2368 (cf.
1331 2330 1426 2370 652³)
