1783 2707
146 128 214 165 IV.

160 382 218 415 135

162 840 223 871 140

164 1364 221 1397 145

167 1884 227 1917 150

238 127 267 163 ii
657 127 702 163 T.
739 124 916 164 MACCI
950 125 1152 162 PLAVTI

242 246 451 288 postquam
466 251 538 287 ego
556 251 617 276 me
631 251 768 275 aurum
786 239 881 276 ferre
899 237 988 284 dixi,
1006 245 1093 286 post
1108 244 1148 274 tu
1167 237 1301 273 factu's
1316 235 1566 283 Charmides3
1585 246 1650 282 975

242 302 337 352 priu'
359 310 400 340 tu
422 317 500 341 non
523 316 605 340 eras
628 316 746 352 quam
766 302 848 340 auri
870 301 943 340 feci
965 301 1219 340 mentionem.
1279 300 1375 338 nihil
1396 300 1500 350 agis3

242 368 352 418 proin
375 376 415 406 tu
438 376 485 415 te,
509 368 644 406 itidem
666 375 707 406 ut
728 367 994 406 charmidatus
1015 380 1067 414 es,
1090 380 1223 405 rusum
1245 365 1497 404 recharmida.

242 434 318 472 CH.
356 433 442 483 quis
473 447 545 483 ego
575 447 660 472 sum
692 433 815 483 igitur,
839 432 868 470 si
892 432 1052 482 quidem
1083 431 1113 469 is
1145 432 1225 470 non
1256 445 1342 469 sum
1364 430 1431 480 qui
1451 431 1568 468 sum?

971 500 1034 536 Sv.
1068 497 1163 547 quid
1185 496 1225 535 id
1246 498 1296 535 ad
1319 510 1380 535 me
1401 496 1568 535 attinet?

241 565 335 602 dum
358 563 420 602 ille
442 577 489 601 ne
507 563 557 601 sis
574 577 692 613 quem
714 576 786 612 ego
803 576 887 600 esse
908 564 1012 610 nolo,
1029 562 1079 600 sis
1102 575 1190 600 mea
1205 563 1342 600 caussa
1358 562 1424 611 qui
1446 562 1564 599 lubet.

241 629 337 679 priu'
359 643 438 667 non
460 629 490 666 is
513 642 595 666 eras
618 629 685 678 qui
706 640 789 666 eras
807 642 813 665 :
844 641 949 665 nunc
967 627 997 665 is
1018 628 1154 665 factu’s
1177 626 1241 676 qui
1265 634 1347 664 tum
1369 640 1449 665 non
1471 640 1564 664 eras.
1587 625 1656 670 980

243 696 319 734 CH.
356 707 426 744 age
453 693 483 732 si
511 693 606 743 quid
634 692 725 743 agis.
787 694 849 731 ΞΥ.
891 692 986 742 quid
1017 706 1089 742 ego
1119 693 1261 741 agam?
1318 693 1396 731 CH.
1429 704 1568 729 aurum

928 758 1058 795 redde.
1120 758 1182 795 sv.
1215 755 1413 803 dormitas,
1438 770 1565 794 senex.

244 826 320 864 CH.
354 825 488 862 fassu's
516 822 771 863 Charmidem
799 822 955 860 dedisse
983 835 1118 860 aurum
1147 821 1226 859 tibi.
1287 823 1349 860 Sv.
1382 821 1569 871 scriptum

1394 886 1567 937 quidem.

243 957 319 995 CH.
352 968 536 1005 properas
556 968 606 992 an
624 967 705 992 non
721 966 905 1004 properas
927 951 980 990 ire
995 960 1171 990 actutum
1188 952 1238 990 ab
1258 951 1317 990 his
1334 951 1568 1002 regionibus,

241 1020 481 1066 dormitator,
506 1019 601 1069 priu'
623 1032 741 1069 quam
764 1031 836 1068 ego
858 1017 920 1056 hic
942 1025 979 1056 te
1000 1017 1118 1056 iubeo
1140 1017 1300 1056 mulcari
1322 1019 1452 1055 male?

242 1087 304 1123 ΞΥ.
338 1086 456 1135 qus'tm
478 1086 530 1123 ob
551 1086 662 1123 rem?
706 1086 783 1124 CH.
813 1083 905 1134 quia
925 1083 1034 1121 illum
1057 1097 1174 1133 quem
1197 1082 1407 1121 ementitus
1429 1096 1480 1130 es,
1498 1096 1569 1132 ego
1589 1082 1654 1126 985

1100 1162 1186 1186 sum
1208 1148 1314 1198 ipsus
1338 1147 1569 1188 Charmides

243 1229 361 1266 quem
383 1215 453 1253 tibi
475 1215 661 1265 epistulas
682 1214 838 1253 dedisse
865 1213 1008 1252 aiebas.
1069 1215 1132 1252 Sv.
1165 1215 1256 1261 eho,
1277 1228 1435 1263 quaeso,
1458 1227 1507 1252 an
1529 1221 1570 1251 tu

1449 1279 1480 1317 is
1502 1281 1572 1317 es?

244 1349 320 1387 CH.
355 1348 385 1386 is
407 1347 512 1386 enim
533 1360 626 1385 uero
648 1360 744 1385 sum.
806 1348 868 1384 ΞΥ.
901 1345 965 1383 ain
987 1352 1027 1383 tu
1049 1345 1239 1383 tandem?
1269 1344 1300 1382 is
1322 1344 1480 1394 ipsusne
1501 1345 1572 1382 es?

1035 1410 1110 1449 CH.
1143 1410 1216 1448 aio.
1277 1412 1339 1448 Sv.
1373 1411 1479 1459 ipsus
1501 1410 1571 1448 es?

244 1481 323 1519 CH.
355 1479 472 1529 ipsus,
496 1478 672 1528 inquam,
694 1476 928 1517 Charmides
956 1489 1053 1514 sum.
1114 1478 1176 1514 ΞΥ.
1210 1489 1300 1524 ergo
1321 1474 1480 1525 ipsusne
1502 1476 1572 1513 es?

1217 1542 1293 1579 CH.
1327 1539 1569 1590 ipsissumus.

244 1609 309 1648 abi
330 1609 422 1648 hinc
438 1610 488 1648 ab
505 1608 657 1647 oculis?
696 1610 759 1646 ΞΥ.
783 1607 887 1645 enim
905 1620 998 1644 uero
1020 1607 1130 1653 serio,
1147 1605 1336 1656 quoniam
1353 1606 1572 1645 aduenis——

245 1674 449 1725 uapulabis
471 1687 560 1712 meo
581 1673 767 1711 arbitratu
789 1671 826 1710 et
847 1685 1041 1709 nouorum
1062 1671 1258 1709 aedilium.
1591 1678 1660 1714 990

244 1742 321 1780 CH.
353 1746 393 1778 at
413 1739 530 1778 etiam
552 1738 785 1776 maledicis?
838 1738 900 1775 Sv.
936 1736 1070 1783 immo,
1094 1738 1223 1774 saluos
1245 1736 1582 1786 quandoquidem

1355 1800 1573 1840 aduenis——

246 1871 287 1910 di
307 1877 345 1910 te
365 1870 539 1920 perdant,
565 1869 595 1907 si
617 1877 654 1907 te
676 1867 789 1906 flocci
811 1867 912 1906 facio
932 1881 982 1905 an
1003 1866 1183 1917 periisses
1204 1866 1320 1917 prius.

289 1974 354 2014 976
379 1973 466 2004 ieras
479 1983 557 2003 σοι-ν,
571 1973 600 2002 is
612 1982 686 2002 eras
701 1975 737 2002 ut
749 1971 809 2002 vid.
825 1971 856 2001 Β
871 1983 877 2001 :
903 1981 977 2001 eras
988 1969 1062 2000 ΡΠ)
1144 1980 1213 2000 non
1226 1975 1259 2001 tu
1270 1969 1298 2001 is
1310 1980 1385 2001 eras
1396 1970 1576 2002 Hermann

245 2017 372 2048 aurifici
390 2016 459 2047 cod.
600 2027 663 2055 977
689 2016 737 2046 vel
753 2020 822 2046 tute
912 2014 1129 2045 decharmida
1147 2014 1273 2044 Ritsclzl
1357 2015 1421 2053 978
1438 2015 1526 2054 Quid
1543 2014 1576 2044 Β

245 2062 309 2101 983
334 2061 381 2091 ire
407 2059 563 2091 Gm'etns:
588 2060 680 2090 abire
709 2060 826 2097 {abere
855 2059 900 2097 Β)
928 2058 1008 2097 cod.,
1034 2058 1092 2089 scd
1115 2058 1208 2088 abire
1235 2062 1295 2089 act.
1325 2058 1573 2098 zulvsere1ulmn

246 2106 309 2145 985
335 2104 527 2135 ementitu’s
548 2104 577 2134 is
596 2103 768 2133 Fleckeisen
922 2104 987 2142 986
1011 2102 1059 2133 vel
1079 2101 1170 2133 aibas
1281 2112 1446 2141 quaescau
1468 2102 1574 2132 tuises

247 2151 348 2189 (quac
365 2151 480 2188 etpost
494 2149 515 2177 6
532 2148 587 2179 litt.
608 2151 690 2188 spat.
717 2157 755 2177 es
779 2145 867 2184 PCD)
893 2147 957 2178 cod.
989 2147 1098 2186 <Clu—0
1115 2146 1162 2185 O)
1297 2146 1361 2184 987
1387 2145 1572 2185 isipsusnes

247 2192 280 2231 ip
299 2193 356 2223 ΞΥ.
384 2192 518 2232 ipsuses
542 2191 585 2221 Βι
609 2196 700 2231 <coma
727 2189 789 2229 3⁴³,
817 2190 952 2230 qm'aio,
971 2189 1052 2230 sori.
1078 2201 1155 2220 corr.
1175 2189 1241 2228 ain,
1268 2188 1395 2220 addidit
1417 2199 1516 2228 neque
1538 2189 1572 2228 ip

247 2235 370 2269 delevit]
388 2247 395 2266 :
420 2236 447 2266 is
465 2235 558 2274 ipsus
576 2245 610 2265 es
631 2235 760 2274 reliquis
784 2234 913 2264 omissis
936 2232 1010 2263 PCD
1099 2235 1163 2272 988
1188 2234 1325 2273 ipsusne
1343 2232 1396 2273 cs]
1412 2233 1504 2272 ipsus
1521 2236 1572 2263 est

248 2279 336 2310 codd.
354 2279 518 2310 Prisciani
531 2290 555 2319 1,
571 2281 611 2317 84
732 2280 797 2317 989
821 2278 942 2308 abhinc
960 2276 1037 2315 (od,
1056 2279 1153 2308 ctiam
1182 2276 1268 2307 codd.
1290 2276 1469 2307 Prisciani:
1495 2275 1571 2306 abin

249 2322 325 2353 hinc
349 2323 481 2354 Gm'clns
591 2333 668 2354 sero
698 2321 894 2352 Gulielmius
1047 2332 1112 2360 990
1137 2321 1311 2361 uapulabis
1342 2318 1571 2352 Camerarius:

248 2367 402 2440 uapulails
419 2370 456 2397 nt
470 2366 534 2399 vid.
554 2366 612 2397 cod
626 2366 832 2407 (uapulisB:
859 2364 999 2405 uapulas
1016 2364 1061 2405 D,
1070 2366 1156 2405 sort.
1175 2365 1264 2406 recle)
1396 2374 1459 2404 992
1484 2363 1572 2404 peri-

248 2420 316 2441 isse
333 2422 377 2441 coc
392 2434 398 2442 .

968 2513 990 2524 l
