1783 2707
154 121 223 159 IV.
245 122 322 158 viii
664 122 709 158 T.
744 120 923 159 MACCI
956 121 1160 159 PLAVTI

184 236 228 268 60
246 232 380 271 dicant
400 246 601 271 seruorum
622 240 772 283 praeter
794 246 857 270 me
879 232 963 271 esse
986 234 1143 271 fidelem
1165 231 1374 271 neminem,
1596 247 1685 283 1370

246 311 337 335 nam
358 297 389 335 si
410 299 575 336 honeste
596 311 779 336 censeam
801 305 838 336 te
859 299 986 336 facere
1007 311 1132 347 posse,
1157 298 1343 335 suadeam
1358 311 1368 344 ;

244 376 380 401 uerum
411 375 492 400 non
521 370 660 412 potest.
720 375 817 401 caue
843 362 949 400 faxis.
1009 364 1077 400 ΡΥ.
1108 361 1174 400 abi
1203 361 1291 400 iam.
1351 363 1418 400 ΡΑ.
1452 362 1574 412 patiar

1287 425 1481 477 quidquid
1502 435 1570 466 est.

244 494 310 530 ΡΥ.
344 492 445 531 bene
466 494 552 531 uale
573 492 698 542 igitur.
767 495 836 531 PA.
868 492 922 532 ire
953 492 1107 531 meliust
1128 493 1423 531 strenue—Py,
1456 492 1572 531 etiam

1345 571 1451 596 nunc
1472 559 1571 596 uale.

241 630 332 662 ante
353 625 428 662 hoc
450 624 596 663 factum
618 625 725 662 hune
746 636 832 662 sum
854 622 1060 662 arbitratus
1092 636 1245 673 semper
1266 635 1420 661 seruom
1443 636 1573 673 pessu-

1436 701 1543 726 mum
1565 703 1571 726 :

182 762 221 803 65
243 769 333 794 eum
373 756 530 794 fidelem
571 755 666 793 mihi
701 768 786 794 esse
821 754 991 794 inuenio.
1063 767 1184 804 quom
1220 760 1375 803 egomet
1414 766 1571 791 meeum
1594 764 1680 801 1375

1427 817 1569 867 cogito,

242 887 358 924 stulte
379 885 452 924 feei
474 886 541 936 qui
561 887 667 924 hunc
688 885 810 924 amisi.
871 885 938 923 ibo
959 884 1051 922 hinc
1073 884 1174 922 intro
1195 884 1381 922 nunciam

241 952 291 990 ad
311 964 464 990 amores
486 964 605 990 meos.
666 952 746 997 sed,
770 950 884 997 sensi,
908 949 1000 988 hinc
1022 949 1193 988 sonitum
1217 950 1392 987 fecerunt
1414 948 1526 986 fores.

175 1060 221 1096 ix
520 1062 666 1099 PVER
779 1063 1291 1098 PvRaopomNoeEs

350 1144 417 1181 Pv.
451 1143 512 1181 Ne
533 1155 597 1180 me
617 1142 824 1189 moneatis,
845 1140 1007 1180 memini
1028 1154 1101 1191 ego
1122 1141 1294 1179 officium
1315 1153 1458 1187 meum,

348 1221 421 1258 ego
443 1211 584 1248 †nam†
604 1206 841 1246 conueniam
863 1206 983 1254 illurn,
1007 1206 1075 1244 ubi
1096 1206 1163 1244 ubi
1185 1213 1241 1244 est
1261 1205 1463 1256 gentium;

350 1273 608 1323 inuestigabo,
632 1274 774 1324 operae
795 1286 876 1311 non
898 1285 1016 1322 parco
1038 1285 1159 1310 meae.
1593 1273 1683 1318 1380

350 1341 417 1378 ΡΥ.
451 1352 513 1377 me
534 1339 684 1389 quaerit
705 1338 792 1377 illic.
853 1338 920 1376 ibo
940 1339 1033 1376 huic
1053 1351 1176 1388 puero
1196 1336 1368 1375 obuiam.

202 1421 219 1453 5
350 1407 417 1443 Pv.
451 1405 581 1453 ehem,
600 1412 638 1443 te
659 1418 815 1455 quaero.
876 1405 994 1451 salue,
1017 1403 1075 1442 uir
1095 1402 1361 1453 lepidissume,

347 1471 544 1508 cumulate
566 1469 860 1517 commoditate,
883 1476 1035 1519 praeter
1055 1475 1205 1507 ceteros

346 1536 427 1573 duo
443 1536 484 1573 di
497 1548 615 1585 quem
632 1542 780 1573 curant.
822 1536 889 1573 ΡΥ.
913 1533 980 1584 qui
997 1535 1078 1573 duo
1093 1534 1110 1571 ?
1148 1534 1217 1572 Pv.
1242 1533 1350 1570 Mars
1366 1540 1404 1571 et
1417 1533 1565 1570 Venus.

348 1604 416 1640 ΡΥ.
448 1602 618 1641 facetum
640 1614 804 1652 puerum
825 1604 831 1639 1
890 1603 960 1639 Pv.
992 1600 1094 1638 intro
1114 1606 1152 1638 te
1173 1606 1215 1638 ut
1236 1611 1301 1637 eas
1322 1605 1514 1649 opsecrat‚
1592 1601 1678 1644 1385

347 1675 384 1706 te
404 1668 498 1714 uolt,
521 1674 559 1706 te
580 1665 740 1717 quaerit,
764 1673 882 1716 teque
904 1671 1134 1715 exspectans
1155 1662 1311 1714 expetit.

180 1749 219 1773 10
346 1732 494 1772 amanti
514 1734 570 1771 fer
589 1745 719 1782 opem.
769 1731 865 1781 quid
887 1732 994 1769 stas?
1023 1729 1118 1780 quin
1139 1728 1241 1767 intro
1261 1728 1322 1767 is?
1361 1730 1429 1767 ΡΥ.
1453 1741 1569 1767 eo.—

348 1800 415 1837 Pv.
448 1798 555 1848 ipsus
576 1796 654 1836 illie
675 1810 759 1835 sese
780 1797 857 1835 iam
880 1795 1086 1847 impediuit
1108 1795 1148 1833 in
1169 1795 1301 1845 plagas
1318 1809 1328 1842 3

346 1870 502 1915 paratae
522 1861 687 1901 insidiae
707 1869 798 1900 sunt
815 1877 821 1900 :
853 1861 892 1900 in
915 1868 1016 1900 statu
1038 1867 1113 1899 stat
1133 1873 1261 1906 senex,

347 1938 389 1968 ut
409 1929 606 1968 adoriatur
627 1930 850 1975 moechum,
875 1927 942 1978 qui
963 1929 1123 1966 formast
1144 1927 1261 1973 ferox,
1591 1933 1681 1967 1390

348 1995 414 2046 qui
436 1993 564 2033 omnis
585 2007 626 2032 se
645 2006 776 2032 amare
799 1992 934 2039 credit,
958 2004 1139 2042 quaeque
1159 1989 1350 2041 aspexerit

285 2110 368 2140 1370
391 2099 505 2130 dicent
529 2097 596 2130 Leo
628 2099 679 2139 (cs.
713 2097 810 2137 1369)
903 2100 994 2128 esset
1023 2095 1090 2127 cod.
1230 2104 1309 2134 1371
1337 2098 1474 2125 censeat
1501 2093 1568 2125 cod.

242 2153 322 2183 1372
348 2154 484 2183 pa.q.e.
502 2139 1023 2183 Pyrgopolym'cicontinuantalii
1113 2148 1194 2179 1373
1220 2137 1297 2178 Pin]
1311 2137 1428 2169 vclPA.
1487 2137 1566 2178 Pru]

238 2188 286 2219 vel
302 2187 359 2219 ΡΥ.
428 2186 547 2217 melius
565 2190 617 2217 est
633 2191 754 2217 trenue
771 2185 835 2216 cod.
911 2184 986 2225 Pin]
1006 2182 1055 2214 vel
1070 2182 1129 2214 ΡΑ.
1226 2192 1306 2221 1374
1331 2182 1396 2211 huc
1414 2191 1486 2212 sum
1498 2180 1564 2212 cod.

242 2240 323 2271 1375
349 2232 488 2262 inuento
501 2230 568 2262 cod.
652 2233 784 2268 egomet
796 2227 1004 2258 Lambinus:
1031 2236 1095 2265 ego
1106 2230 1140 2257 et
1150 2225 1217 2257 cod.
1310 2226 1392 2264 1376
1408 2224 1484 2255 fecit
1502 2248 1509 2255 .
1527 2248 1535 2256 .
1555 2248 1563 2256 .

239 2275 349 2305 amisit
375 2274 442 2306 cod.
594 2283 674 2312 1377
699 2282 832 2302 amores
858 2270 960 2302 Ital.:
998 2280 1107 2301 mores
1135 2269 1202 2300 cod.
1299 2273 1334 2299 et
1359 2268 1466 2299 sensit
1496 2267 1563 2300 cod.

242 2328 324 2358 1379
349 2318 443 2358 nam]
461 2317 525 2348 iam
545 2316 757 2348 Camerarius
886 2315 968 2353 1380
992 2323 1125 2354 parcam
1144 2312 1357 2344 Camerarius
1484 2312 1563 2350 1381

238 2362 314 2393 ilico
338 2362 414 2392 hinc
436 2371 467 2401 p.
494 2361 527 2391 B
553 2362 625 2401 (pro
652 2359 719 2390 illic
738 2369 778 2390 eo
795 2359 826 2388 h.
845 2359 914 2398 p.2)
1005 2368 1049 2387 an
1067 2357 1170 2388 ibon?
1262 2353 1370 2398 (ego)
1386 2355 1462 2385 huic
1484 2355 1568 2385 Βνιζτ

242 2407 324 2444 1386
348 2405 478 2444 expetit
496 2404 621 2435 Parcus
636 2414 642 2433 ε
668 2403 752 2442 petit
768 2401 834 2432 cod.
851 2402 931 2442 (om.
944 2400 988 2439 Β)
1105 2400 1184 2439 1387
1211 2399 1291 2438 quin
1310 2397 1459 2429 Merula:
1485 2397 1565 2437 quid

237 2449 304 2480 cod.
409 2448 490 2487 1388
514 2457 590 2479 sese
607 2445 744 2486 Iffitlades
760 2457 766 2476 :
791 2455 848 2477 ese
865 2444 931 2476 cod.
949 2444 1001 2485 (se
1019 2443 1107 2484 ΡΨ)
1201 2453 1279 2482 1391
1306 2452 1471 2481 quemque
1492 2441 1565 2472 PCD

987 2528 1010 2538 l
