1731 2713
745 81 982 121 STICHVS
1469 83 1514 119 V.
1537 93 1568 119 v

184 194 274 242 sn.
310 192 532 243 Sangarine.
606 193 668 230 SA.
702 190 797 242 quid
829 192 918 229 est?
989 192 1069 230 STI.
1111 198 1216 229 totus
1246 192 1373 230 doleo.
1451 194 1514 231 SA.

1024 257 1172 306 potus?
1202 264 1310 294 tanto
1333 256 1515 295 miserior.

108 332 175 369 750
194 324 283 362 STE.
317 322 446 361 utrubi
467 321 694 361 accumbo?
751 322 814 360 SA.
847 320 977 359 utrubi
999 328 1040 359 tu
1062 320 1150 359 uis?
1207 322 1296 360 STE.
1329 334 1419 359 cum
1441 335 1518 359 am-

865 385 993 424 bobus
1015 387 1117 432 uolo,
1142 398 1232 423 nam
1253 386 1392 424 ambos
1412 399 1512 424 amo.

191 453 270 491 ST1.
304 453 462 503 uapulat
493 450 704 502 peculium,
733 457 865 489 actum
896 458 964 489 est.
1029 452 1093 489 SA.
1127 450 1222 501 fugit
1253 452 1328 490 hoc
1358 451 1515 490 libertas
1540 467 1577 489 10

1386 524 1513 567 caput.

189 584 279 621 STE.
303 584 393 622 date
416 582 467 620 mi
485 584 615 621 locum
633 580 700 620 ubi
714 581 958 628 accumbam,
978 581 1132 628 amabo,
1154 580 1348 632 siquidem
1365 584 1514 632 placeo.

1188 649 1267 687 STI.
1302 655 1371 686 tun
1393 648 1518 687 mihi?

188 715 277 753 STE.
302 713 418 764 cupio
435 715 524 752 crim
542 721 719 763 utroque.
761 714 841 751 STI.
862 712 897 751 ei
915 712 1011 751 mihi
1030 716 1037 752 1
1069 713 1170 752 bene
1188 713 1378 764 dispereo.
1421 714 1516 764 quid

1068 778 1156 817 ais?
1213 780 1276 818 SA.
1311 778 1406 829 quid
1427 780 1517 817 est?

187 846 267 884 ST1.
300 844 351 883 ita
373 858 434 883 me
455 843 495 883 di
520 850 663 891 canent,
688 857 907 894 numquam
938 843 1045 883 enim
1067 845 1134 882 fiet
1155 844 1275 883 hodie
1296 845 1393 883 haec
1418 844 1513 894 quin

1233 911 1346 948 saltet
1367 916 1510 948 tamen.

100 988 140 1024 75
149 988 164 1024 5
184 988 265 1024 age,
290 975 416 1012 mulsa
437 987 524 1012 mea
544 973 767 1020 suauitudo‚
791 975 911 1013 salta:
942 974 1094 1012 saltabo
1115 987 1188 1024 ego
1209 974 1335 1013 simul.

185 1041 248 1078 SA.
281 1052 497 1089 numquam
531 1040 673 1089 edepol
706 1039 798 1077 med
833 1038 932 1077 istoc
963 1038 1098 1078 uinces
1131 1038 1226 1090 quin
1262 1053 1334 1090 ego
1364 1039 1512 1079 ibidem
1538 1055 1574 1087 15

1329 1105 1510 1154 pruriam.

183 1172 272 1209 STE.
306 1169 501 1221 siquidem
523 1169 619 1208 mihi
641 1170 865 1209 saltandum
893 1176 962 1217 est,
986 1176 1070 1208 tum
1092 1183 1164 1209 uos
1185 1171 1277 1210 date
1298 1167 1407 1210 bibat
1429 1170 1514 1209 tibi-

1421 1235 1510 1274 cini.

182 1303 262 1341 STI.
280 1308 319 1341 et
330 1301 491 1352 quidem
504 1301 630 1340 nobis.
664 1303 728 1340 SA.
745 1309 846 1349 tene,
863 1300 1022 1349 tibicen,
1035 1301 1226 1352 primum3
1242 1301 1423 1352 postidea
1435 1301 1512 1341 loci

181 1366 212 1406 si
233 1368 309 1405 hoc
330 1367 522 1416 eduxeris,
543 1367 709 1418 proinde
729 1374 772 1406 ut
792 1369 1016 1407 consuetu's
1036 1369 1215 1415 antehac,
1239 1368 1414 1407 celeriter

95 1436 163 1480 760
181 1432 353 1482 lepidam
374 1440 412 1471 et
433 1446 595 1471 suauem
613 1432 838 1472 cantionem
859 1433 1031 1483 aliquam
1047 1433 1234 1484 occupito
1250 1433 1509 1482 cinaedicam,

180 1498 248 1538 ubi
268 1498 599 1549 perpruriscamus
619 1511 745 1549 usque
765 1512 812 1537 ex
832 1498 1062 1548 unguiculis.
1121 1498 1214 1538 inde
1235 1500 1312 1538 huc
1332 1513 1487 1550 aquam.
1530 1515 1569 1537 20

475 1610 851 1648 SANGARINVS
974 1610 1220 1648 STICHvs
1527 1615 1576 1653 vi

234 1693 298 1730 SA.
331 1693 442 1730 Tene
463 1699 503 1729 tu
525 1691 613 1738 hoc,
637 1691 772 1729 educe.
833 1691 986 1729 dudum
1008 1690 1154 1741 placuit
1175 1690 1308 1747 potio:

234 1771 339 1796 nunc
360 1757 480 1795 minu’
501 1763 658 1807 grauate
680 1755 756 1794 iam
778 1755 930 1806 accipit.
991 1763 1081 1795 tene
1101 1763 1153 1794 tu.
1214 1756 1380 1805 interim,

234 1836 343 1862 meus
365 1825 511 1870 oculus,
536 1824 586 1862 da
607 1822 703 1860 mihi
723 1821 890 1870 sauium,
911 1823 1006 1861 dum
1027 1821 1105 1860 illic
1126 1821 1235 1860 bibit.

92 1890 157 1936 765
233 1890 312 1927 ST1.
345 1887 583 1938 prostibilest
603 1889 797 1926 tandem?
826 1894 995 1926 stantem
1017 1886 1132 1926 stanti
1154 1887 1308 1926 sanium

230 2003 293 2032 749
316 1994 426 2024 totus?
444 1997 539 2023 tanto
551 1991 739 2023 saracenus
851 2002 914 2032 750
938 1992 1048 2023 utrubi
1068 2016 1074 2023 .
1091 2015 1099 2023 .
1121 2015 1129 2022 .
1147 1991 1259 2022 utrubi
1274 1991 1504 2024 Camerarius:

178 2037 345 2067 utrumubi
363 2060 370 2068 .
392 2061 398 2068 .
416 2061 422 2068 .
443 2036 610 2067 utrumubi
629 2035 694 2069 cod.
832 2045 894 2076 753
920 2040 972 2067 est
1003 2035 1125 2066 Weise:
1158 2046 1222 2074 ego
1247 2035 1312 2067 cod.
1442 2046 1504 2076 754

178 2082 235 2111 sset
250 2080 315 2111 cod.
422 2081 501 2120 quin
525 2080 624 2111 saltet
650 2080 888 2111 Camerarius:
926 2081 982 2119 qui
1008 2090 1075 2111 non
1099 2079 1222 2110 saltent
1247 2079 1312 2111 cod.
1441 2090 1504 2120 759

178 2124 333 2155 eduxerit
356 2123 418 2154 cod.
438 2135 445 2154 ε
478 2134 555 2155 corr.
582 2123 795 2155 Camerarius
883 2124 1041 2155 antidhac
1068 2124 1158 2164 <cum
1182 2123 1347 2163 postidea,
1366 2123 1402 2164 qfi
1423 2125 1501 2165 758)

173 2169 272 2208 gloss.
292 2167 415 2208 Pluma,
432 2171 542 2198 contra
559 2171 715 2206 metrum,
732 2167 819 2198 unde
834 2168 862 2199 si
877 2168 939 2199 hoc
956 2167 1077 2199 eduxis
1094 2167 1153 2198 cel.
1174 2177 1205 2207 p.
1225 2170 1261 2197 ut
1277 2177 1327 2198 co.
1344 2167 1503 2198 antidhac

177 2211 316 2242 Redslob
449 2213 512 2251 760
536 2211 727 2242 cantionem
748 2211 837 2243 codd.
859 2211 964 2242 Nom'z’
976 2221 1018 2251 5:
1043 2211 1271 2242 cantationem
1288 2210 1355 2242 cod.
1407 2221 1502 2241 occu-

177 2255 249 2295 pito
266 2254 354 2286 codd.
374 2255 492 2287 Nonz'z':
519 2255 650 2295 occipio
674 2255 740 2286 cod.
937 2256 1044 2295 762-8
1071 2254 1205 2285 ‘scilicet
1226 2254 1334 2285 tibicen
1359 2258 1395 2284 ut
1418 2254 1505 2285 bibat

176 2309 285 2330 canere
301 2298 434 2329 desz'm't’
454 2299 515 2329 Leo
648 2300 709 2337 762
733 2299 858 2330 dudum
875 2297 1009 2341 (haud)
1025 2298 1174 2335 Pistoris,
1191 2297 1249 2328 sed
1261 2297 1299 2337 cf}
1313 2297 1379 2328 Leo
1389 2297 1436 2329 ad
1449 2298 1503 2330 loc.

178 2344 240 2382 765
265 2342 457 2382 prostibiles
477 2341 562 2374 cod.:
600 2353 676 2374 corr.
704 2342 769 2374 Leo
858 2343 959 2374 stanti
983 2342 1112 2374 sanium
1135 2340 1343 2373 saracenus:
1381 2342 1504 2373 stantis

177 2392 292 2418 autum
309 2386 376 2418 cod.
465 2387 502 2425 eff.
518 2385 565 2417 ad
578 2397 607 2417 v.
626 2396 688 2426 722
