1783 2707
178 119 225 156 V.
248 118 277 154 ii

189 242 228 265 10

187 632 224 665 15

185 958 226 980 20

173 1431 220 1467 iii

667 119 712 156 T.
747 118 929 157 MACCI
961 118 1164 155 PLAVTI

301 236 397 278 quot
417 228 590 277 risiones‚
614 235 711 279 quot
732 229 851 276 iocos,
874 236 971 279 quot
992 227 1110 276 sauia,

300 293 535 340 saltationes,
560 293 779 341 blanditias,
803 293 1069 344 prothymias!

298 359 361 397 SA.
385 357 528 397 Stiche.
588 359 666 397 ST1.
691 359 807 397 hem!
865 359 929 397 SA.
953 358 1050 409 quid
1070 358 1142 396 fit?
1198 358 1278 396 ST1.
1302 359 1449 407 eugae!
1479 357 1571 395 San-
1590 359 1659 394 660

1152 422 1283 473 garine
1304 422 1568 474 lepidissume.

298 490 380 528 fero
400 489 611 528 conuiuam
636 489 858 539 Dionysum
881 488 1058 539 mihique
1079 495 1117 527 et
1139 488 1219 526 tibi.

299 569 470 605 namque
490 556 633 605 edepol
655 569 753 593 cena
773 563 887 593 cocta
907 562 976 602 est,
999 556 1100 593 locu'
1121 554 1218 593 liber
1239 544 1371 592 datust

300 620 395 658 mihi
416 628 453 658 et
474 620 544 658 tibi
565 621 671 670 apud
693 633 764 658 uos
786 620 895 670 (nam
921 621 1027 670 apud
1048 633 1120 658 nos
1142 627 1199 658 est
1221 619 1460 667 conuiuium,

298 685 352 724 ibi
374 693 505 724 uoster
526 693 639 724 cenat
661 699 751 723 cum
773 698 893 723 uxore
913 686 1016 723 adeo
1037 692 1075 723 et
1096 683 1289 734 Antipho,

297 750 445 789 ibidem
468 764 555 788 erus
576 758 633 789 est
654 748 814 800 noster),
838 751 915 788 hoc
937 748 1034 787 mihi
1054 750 1163 787 dono
1184 750 1366 787 datumst.
1591 752 1657 796 665

300 816 363 854 SA.
397 814 483 865 quis
505 815 718 853 somniauit
738 816 907 853 aurum?
967 816 1045 853 STI.
1079 813 1176 864 quid
1198 813 1237 852 id
1257 815 1308 852 ad
1329 821 1367 852 te
1387 813 1555 852 attinet?

299 880 411 930 proin
428 888 469 918 tu
483 882 614 919 lauare
630 894 805 931 propera.
866 882 931 919 SA.
964 881 1092 918 lautus
1109 893 1206 917 sum.
1258 880 1338 917 STI.
1371 886 1543 928 optume,

298 959 462 996 sequere
496 959 587 996 ergo
619 947 693 984 hac
725 959 788 984 me
819 945 931 993 intro,
963 942 1227 998 (Sangarine.)
1282 944 1345 982 SA.
1378 956 1450 993 ego
1479 956 1573 982 uero

1418 1021 1570 1059 sequor.

297 1078 376 1115 STI.
408 1077 502 1115 uolo
523 1077 700 1115 eluamus
721 1075 852 1123 hodie,
876 1074 1079 1125 peregrina
1099 1074 1234 1113 omnia

295 1141 483 1192 relinque,
507 1143 684 1180 Athenas
706 1155 812 1179 nunc
833 1143 1020 1180 colamus.
1081 1154 1244 1190 sequere
1264 1153 1395 1178 me.—
1591 1141 1660 1183 670

296 1209 359 1246 SA.
393 1221 536 1258 sequor
557 1215 595 1246 et
615 1209 781 1246 domum
802 1207 994 1246 redeundi
1015 1206 1250 1257 principium
1273 1208 1410 1256 placet.

297 1273 402 1311 bona
423 1287 564 1312 scaeua
585 1280 794 1323 strenaque
816 1272 976 1311 obuiam
998 1271 1164 1311 occessit
1185 1270 1349 1309 mihi.—

720 1430 1097 1467 STEPHANIVM

298 1527 444 1566 Mirum
468 1526 593 1566 uideri
615 1527 764 1566 nemini
787 1534 963 1565 uostrum
986 1528 1090 1575 uolo,
1115 1525 1365 1577 spectatores,

296 1593 391 1643 quid
419 1606 491 1644 ego
519 1592 611 1631 hinc
637 1606 738 1643 quae
769 1592 847 1631 illic
875 1592 1012 1631 habito
1040 1606 1204 1631 exeam:
1236 1593 1376 1631 faciam
1397 1605 1470 1631 uos
1495 1605 1572 1631 cer·
1590 1594 1694 1638 674-5

1442 1658 1569 1696 tiores.

297 1727 418 1766 domo
439 1727 591 1765 dudum
612 1727 690 1765 huc
711 1726 896 1765 arcessita
926 1740 1024 1773 sum,
1049 1724 1178 1779 (nam)
1203 1724 1392 1776 quoniam
1423 1723 1579 1762 nuntia-r

1410 1796 1493 1827 tum
1515 1796 1572 1827 est

297 1856 456 1895 istarum
478 1864 665 1896 uenturos
687 1857 802 1906 uiros,
827 1857 882 1897 ibi
904 1857 1135 1897 festinamus
1157 1869 1295 1895 omnes
1311 1870 1321 1903 3

296 1921 405 1960 lectis
427 1923 647 1961 sternendis
670 1924 893 1962 studuimus
910 1922 1195 1972 munditiisque
1215 1919 1460 1971 apparandis.

296 1987 396 2025 inter
415 1986 511 2025 illud
533 1994 666 2027 tamen
689 1989 890 2039 negotium
913 1988 1009 2027 meis
1030 1987 1165 2027 curaui
1185 1986 1321 2025 amicis

296 2053 431 2091 Sticho
452 2061 490 2091 et
513 2068 706 2092 conseruo
729 2053 916 2104 Sagarino
937 2067 1027 2092 meo
1048 2052 1146 2091 ce'na
1166 2059 1279 2090 cocta
1299 2058 1341 2089 ut
1362 2057 1473 2089 esset.
1589 2051 1658 2086 680

286 2160 349 2189 662
374 2163 500 2190 coctast
532 2159 675 2189 Ritschl:
716 2158 804 2189 dicta
833 2162 885 2188 est
918 2156 984 2188 cod.
1147 2157 1210 2194 663
1251 2165 1295 2185 cm
1324 2154 1569 2185 conuiuiumst?

243 2204 308 2233 666
332 2202 528 2243 somniauit]
555 2204 657 2233 homo
683 2202 820 2232 donauit
841 2199 1044 2238 [omonauiffl
1062 2198 1205 2239 Seyffert,
1226 2198 1283 2229 sed
1300 2198 1338 2237 qf.
1358 2197 1423 2228 Leo
1445 2196 1492 2227 ad
1512 2197 1568 2228 loc.

244 2248 308 2277 668
332 2246 496 2286 Sagarine
514 2245 588 2276 add.
608 2246 735 2276 Ritscld
751 2245 811 2285 (iii.
830 2246 862 2282 2)
1000 2245 1060 2282 671
1087 2248 1121 2273 et
1137 2242 1194 2274 del.
1217 2242 1314 2273 Goetz
1411 2241 1568 2271 redeunti

244 2290 416 2320 Acidalins
482 2297 484 2299 ·
557 2291 620 2328 672
644 2289 776 2319 obuiam
796 2288 1029 2318 Camerarius:
1054 2286 1188 2317 obulam
1205 2285 1271 2317 cod.
1404 2285 1469 2324 676
1493 2293 1569 2314 nam

245 2333 320 2364 add.
341 2333 465 2363 Ritsclzl
595 2334 656 2370 677
682 2331 829 2371 ipsarum
848 2331 939 2371 (iss)
958 2329 1078 2360 Ewald
1217 2330 1282 2359 680
1305 2329 1486 2367 sangarino
1503 2326 1569 2359 cod.

246 2377 338 2416 (corr.
355 2377 417 2417 D¹)
441 2387 448 2406 ε
473 2386 518 2405 cm
537 2375 712 2414 Sangam?
739 2375 790 2415 (cf.
809 2374 855 2404 ad
867 2374 947 2413 644)

957 2517 980 2527 l
