1731 2713
611 113 780 151 MlLlsss
811 116 921 154 (JLO
931 117 1121 155 Rmsvs

187 223 390 261 molestae
411 229 524 260 sunt:
555 229 677 268 orant,
701 222 892 270 ambiunt,
916 234 1170 275 exopsecrant

140 297 184 330 70
202 286 335 325 uidere
356 294 397 324 ut
419 286 543 333 liceat,
566 288 615 325 ad
638 300 723 325 sese
743 288 884 326 arcessi
907 288 1052 335 iubent,

201 359 242 389 ut
264 359 331 389 tuo
354 364 432 389 non
454 350 568 390 liceat
587 352 680 390 dare
702 365 861 402 operam
885 354 1053 404 negotio.

203 417 270 453 Pv.
302 414 456 454 uidetur
477 422 631 466 tempus
654 430 738 455 esse
760 424 801 455 ut
823 431 957 456 eamus
977 420 1027 457 ad
1049 421 1186 467 forum,

201 487 242 518 ut
261 479 302 518 in
323 479 475 519 tabellis
496 494 596 530 quos
618 481 846 532 consignaui
868 482 931 521 hic
953 483 1033 522 heri

200 546 379 593 latrones,
402 544 489 583 ibus
509 546 767 585 denumerem
789 547 1039 597 stipendium.

138 619 178 656 75
200 623 290 648 nam
312 624 376 649 rex
396 611 584 649 Seleucus
606 624 668 650 me
689 625 807 661 opere
827 612 952 651 orauit
973 627 1156 652 maxumo

199 682 242 713 ut
261 674 335 714 sibi
355 676 524 714 latrones
545 689 726 726 cogerem
747 684 785 715 et
806 677 1104 716 conscriberem.

199 739 277 790 regi
298 741 403 779 hunc
423 740 529 779 diem
551 740 647 779 mihi
668 755 827 792 operam
848 743 1086 781 decretumst
1107 744 1208 782 dare.

198 806 274 843 AR.
306 818 377 855 age
398 806 538 844 demus
559 819 661 857 ergo.
722 808 788 844 Ργ.
821 806 1042 857 sequimini,
1066 807 1301 848 satellites.—

688 1009 922 1056 ACTVS
976 1010 1022 1055 ΙΙ

680 1109 1038 1147 PALAEs'rR1o

197 1195 298 1236 Mihi
318 1197 369 1236 ad
390 1197 651 1236 enarrandum
673 1197 750 1235 hoc
769 1204 1042 1247 argumentum
1064 1204 1121 1235 est
1141 1193 1316 1245 comitas,

131 1267 176 1301 80
195 1260 226 1300 si
245 1262 297 1301 ad
316 1261 620 1300 auscultandum
641 1268 773 1299 uostra
793 1260 864 1299 erit
885 1260 1104 1311 benignitas
1119 1274 1130 1308 3

194 1326 261 1377 qui
280 1334 413 1365 autem
433 1327 651 1364 auscultare
673 1327 780 1364 nolet
800 1333 978 1376 exsurgat
998 1326 1109 1371 foras,

193 1399 236 1430 ut
255 1390 303 1430 sit
323 1390 391 1430 ubi
411 1392 547 1430 sedeat
567 1390 631 1429 ille
652 1390 719 1441 qui
738 1392 956 1429 auscultare
976 1391 1069 1429 uolt.

193 1470 299 1495 nunc
319 1470 397 1507 qua
416 1455 624 1495 adsedistis
645 1469 783 1494 caussa
802 1455 842 1494 in
862 1454 1004 1494 festiuo
1023 1456 1120 1501 loco,

193 1521 414 1561 comoediai
435 1535 552 1572 quam
574 1534 646 1560 nos
666 1520 789 1559 acturi
809 1533 943 1559 sumus

128 1592 170 1637 85
192 1594 230 1625 et
249 1594 523 1637 argumentum
544 1593 582 1624 et
603 1599 749 1624 nomen
770 1585 883 1624 uobis
904 1587 1073 1635 eloquar.

190 1651 358 1700 Ἀλαζών
378 1653 527 1691 Graece
548 1651 639 1690 huic
660 1664 806 1690 nornen
827 1658 885 1689 est
904 1649 1145 1696 comoediae,

190 1718 230 1758 id
250 1732 322 1758 nos
344 1717 483 1757 Latine
508 1721 516 1737 ‘
528 1715 762 1767 gloriosum'
783 1715 962 1755 dicimus.

189 1785 265 1823 hoc
285 1783 477 1835 oppidum
499 1783 698 1834 Ephesust
713 1797 722 1830 ;
751 1780 850 1820 illest
871 1780 982 1819 miles
1002 1793 1112 1819 meus
1133 1793 1229 1825 erus,

189 1849 256 1900 qui
275 1848 368 1888 hinc
387 1849 438 1888 ad
458 1849 585 1887 forum
605 1847 713 1894 abiit,
734 1845 935 1898 gloriosus,
962 1845 1168 1896 inpudens,

125 1927 171 1961 90
189 1921 419 1962 stercoreus,
440 1915 579 1964 plenus
601 1912 739 1963 peiiuri
759 1919 876 1962 atque
896 1909 1072 1949 adulteri.

231 2020 273 2059 69
296 2019 474 2050 obsecrant
490 2018 524 2048 P
625 2028 665 2056 70
689 2017 812 2048 uiderit
831 2016 886 2048 (-ri
904 2014 964 2054 3²]
985 2018 1019 2044 ut
1036 2012 1069 2043 P
1164 2021 1199 2050 71
1229 2008 1354 2050 negotii
1369 2009 1500 2057 P(coyo¹.

187 2061 253 2101 B‘2)
371 2072 411 2102 73
435 2062 505 2093 aeri
523 2061 554 2093 Ρ
669 2062 796 2100 74-146
813 2059 896 2090 deest
911 2058 944 2088 A
1060 2066 1098 2097 74
1123 2055 1272 2086 latrones
1289 2053 1360 2084 ibus
1376 2052 1504 2102 Nonum·

188 2107 253 2145 486
277 2110 398 2138 testans
422 2106 495 2136 ibus
527 2105 581 2145 (cf.
608 2104 761 2135 Plcm'dus
786 2109 867 2144 corp.
892 2102 992 2142 gloss,
1022 2109 1052 2139 5,
1084 2108 1132 2138 75,
1160 2098 1314 2129 Donatus
1343 2095 1390 2126 ad
1412 2096 1499 2147 huss.

187 2160 218 2190 3,
249 2161 276 2190 1,
303 2151 385 2190 425:
408 2149 549 2180 latronis
572 2148 636 2179 bus
659 2147 723 2179 cod.
816 2147 864 2178 vel
886 2146 951 2177 din.
1087 2152 1126 2181 75
1151 2152 1206 2172 res
1229 2139 1292 2172 cod.
1321 2140 1412 2176 (corr.
1441 2138 1501 2178 5-)

189 2203 228 2233 77
252 2194 301 2224 rei
318 2193 382 2224 BC
466 2193 521 2224 die
532 2191 595 2223 cod.
616 2193 708 2231 (corr,
729 2190 789 2230 ΒΕ)
903 2189 943 2228 78
966 2188 1081 2219 demus
1096 2184 1246 2225 Hasper:
1268 2189 1376 2214 temus
1395 2184 1501 2221 (tenc-

187 2247 261 2268 mus
277 2236 335 2269 [5¹.
357 2241 529 2268 teneamus
547 2239 584 2267 ut
598 2234 660 2267 vid.
680 2232 747 2273 3²)
765 2233 830 2265 cod.
847 2244 854 2263 ε
879 2241 995 2264 eamus
1006 2230 1078 2262 Ital.
1227 2237 1267 2267 79
1291 2231 1417 2257 comtas
1432 2224 1498 2255 cod.

189 2281 281 2317 (corr.
296 2278 361 2321 3²)
494 2280 534 2311 81
560 2278 799 2310 auscultabunt
815 2275 878 2307 cod.
901 2279 976 2316 (pro
991 2272 1165 2306 ausculta:
1189 2271 1244 2302 vii.
1263 2281 1292 2310 p.
1314 2271 1385 2301 106)
1405 2271 1498 2308 (corr.

185 2323 249 2362 8²)
339 2323 445 2355 nollet
461 2322 546 2355 cod.:
571 2322 654 2352 nolit
669 2321 716 2352 Β2
822 2321 863 2359 84
887 2329 987 2358 quam
1006 2327 1066 2348 nos
1082 2314 1222 2355 Pylades
1236 2327 1241 2344 :
1267 2313 1418 2353 quandos
1433 2310 1497 2341 cod.

187 2367 262 2408 (pro
276 2368 444 2408 quannos)
535 2365 663 2397 aucturi
680 2363 746 2396 cod.
769 2364 861 2403 (corr.
880 2361 944 2399 32)
1049 2361 1092 2391 86
1115 2363 1167 2390 est
1182 2357 1339 2397 Pylades:
1364 2355 1501 2404 eloquar

186 2410 252 2443 cod.
271 2412 363 2451 (exv.
376 2412 431 2450 85)
448 2415 520 2450 *pro
535 2414 564 2449 ἔ,
584 2410 602 2440 ι’.
617 2420 640 2440 e.
657 2411 721 2448 est)
854 2407 897 2436 88
912 2405 999 2436 illest
1019 2402 1170 2443 Seyffert:
1196 2401 1249 2431 ide
1268 2400 1300 2430 Β
1319 2401 1412 2439 OEpro
1430 2397 1495 2435 1110,

185 2454 208 2486 ί.
217 2465 243 2486 e.
254 2454 370 2496 illest),
389 2465 456 2485 om.
473 2453 548 2484 pcD
566 2453 622 2493 (iii.
642 2452 675 2491 4)

1539 630 1576 662 75

1538 1111 1589 1149 II.
1613 1112 1624 1148 i

1528 1790 1564 1812 10
