1783 2707
157 123 226 159 JV.

198 1548 234 1582 75

250 121 279 157 ii
672 117 716 152 T.
752 113 930 152 MACCI
963 111 1166 149 PLAVTI

251 232 329 269 CH.
360 231 493 268 haeret
514 229 610 266 haec
632 240 702 272 res,
726 225 756 263 si
778 224 938 274 quidem
967 236 1039 273 ego
1059 235 1201 272 apsens
1223 233 1309 258 sum
1330 231 1449 268 quam
1469 230 1574 266 prae-

1301 297 1390 322 sens
1411 281 1572 332 longior.

250 359 423 398 nouistin
439 357 641 397 hominem
656 358 672 394 ?
727 358 789 394 ΞΥ.
813 354 975 392 ridicule
988 351 1143 402 rogitas,
1161 362 1333 401 quocum
1348 361 1426 386 una
1442 346 1575 384 cibum
1595 353 1660 389 905

251 439 390 475 capere
411 426 529 463 soleo.
591 424 666 462 CH.
701 420 796 471 quid
824 427 881 458 est
909 418 943 457 ei
971 418 1147 456 nomen?
1204 417 1266 453 ΞΥ.
1300 414 1408 463 quod
1435 411 1577 460 edepol

1267 477 1418 517 homini
1439 477 1574 526 probo.

220 569 229 574 ·
253 557 330 595 CH.
376 556 484 593 lubet
514 553 659 592 audire.
720 553 782 589 Sv.
825 549 878 587 illi
908 544 1401 598 edepolffilli—-i'lli—uae
1436 541 1578 580 misero

1459 606 1554 645 mihi
1572 610 1578 645 1

254 688 330 726 CH.
354 686 450 735 quid
466 692 523 723 est
540 682 700 733 negoti?
749 685 810 719 SY.
841 678 1029 719 deuoraui
1046 690 1192 715 nomen
1209 675 1423 725 inprudens
1445 673 1576 711 modo.

253 753 329 791 CH.
363 765 442 789 non
464 751 591 800 placet
612 748 678 798 qui
699 746 847 785 amicos
868 745 967 783 intra
988 745 1126 782 dentes
1147 742 1354 780 conclusos
1375 739 1505 777 habet.

252 817 314 855 St.
346 824 465 865 atque
486 814 603 853 etiam
627 813 747 851 modo
769 811 998 850 uorsabatur
1019 807 1115 846 mihi
1136 806 1175 844 in
1196 804 1312 844 labris
1329 802 1574 855 primoribus.
1598 815 1667 849 910

252 883 328 921 CH.
372 879 535 931 temperi
565 878 656 917 huic
686 877 805 916 hodie
835 874 1031 914 anteueni.
1091 875 1154 912 ΞΥ.
1191 879 1327 910 teneor
1357 870 1578 908 manufesto

1450 947 1575 971 nnser.

254 1014 332 1051 CH.
373 1011 449 1049 iam
482 1008 825 1049 recommentatu's
860 1006 1036 1044 nomen?
1093 1005 1155 1041 SY.
1199 1003 1318 1040 deum
1353 1001 1482 1038 hercle
1517 1012 1580 1036 me

1078 1076 1196 1118 atque
1217 1065 1424 1104 hominum
1444 1065 1576 1114 pudet.

255 1143 331 1181 CH.
370 1141 461 1179 uide
491 1141 610 1178 modo
638 1147 679 1177 ut
707 1136 909 1176 hominem
938 1133 1117 1173 noueris!
1175 1133 1238 1170 Sv.
1275 1138 1476 1179 tamquam
1505 1142 1577 1167 me.

1247 1195 1329 1234 fieri
1350 1194 1448 1232 istuc
1469 1195 1578 1241 solet,

253 1272 362 1321 quod
384 1271 423 1309 in
445 1284 564 1308 manu
586 1278 720 1308 teneas
741 1277 858 1318 atque
880 1265 1003 1305 oculis
1025 1265 1171 1310 uideas,
1195 1262 1236 1301 id
1256 1260 1465 1300 desideres.

253 1336 389 1375 litteris
411 1334 742 1375 recomminiscar.
801 1331 870 1385 (C)
891 1339 948 1371 est
969 1329 1205 1382 principium
1226 1325 1388 1366 nomini.
1600 1338 1666 1374 915

255 1405 333 1443 CH.
363 1402 537 1442 Callias?
593 1403 656 1440 Sv.
689 1414 769 1439 non
791 1407 859 1438 est.
919 1400 996 1438 CH.
1034 1395 1267 1446 Callippus?
1314 1394 1376 1431 Sv.
1409 1405 1489 1430 non
1510 1398 1578 1430 est.

1163 1465 1239 1503 CH.
1273 1459 1583 1502 Callidemides?

256 1538 320 1575 ΞΥ.
362 1549 442 1574 non
473 1542 540 1573 est.
602 1535 679 1574 CH.
722 1532 966 1573 Callinicus?
1023 1535 1087 1571 Sv.
1121 1545 1201 1570 non
1231 1537 1301 1569 est.
1360 1528 1438 1567 CH.
1471 1524 1583 1565 Calli-

1010 1599 1220 1636 marehus?
1277 1598 1339 1635 Sv.
1373 1593 1469 1632 nihil
1489 1591 1580 1642 agis.

256 1680 385 1716 neque
401 1667 502 1705 adeo
519 1666 661 1716 edepol
678 1665 790 1703 flocci
809 1664 919 1711 facio,
937 1665 1098 1714 quando
1119 1670 1274 1714 egomet
1296 1660 1457 1700 memini
1475 1657 1582 1697 mihi.

257 1733 334 1771 CH.
366 1739 405 1770 at
426 1731 530 1770 enim
554 1730 664 1768 multi
688 1730 899 1769 Lesbonici
921 1738 1011 1768 sunt
1032 1729 1118 1767 hic:
1150 1727 1224 1767 nisi
1245 1741 1390 1766 nomen
1411 1724 1530 1776 patris
1580 1744 1582 1746 v

256 1796 374 1844 dices,
412 1810 492 1835 non
528 1804 715 1835 mostrare
748 1795 843 1834 istos
875 1808 1036 1845 possum
1064 1793 1246 1833 homines
1273 1806 1373 1843 quos
1400 1799 1441 1830 tu
1469 1803 1584 1840 quae-
1604 1799 1671 1834 920

1479 1862 1580 1893 ritas.

258 1928 365 1977 quod
385 1928 436 1966 ad
457 1928 680 1977 exemplum
702 1928 790 1965 est?
819 1925 1044 1964 coniectura
1065 1924 1094 1963 si
1112 1923 1277 1975 reperire
1297 1935 1518 1974 possumus.

198 1998 240 2028 80
259 1994 321 2031 ΞΥ.
364 1993 416 2030 ad
455 1993 531 2030 hoc
566 1993 790 2041 exemplum
821 1998 901 2029 est:
941 2004 990 2029 an
1022 1990 1199 2030 Chares?
1241 2002 1291 2026 an
1322 1986 1585 2027 Charmides?

1097 2056 1173 2095 CH.
1206 2067 1301 2092 num
1323 2046 1586 2093 Charmides?

301 2172 365 2201 904
389 2171 489 2201 quam
517 2159 776 2192 Rittersltuslus:
811 2160 890 2198 quia
915 2158 984 2190 cod.
1159 2167 1222 2197 905
1255 2157 1388 2196 quicum
1414 2156 1584 2186 Fleckeisen

259 2207 324 2244 906
348 2205 378 2236 ei
396 2215 520 2236 nomen
538 2209 590 2235 est
606 2203 639 2234 Β
658 2204 728 2244 (vi-t·
738 2209 802 2244 pro
819 2202 849 2233 ei
866 2202 1039 2242 nomenst)
1165 2200 1309 2240 dedepol
1326 2200 1392 2230 cod.
1519 2209 1583 2238 907

259 2249 313 2279 ille
331 2249 382 2280 ed.
400 2248 466 2279 cod.
486 2259 492 2278 :
516 2259 594 2280 corr.
615 2247 826 2278 Camerarius
933 2257 998 2286 909
1022 2244 1181 2276 concluso
1198 2244 1265 2275 cod.
1378 2253 1441 2283 913
1467 2242 1582 2283 modo]

259 2293 359 2323 homo
375 2291 450 2321 PCD
470 2291 520 2332 (cf.
540 2291 586 2322 ad
595 2291 694 2322 Poen.
711 2291 792 2330 926)
919 2290 985 2320 CH.
1009 2289 1080 2319 fieri
1098 2292 1148 2320 etc.
1165 2288 1232 2320 cod.
1374 2296 1437 2326 915
1462 2287 1488 2317 C
1505 2285 1582 2316 add.

255 2334 401 2376 Scaliger
518 2337 581 2374 916
607 2335 731 2366 Callias
750 2334 905 2365 Gztietus:
938 2333 1083 2364 callicias
1105 2331 1170 2362 cod.
1292 2341 1357 2370 919
1381 2335 1481 2370 atque
1507 2340 1536 2362 e.
1555 2329 1587 2360 Β

256 2389 322 2418 920
346 2388 483 2418 possum
502 2379 585 2409 istos
602 2378 690 2408 coca:
715 2378 788 2409 trat'.
812 2377 915 2408 Bothe
1089 2386 1153 2416 922
1178 2375 1424 2415 exemplumst:
1451 2374 1582 2405 Char-
