1783 2707
176 135 244 172 IV.

211 391 246 412 10

213 713 246 745 ¹5

214 1241 252 1263 20

264 134 292 170 ii
683 130 727 166 T.
761 128 941 168 MACCI
974 127 1177 165 PLAVTI

267 247 330 284 D1.
355 243 441 294 quis
462 251 519 281 ost
541 242 622 288 iste,
642 239 889 290 Astaphium,
913 238 1054 285 indica,
1072 237 1139 288 qui
1161 236 1290 288 perit?
1346 238 1413 274 AS.
1436 235 1589 280 amabo,

1294 301 1399 340 hicin
1420 308 1461 339 tu
1482 301 1594 338 eras?

429 376 493 412 1)1.
526 374 766 412 molestusne
787 371 904 409 sum?
960 372 1027 408 As.
1061 382 1166 407 nunc
1194 367 1315 419 magis
1337 380 1455 418 quam
1476 365 1592 411 fuisti,
1614 375 1682 412 720

426 452 516 477 nam
538 438 568 476 si
590 437 685 488 quid
707 436 822 476 nobis
843 442 953 474 usust
975 434 1089 473 nobis
1112 435 1320 473 molestu's.

320 506 389 545 sed
410 516 585 555 opsecro,
609 504 660 541 da
681 502 733 540 mi
756 514 915 552 operam
937 508 979 539 ut
1000 513 1153 538 narrem
1175 512 1275 549 quae
1292 498 1394 537 uolo.

377 572 440 608 D1.
474 582 564 607 nam
582 567 679 618 quid
695 568 782 606 est?
811 579 906 604 num
925 579 1012 604 mea
1028 566 1141 604 refert
1157 566 1174 602 ?
1230 566 1298 602 As.
1321 575 1401 602 non
1419 561 1594 600 mussito.

321 635 415 674 intu'
435 635 547 673 bolos
565 646 664 683 quos
683 634 750 671 dat
771 636 776 670 ἕ
818 634 883 670 D1.
908 630 1034 681 quid?
1062 637 1213 668 amator
1233 630 1350 667 nouo’
1372 627 1598 678 quispiam?

375 702 442 739 As.
476 699 667 749 integrum
703 705 740 736 et
779 698 940 747 plenum
980 697 1153 734 adortast
1187 696 1453 733 thensaurum.
1528 695 1593 730 DJ.
1617 699 1682 737 725

1404 758 1490 809 quis
1511 759 1598 797 est?

267 834 333 870 As.
367 832 537 881 eloquar,
573 831 643 868 sed
682 836 723 867 tu
759 835 898 867 taceto.
957 826 1089 865 nostin
1124 833 1165 865 tu
1199 827 1306 865 hunc
1341 825 1599 864 Strabacem?

1333 892 1398 928 D1.
1430 888 1600 940 quidni?

268 966 335 1001 As.
367 963 473 1001 solus
495 973 689 1000 summam
711 958 831 998 habet
859 958 921 997 hic
951 959 1057 1008 apud
1085 970 1168 1003 nOS,
1191 969 1297 994 nunc
1325 955 1355 994 is
1376 962 1433 994 est
1454 955 1600 994 fundus

1460 1033 1598 1059 nouos

322 1093 455 1132 animo
474 1093 579 1131 bono
597 1093 697 1130 male
713 1089 830 1143 (rem)
844 1089 951 1140 gerit.
1015 1091 1078 1127 D1.
1103 1088 1201 1138 perit
1222 1089 1352 1127 hercle
1367 1102 1376 1135 3
1406 1100 1478 1138 ego
1494 1086 1599 1125 idem

325 1159 429 1198 bona
447 1156 613 1208 perdidi,
638 1158 739 1194 mala
759 1155 922 1207 repperi,
943 1152 1101 1208 [faetus]
1123 1167 1209 1192 sum
1231 1161 1411 1192 extumus
1431 1166 1454 1191 a
1473 1151 1598 1191 uobis

272 1226 342 1263 As.
373 1225 513 1263 stultus
534 1236 574 1262 es
596 1221 663 1273 qui
685 1223 788 1260 faeta
807 1221 951 1260 infecta
971 1221 1099 1259 facere
1120 1218 1250 1258 uerbis
1271 1219 1456 1268 postules.
1622 1230 1691 1266 730

272 1289 401 1328 Theti’
422 1301 582 1339 quoque
603 1287 720 1326 etiam
741 1287 998 1325 lamentando
1018 1298 1181 1336 pausam
1202 1284 1293 1323 fecit
1314 1283 1405 1322 filio.

276 1357 342 1394 D1.
373 1368 453 1393 non
475 1367 547 1404 ego
569 1367 674 1392 nunc
696 1353 797 1392 intro
818 1354 868 1391 ad
890 1365 961 1391 uos
983 1351 1144 1390 mittar?
1200 1352 1266 1388 As.
1300 1349 1465 1400 quidum
1487 1361 1605 1399 quam

1322 1413 1433 1452 miles
1455 1412 1576 1464 magis
1591 1415 1608 1451 ?

275 1488 340 1525 D1.
373 1485 465 1536 quia
494 1485 599 1524 enim
630 1486 717 1535 plus
747 1483 850 1523 dedi.
911 1485 978 1521 As.
1012 1483 1098 1533 plus
1129 1480 1233 1520 enim
1265 1494 1304 1519 es
1335 1479 1436 1518 intro
1465 1478 1606 1517 missus

1316 1558 1436 1596 quom
1458 1545 1580 1583 dabas
1600 1559 1607 1582 ι

277 1617 360 1655 sine
388 1615 560 1655 uicissim
589 1614 656 1665 qui
684 1615 780 1654 dant
808 1611 1002 1666 [operam]
1031 1613 1083 1652 ob
1110 1612 1207 1651 illud
1228 1612 1337 1662 quod
1364 1611 1459 1650 dant
1480 1609 1607 1660 operis

1498 1674 1606 1714 utier.

322 1769 383 1798 719
411 1757 467 1797 qui
495 1761 546 1788 est
572 1758 634 1787 iste
665 1756 737 1797 [ea]
764 1760 826 1787 ast.
864 1755 950 1787 cod.:
988 1766 1066 1786 corr.
1094 1755 1194 1787 Ilal.:
1229 1755 1302 1795 quis
1330 1755 1427 1786 istest
1453 1753 1493 1785 A.
1519 1746 1609 1784 Baclz

277 1802 404 1833 hicinet
416 1811 497 1832 uere
520 1800 611 1831 cod.:
649 1810 727 1831 corr.
753 1799 882 1830 Merula
1044 1809 1101 1838 721
1131 1799 1175 1839 si]¹
1203 1800 1266 1830 nisi
1290 1799 1363 1830 Ital.
1505 1797 1610 1827 usui's

278 1846 414 1886 quffi’rl
502 1844 598 1875 nobis
615 1842 781 1884 al!.]forl.
802 1854 872 1874 non
962 1844 1017 1874 vix
1030 1854 1106 1875 nam
1133 1843 1160 1874 si
1181 1844 1261 1883 quid
1281 1844 1371 1883 (quis
1384 1845 1409 1878 ἒ)
1428 1842 1525 1873 nobis
1541 1851 1609 1871 non

280 1894 386 1929 usust,
401 1899 465 1920 non
478 1888 690 1919 molestumst
703 1890 712 1919 ἓ
732 1890 828 1923 s-tust
840 1888 865 1927 ἓ)
958 1898 1020 1926 722
1032 1898 1145 1919 narem
1158 1887 1222 1918 cod.
1291 1886 1369 1918 uolo
1382 1886 1456 1918 Ital.
1472 1897 1478 1918 ε
1497 1885 1609 1916 uolom

279 1933 324 1964 B:
343 1933 426 1964 nolti
440 1932 467 1963 C
482 1943 487 1961 :
507 1931 584 1962 uolu
601 1931 636 1962 D
726 1941 788 1971 723
814 1941 891 1962 num
907 1941 980 1962 mea
995 1931 1191 1963 Gulielmius
1209 1943 1214 1961 :
1239 1941 1315 1962 nam
1330 1942 1370 1962 ea
1386 1930 1450 1961 cod.
1521 1938 1609 1959 mus-

280 1977 345 2008 sito
360 1975 518 2020 Spengel:
552 1980 679 2006 musset
706 1975 770 2006 cod.
873 1985 979 2015 723-4
1006 1976 1062 2006 vix
1103 1975 1246 2006 mussito
1279 1974 1410 2015 in—1-tus
1442 1973 1608 2013 <creticum

280 2020 435 2061 systema)
586 2020 649 2058 726
672 2018 811 2058 eloquar
830 2019 904 2049 Ital.
924 2030 930 2049 :
968 2024 1001 2050 te
1027 2019 1144 2058 loquar
1161 2019 1226 2051 cod.
1329 2024 1363 2049 tu
1377 2017 1608 2049 Camerarius:

281 2065 337 2096 diu
356 2063 421 2095 cod.
515 2068 573 2093 tun
592 2063 657 2094 cod.
675 2064 765 2102 (corr.
785 2063 819 2092 in
837 2062 880 2097 B>
902 2065 1042 2103 (prot1'12
1060 2062 1114 2093 vii.
1130 2063 1164 2101 45
1258 2072 1318 2102 727
1343 2071 1473 2092 summa
1495 2060 1609 2091 hiabet

282 2109 313 2138 Β
400 2106 533 2149 (nunc)
545 2107 617 2138 hab.
635 2105 701 2137 Leo
791 2117 897 2137 nouos
914 2105 1059 2137 Sclzoell:
1079 2107 1175 2137 nobis
1187 2105 1253 2137 cod.
1361 2106 1424 2144 728
1440 2104 1526 2135 male
1538 2113 1608 2134 rem

285 2151 514 2183 Camerarius:
541 2150 660 2181 malem
680 2149 781 2186 (male
801 2149 887 2180 ΡΠ)1
906 2149 972 2180 cod.
1065 2151 1149 2189 perii
1163 2150 1236 2180 Ital.
1338 2149 1449 2180 itidem
1477 2147 1611 2188 Geppert

284 2207 347 2236 729
363 2206 429 2226 om.
452 2195 516 2225 cod.
539 2206 545 2224 :
569 2194 641 2225 lmb.
658 2193 850 2225 Priscianus
870 2203 895 2231 1,
920 2203 979 2224 100
1003 2195 1034 2224 ‘s.
1056 2204 1075 2224 v
1105 2198 1288 2230 extremus,
1313 2192 1472 2231 extimus)
1561 2191 1611 2220 ln'c

284 2240 424 2280 reposuit
439 2239 576 2279 Langen
682 2237 787 2268 factus
811 2236 912 2267 delevi
932 2237 1127 2276 dubitanter,
1158 2241 1194 2267 ut
1216 2247 1326 2267 versus
1350 2235 1529 2266 Reizianus
1543 2234 1612 2274 fiat

285 2293 349 2324 730
372 2288 424 2314 est
440 2281 505 2313 cod.
656 2291 715 2320 731
742 2291 879 2321 pausam
906 2280 1023 2311 Valla:
1057 2282 1186 2311 lausum
1212 2280 1301 2311 cod.:
1334 2279 1463 2310 lausam
1485 2277 1613 2309 Schoell

285 2326 402 2366 (Arclz.
422 2325 497 2357 Lat.
518 2324 596 2356 Lex.
614 2336 643 2363 4,
665 2326 743 2363 258)
858 2335 919 2363 732
944 2324 998 2363 qui
1018 2329 1052 2355 tu
1071 2334 1170 2364 quam
1190 2323 1355 2363 Kiessling
1485 2331 1548 2361 733
1572 2331 1608 2351 es

283 2370 357 2404 Ital.
374 2381 381 2400 :
405 2380 442 2401 se
459 2369 544 2400 cod.:
567 2367 648 2411 (tu)
666 2379 703 2399 es
715 2368 756 2408 (2)
775 2366 850 2405 Leo,
871 2379 951 2398 nam
969 2367 1060 2398 enim
1082 2368 1086 2406 Ι
1107 2378 1144 2398 es
1160 2367 1396 2406 vx'xfi’rendum
1509 2374 1608 2404 quom

284 2413 492 2445 saracenus:
516 2422 614 2452 quam
634 2411 700 2442 cod.
851 2422 912 2450 734
938 2420 1075 2450 operam
1094 2411 1151 2442 del.
1173 2410 1359 2441 Lambinus
1472 2409 1514 2440 ob
1527 2408 1608 2439 illud

286 2458 416 2491 Lonmn
432 2468 439 2489 :
463 2456 544 2489 oblit
563 2455 703 2499 (oblitus
720 2454 809 2485 ΡΟ).
828 2454 893 2488 cod.

974 2516 997 2527 l
