1731 2713
669 95 1014 131 TRINVMMVS
1441 97 1510 134 IV.
1531 96 1559 132 ii

102 204 218 254 885si
239 212 329 243 ante
350 206 476 243 lucem
502 218 518 237 >÷<
542 205 595 243 ire
616 204 786 255 occipias
807 218 829 242 ει
851 218 939 242 meo
960 206 1086 254 primo
1108 205 1278 251 nomine,

187 268 425 307 concubium
448 269 495 307 sit
517 269 642 307 noctis
664 268 758 319 priu'
780 282 897 319 quam
920 270 969 307 ad
991 277 1232 319 postremum
1255 270 1488 320 perueneris.

187 334 262 371 CH.
296 335 385 383 opu’
407 334 546 372 factost
567 333 711 372 uiatico
731 334 781 371 ad
803 340 912 371 tuom
935 333 1092 380 nomen,
1117 341 1158 371 ut
1179 341 1218 372 tu
1241 334 1452 384 praedicas.
1530 352 1571 382 45

184 401 248 438 Sv.
280 408 337 437 est
360 399 623 438 minusculum
644 401 819 444 alterum,
843 398 951 449 quasi
975 399 1159 437 uexillum
1182 399 1386 438 uinarium.

186 466 263 503 CH.
307 464 401 514 quid
431 472 488 502 est
520 464 588 502 tibi
621 478 777 510 nomen,
801 465 1063 502 adulescens?
1120 466 1182 503 ΞΥ.
1229 467 1355 511 ‘Pax,'
1386 465 1424 504 id
1453 473 1511 503 est

1233 543 1378 568 nomen
1401 530 1507 568 mihi.

99 602 167 644 890
186 595 261 633 boc
282 593 587 633 cottidianumst.
650 596 726 633 CH.
760 595 900 643 edepol
923 608 1070 633 nomen
1092 594 1340 645 nugatorium
1358 597 1364 632 1

184 658 295 709 quasi
316 658 434 705 dicas,
457 658 488 697 si
509 658 604 708 quid
626 658 858 697 crediderim
881 658 962 705 tibi,
988 662 996 678 ‘
1011 672 1084 708 pax
1099 659 1322 710 '—periisse
1343 659 1443 698 ilico.

184 724 246 762 hic
286 725 407 762 homo
441 723 566 762 solide
601 725 888 774 sycophantast.
950 724 1046 774 quid
1075 724 1131 763 ais
1166 732 1219 772 tu,
1247 726 1510 764 adulescens?
1530 738 1571 769 50

1208 792 1270 829 Sv.
1304 790 1402 841 quid
1422 792 1511 829 est?

184 856 261 894 (jn.
294 856 491 905 eloquere,
512 854 573 892 isti
595 854 664 893 tibi
693 854 787 905 quid
816 854 1172 894 homines-debent
1199 868 1298 905 quos
1327 862 1367 894 tu
1395 868 1511 905 quae-

1390 920 1481 959 ritas
1495 922 1512 958 ?

183 989 245 1024 SV.
279 993 386 1036 pater
408 985 517 1024 istius
539 986 802 1024 adulescentis
825 986 933 1024 dedit
955 987 1024 1024 has
1046 987 1143 1024 duas
1165 985 1217 1024 mi
1239 985 1436 1036 epistulas,

93 1054 158 1096 895
183 1050 404 1089 Lesbonici.
455 1050 486 1088 is
508 1050 602 1088 mihi
624 1058 682 1089 est
703 1050 862 1089 amicus.
910 1052 987 1090 CH.
1013 1058 1129 1089 teneo
1151 1052 1256 1089 hunc
1278 1052 1511 1089 manufesta-

1395 1115 1506 1154 rium.

182 1196 244 1220 me
265 1181 339 1220 sibi
359 1181 544 1232 epistulas
565 1180 722 1219 dedisse
745 1179 848 1219 dicit.
910 1181 1044 1219 ludam
1066 1180 1269 1219 hominem
1291 1181 1423 1231 probe.

181 1249 243 1285 ΞΥ.
281 1246 333 1285 ita
358 1254 401 1285 ut
427 1246 574 1296 occepi,
598 1245 629 1284 si
656 1245 832 1284 animum
860 1246 1055 1293 aduortas,
1085 1245 1226 1284 dicam.
1286 1247 1363 1285 CH.
1401 1246 1508 1285 dabo
1528 1259 1566 1290 55

1241 1325 1402 1362 operam
1423 1310 1505 1350 tibi.

180 1380 243 1417 ὃν.
276 1379 378 1416 hanc
399 1391 461 1416 me
482 1377 592 1416 iussit
615 1376 839 1415 Lesbonico
862 1389 933 1415 suo
953 1383 1073 1427 gnato
1094 1378 1187 1415 dare
1208 1375 1427 1427 epistulam,

180 1451 218 1481 et
239 1442 333 1482 item
353 1444 455 1481 hanc
475 1444 636 1481 alteram
658 1455 730 1480 suo
750 1441 879 1479 amico
901 1440 1053 1480 Callicli
1075 1441 1185 1480 iussit
1205 1442 1308 1480 dare.

94 1519 163 1554 900
181 1509 259 1548 CH.
292 1508 388 1546 mihi
412 1521 572 1558 quoque
599 1508 752 1557 edepol,
776 1519 897 1557 quom
926 1505 990 1544 hic
1017 1513 1194 1556 nugatur,
1217 1513 1354 1545 contra
1374 1506 1509 1557 nugari

1385 1572 1505 1611 lubet.

180 1639 248 1678 ubi
268 1639 351 1690 ipse
371 1641 481 1678 erat?
529 1641 591 1677 ΞΥ.
624 1639 726 1677 bene
747 1651 828 1676 rem
849 1637 1018 1687 gerebat.
1078 1638 1156 1676 CH.
1189 1650 1280 1688 ergo
1301 1637 1398 1676 ubi?
1441 1639 1505 1676 ὃν.

1229 1741 1237 1745 ,
1252 1702 1292 1740 in
1313 1702 1500 1742 Seleucia.

179 1770 256 1810 CH.
287 1770 338 1809 ab
358 1769 473 1821 ipson
493 1769 584 1808 istas
604 1768 819 1819 accepisti?
875 1770 938 1807 ΞΥ.
971 1781 992 1806 e
1014 1767 1194 1806 manibus
1215 1767 1325 1807 dedit
1346 1768 1399 1806 mi
1419 1768 1503 1819 ipse
1522 1771 1566 1803 60

1291 1847 1330 1870 1n
1352 1846 1502 1872 manus.

180 1902 258 1941 CH.
289 1914 367 1952 qua
385 1900 483 1940 facie
504 1908 562 1939 est
582 1901 733 1939 homo?
784 1901 847 1938 ΞΥ.
881 1898 1116 1949 sesquipede
1137 1897 1366 1948 quiddamst
1386 1911 1504 1948 quam

1279 1971 1320 2002 tu
1340 1962 1502 2013 longior.

222 2071 286 2110 885
309 2073 384 2101 (mle
400 2069 447 2101 ire
464 2073 544 2111 spat.
564 2070 584 2100 6
600 2069 657 2101 litt.
677 2068 709 2098 Β
724 2080 730 2099 :
754 2066 911 2111 (hercle)
928 2067 1056 2099 Rt'tsclzl
1195 2068 1260 2098 886
1283 2068 1325 2099 ad
1342 2077 1406 2098 om.
1440 2067 1505 2099 cod.

1301 2116 1326 2136 st

183 2147 340 2179 Varronis
355 2146 393 2178 de
408 2147 446 2178 L.
462 2146 502 2178 L.
516 2158 544 2186 7,
560 2148 600 2185 78
710 2147 772 2185 887
800 2145 918 2177 factost
936 2144 1002 2186 [et]
1022 2143 1088 2176 cod.
1109 2144 1187 2185 (pro
1205 2144 1350 2177 sactoet?
1368 2145 1389 2176 i.
1411 2154 1439 2184 7,
1456 2144 1504 2181 22¹:

179 2202 254 2223 corr.
275 2191 423 2231 Scaliger
549 2191 614 2220 888
639 2189 788 2220 uixillum
811 2189 977 2229 (iuxillum
1002 2188 1047 2225 Β)
1064 2187 1129 2219 cod.
1159 2189 1184 2228 (ἲ
1199 2188 1218 2219 ι’,
1233 2199 1256 2219 e.
1276 2187 1448 2228 uexillum,
1471 2192 1508 2218 ut

178 2236 212 2265 in
234 2234 268 2266 C.
288 2235 314 2266 I.
336 2235 374 2266 L.
393 2235 434 2265 vi.
461 2244 551 2274 1377,
572 2234 672 2274 2544)
841 2234 969 2272 889—91
996 2242 1109 2262 versus
1133 2231 1269 2262 traditos
1288 2235 1363 2273 post
1385 2242 1414 2264 v.
1440 2241 1503 2271 937

178 2279 242 2309 lmc
252 2278 451 2320 transposuit
461 2277 576 2318 Meyer,
592 2278 648 2308 vix
658 2276 780 2307 iniuria
870 2277 935 2315 889
951 2275 1041 2315 Quid
1052 2273 1130 2317 (id)
1142 2274 1268 2306 Ritsclzl
1354 2275 1418 2315 892
1435 2274 1502 2316 est]

179 2332 216 2353 es
231 2321 296 2353 cod.
388 2323 452 2363 895
478 2320 656 2352 Lesbonici
673 2320 702 2351 is
718 2319 846 2351 Parcus
860 2330 866 2349 :
885 2318 1067 2352 lesbonicis
1078 2317 1144 2349 cod.
1236 2329 1301 2358 900
1319 2324 1506 2358 nuguratur

178 2365 244 2396 cod.
335 2375 397 2405 901
423 2367 431 2382 ‘
443 2364 480 2404 cf.
493 2366 568 2404 928.
624 2364 683 2404 qm'
695 2373 825 2394 versum
842 2362 976 2394 inseruit
985 2363 1044 2393 lzoc
1059 2372 1094 2392 eo
1109 2362 1240 2392 consilio
1242 2362 1355 2402 sectlsse
1368 2361 1504 2398 videtur,

179 2413 217 2440 ut
229 2408 339 2440 cleimle
354 2419 402 2441 vv.
422 2409 552 2449 928—49
568 2407 676 2439 omitti
682 2407 832 2448 possent'
852 2405 918 2438 Leo
1047 2415 1112 2445 903
1135 2405 1304 2445 quidamst
1316 2405 1419 2437 Bothe
