1731 2713
591 116 761 153 MILES
793 112 1104 152 GLORIOSVS
1441 110 1508 145 IV.
1530 108 1558 144 ii

156 269 158 271 ,
189 229 258 267 sed
279 227 342 266 hie
362 225 547 276 numquis
567 226 708 263 adest?
767 226 834 261 ΡΛ.
859 224 921 261 uel
942 223 1051 260 adest
1074 223 1135 259 uel
1158 234 1248 259 non.
1310 221 1381 257 M1.
1415 221 1514 257 cedo
1537 236 1577 265 30

84 372 172 398 1020

86 1021 172 1056 1025

87 1540 177 1576 1030

1073 294 1109 324 te
1131 285 1226 323 mihi
1249 286 1353 323 solae
1375 286 1511 322 solum.

192 361 258 397 ΡΑ.
292 356 430 395 breuin
450 369 500 394 an
522 355 739 405 longinquo
761 352 961 392 sermoni?
1011 354 1082 390 M1.
1116 352 1229 390 tribu'
1251 350 1390 389 uerbis.
1447 351 1513 386 ΡΑ.

1158 415 1233 453 iam
1255 417 1305 453 ad
1327 423 1364 453 te
1385 415 1513 452 redeo.

190 491 258 527 ΡΥ.
291 487 386 538 quid
407 487 509 536 ego?
539 485 602 523 hic
622 484 761 523 astabo
782 483 970 533 tantisper
990 495 1080 520 cum
1107 483 1181 519 hac
1203 482 1327 518 forma
1348 488 1385 518 et
1406 479 1516 517 factis

1237 544 1326 598 [sic]
1352 546 1517 582 frustra?

192 621 260 656 ΡΛ.
293 626 424 668 patere
448 624 566 666 atque
593 622 687 662 asta,
711 614 781 652 tibi
803 627 875 663 ego
903 615 1005 651 hanc
1026 625 1184 662 operam
1211 613 1272 649 do.
1335 613 1401 647 Pi:
1434 624 1518 660 pro-

1074 675 1516 727 perando—excrucior.

192 750 260 786 ΡΑ.
292 746 577 798 pedetemptim
600 745 658 796 (tu
687 746 785 783 haec
810 743 902 795 scis)
924 750 1087 781 tractare
1112 743 1214 780 soles
1245 743 1361 779 hasce
1390 740 1519 778 huiius

1237 806 1344 845 modi
1366 805 1516 844 mercis.

193 881 259 916 ΡΥ.
291 892 362 927 age
395 891 466 928 age
496 885 538 916 ut
567 876 638 914 tibi
668 888 850 913 maxume
880 873 1167 912 concinnumst.
1229 874 1296 909 ΡΑ.
1330 872 1517 909 nullumst
1540 886 1577 917 35

1082 939 1158 976 hoe
1179 936 1348 975 stolidiu’
1370 949 1518 974 saxum.

193 1009 311 1047 redeo
331 1009 381 1046 ad
403 1015 451 1046 te.
511 1006 606 1057 quid
632 1019 695 1044 me
715 1004 904 1044 uoluisti?
961 1005 1034 1042 M1.
1067 1016 1147 1053 quo
1168 1010 1284 1052 pacto
1306 1003 1381 1039 hoc
1404 1000 1521 1039 Ilium

1378 1066 1521 1116 appelli

191 1138 299 1186 uelis,
322 1138 363 1176 id
384 1139 464 1176 fero
485 1138 536 1175 ad
563 1144 601 1175 te
622 1135 841 1174 eonsilium.
903 1136 971 1172 ΡΑ.
1005 1132 1116 1184 quasi
1147 1134 1252 1171 hunc
1283 1133 1523 1182 depereat—-

1165 1199 1238 1236 M1.
1272 1204 1388 1235 teneo
1409 1196 1519 1234 istuc.

194 1270 262 1306 PA.
295 1268 534 1307 conlaudato
554 1267 720 1304 formam
742 1272 780 1303 et
804 1263 943 1302 faciem
962 1270 999 1302 et
1016 1262 1180 1302 uirtutes
1197 1269 1519 1300 commemorato.

195 1335 266 1371 M1.
299 1334 350 1371 ad
377 1346 463 1371 eam
488 1345 569 1370 rem
597 1332 726 1369 habeo
753 1343 914 1369 omnem
934 1328 1071 1375 aciem,
1094 1327 1165 1366 tibi
1192 1327 1247 1366 uti
1269 1328 1421 1366 dudum
1443 1326 1519 1365 iam

1239 1392 1518 1431 demonstraui.

195 1465 262 1501 ΡΑ.
294 1470 336 1502 tu
357 1470 486 1501 cetera
505 1475 597 1500 cura
617 1468 655 1499 et
675 1461 901 1510 contempla
921 1466 959 1497 et
979 1460 1029 1498 de
1050 1458 1147 1497 meis
1168 1465 1333 1496 uenator
1353 1457 1494 1496 uerbis.
1540 1470 1583 1503 40

196 1530 263 1566 ΡΥ.
295 1527 466 1578 aliquam
497 1526 593 1565 mihi
623 1534 772 1577 partem
803 1524 922 1564 hodie
952 1537 1094 1575 operae
1124 1525 1194 1562 des
1228 1523 1411 1573 denique,
1444 1523 1521 1561 iam

1082 1589 1244 1627 tandem
1265 1589 1360 1627 ades
1382 1588 1521 1628 †ilico†

194 1660 262 1697 PA.
294 1659 446 1705 adsum,
470 1657 617 1708 impera
638 1656 668 1695 si
691 1655 786 1706 quid
808 1655 876 1694 uis.
930 1657 997 1693 Pv.
1030 1653 1126 1704 quid
1147 1653 1259 1692 illaec
1280 1661 1407 1692 narrat
1428 1654 1522 1692 tibi?

1216 1721 1284 1757 P—A.
1317 1719 1521 1757 lamentari

240 1838 322 1868 1019
347 1829 401 1860 uel
422 1833 473 1860 est
495 1828 527 1859 Β
615 1827 707 1859 solae
728 1827 834 1859 solum
858 1826 965 1868 [esse]
986 1825 1084 1856 PCD:
1110 1823 1235 1855 sisolue
1257 1823 1310 1854 B:
1336 1834 1414 1854 corr.
1437 1823 1522 1854 Pius

198 1883 280 1904 1020
293 1874 472 1912 breuem—
483 1873 516 1902 A
563 1881 720 1903 sermone
731 1871 770 1908 P,
785 1871 817 1901 A
831 1871 889 1902 n.l.
970 1879 1049 1900 1021
1066 1878 1167 1908 quom
1179 1867 1521 1907 P(cznt1'quaforma)‚

194 1917 269 1948 An.
281 1917 302 1948 Ι.
353 1917 427 1959 [sit]
441 1916 599 1947 frustram
611 1916 641 1945 Β
656 1927 663 1946 2
687 1915 731 1956 [si
744 1915 807 1955 sic]
820 1915 977 1945 frustram
991 1912 1084 1942 PCD:
1109 1912 1164 1942 vix
1176 1912 1358 1941 octonarius
1372 1911 1418 1949 (A
1433 1922 1465 1942 u.
1482 1911 1520 1948 l.)

198 1970 280 1990 1022
305 1961 348 1990 do
381 1970 517 2000 operam
549 1959 588 1999 P,
608 1959 641 1989 A
663 1970 694 1990 n.
716 1959 761 1991 L:
802 1958 918 1995 traieci,
955 1955 1175 1987 assonatz'onis
1206 1965 1328 1991 σαπείη
1363 1954 1400 1984 de
1430 1955 1523 1984 hiatu

193 2004 230 2042 cf
254 2003 376 2041 Journ.
405 2003 491 2034 Phil.
520 2013 572 2042 27,
602 2004 665 2033 218
769 2011 914 2041 propera
933 1998 1190 2042 (expecta>nd0
1223 1998 1368 2029 Ritsclzl:
1401 2008 1522 2037 prope-

195 2047 310 2077 radum
324 2045 487 2088 (stando)
502 2045 654 2077 Colvius:
677 2045 759 2085 sort.
776 2045 1013 2084 properandon
1033 2044 1106 2075 (-ne
1120 2044 1139 2074 ι’.
1152 2053 1175 2074 e.
1197 2042 1328 2081 nonne)
1405 2052 1521 2072 excru-

195 2091 260 2121 ciet
285 2090 316 2120 Β
494 2100 577 2128 1023
600 2089 684 2120 haec
709 2088 801 2128 (hec)
828 2088 910 2129 scis]
937 2089 1003 2118 seis
1023 2086 1150 2117 Ritsclzl
1171 2086 1243 2126 (del.
1273 2085 1376 2125 hec):
1412 2086 1522 2116 nescis

197 2132 334 2164 Guietus
357 2132 629 2174 (interrogativeh
656 2133 719 2163 hoc
741 2132 809 2163 scis
824 2132 887 2162 Leo
952 2131 1090 2162 tractari
1107 2129 1246 2170 Pylades
1313 2129 1386 2159 sole
1404 2132 1441 2159 ut
1455 2128 1519 2159 vid.

194 2176 228 2206 P
250 2177 298 2216 (A
324 2188 355 2209 n.
381 2178 446 2213 m:
479 2176 593 2208 solitas
616 2175 744 2207 Ritschl
898 2185 981 2213 1024
1007 2173 1193 2205 concinnus
1216 2173 1256 2213 P,
1284 2173 1316 2203 A
1345 2184 1375 2204 n.
1402 2173 1422 2203 l.
1447 2174 1521 2212 (pro

195 2226 274 2258 -ust,
291 2221 310 2251 i.
322 2231 346 2252 e.
369 2221 486 2256 -umstl
623 2230 703 2259 1025
729 2218 825 2249 Ilium
854 2219 970 2249 Gertz:
994 2217 1107 2248 cilium
1138 2217 1203 2248 cod.
1296 2217 1385 2256 apeli
1414 2215 1518 2257 (PCD)

195 2264 244 2294 vel
256 2274 276 2294 a
293 2288 299 2295 .
322 2288 328 2295 .
346 2288 354 2296 .
373 2265 406 2304 pi
425 2263 498 2305 (13¹)
516 2263 555 2302 P,
575 2263 608 2293 A
623 2274 653 2295 n.
667 2263 687 2294 I.
703 2263 831 2303 (accepi
849 2261 908 2300 ΒΞ)
924 2273 930 2292 :
955 2261 1071 2292 accedi
1091 2261 1185 2292 Gertz
1273 2261 1337 2291 hoc
1354 2260 1518 2300 occipiam

196 2307 290 2347 aperi
301 2307 393 2338 Koch
527 2307 610 2337 1026
634 2306 684 2347 id]
703 2311 738 2338 ut
753 2306 786 2336 Β
804 2308 876 2347 (pro
893 2305 933 2346 it)
1025 2304 1112 2345 fero]
1131 2305 1242 2335 resero
1262 2303 1395 2334 Guietus
1483 2308 1520 2333 ut

195 2351 317 2382 serrem
344 2351 404 2382 abs
429 2355 463 2381 te
490 2350 554 2380 Leo
679 2350 744 2380 huc
770 2349 834 2381 cod.
1011 2357 1155 2388 1027—31
1186 2353 1295 2388 pauca
1326 2351 1452 2378 servata
1483 2347 1516 2377 A

200 2395 281 2425 1028
305 2395 409 2425 aciem
439 2393 670 2425 Camerarius:
708 2393 826 2424 faciem
852 2391 951 2422 PCD:
993 2392 1127 2422 matiem
1153 2392 1194 2428 Β,
1227 2391 1314 2422 unde
1345 2391 1518 2422 materiem

196 2436 330 2478 Seyffert
344 2437 389 2478 (A
409 2447 441 2469 n.
459 2438 496 2478 l.)
632 2447 715 2476 1030
739 2436 803 2467 iam
828 2446 896 2469 om.
911 2435 945 2466 A
1035 2435 1131 2466 adest
1150 2434 1191 2473 Β,
1210 2434 1243 2464 Α
1261 2445 1293 2465 u.
1313 2435 1332 2466 Ι.
1424 2433 1518 2473 ilico]

197 2481 357 2520 remeligo
384 2481 460 2521 (del.
491 2481 571 2521 iarn)
599 2480 663 2511 Leo
691 2480 738 2521 <A
759 2491 789 2511 n.
811 2480 849 2518 Ι.)
957 2488 1035 2516 1031
1065 2479 1132 2520 [te]
1159 2478 1234 2508 lam.
1264 2477 1348 2518 PCD,
1377 2478 1408 2507 A
1439 2489 1468 2508 ιι.
1498 2478 1518 2508 I.
