1783 2707
183 508 226 538 80

185 1300 227 1332 90

182 1622 223 1654 95

222 127 263 164 .i
669 127 714 163 T.
750 126 929 165 MACCI
963 126 1166 163 PLAVTI

303 237 419 277 (ΞΛΜ.
451 236 557 275 nilne
577 236 764 276 adiuuare
786 250 848 274 me
869 237 1021 274 audes?
1079 237 1141 273 Ps.
1175 235 1270 285 quid
1291 235 1430 274 faciam
1451 235 1552 274 tibi?

303 304 416 342 CALI.
449 296 573 341 cheu!
634 304 694 340 l's.
732 303 906 340 ‘cheu'?
947 301 985 339 id
1008 300 1169 351 quidem
1197 302 1327 339 hercle
1355 315 1404 355 ne
1431 301 1576 350 parsis:

1384 355 1424 366 *⁷*
1457 366 1573 404 dabo.

301 435 414 474 CAL1.
448 433 563 472 miser
583 447 682 480 sum,
704 440 907 483 argentum
930 446 1124 482 nusquam
1147 432 1307 470 inuenio
1329 439 1564 470 mutuom—
1598 436 1644 470 80

302 501 362 536 I's.
386 499 486 537 eheu
505 501 510 536 1
542 498 657 537 CALI.
680 511 809 547 neque
825 497 930 535 intus
947 510 1133 535 nummus
1148 498 1248 534 ullus
1263 504 1330 535 est.
1364 499 1425 534 ΡΞ.
1451 498 1550 535 eheu
1569 499 1575 535 l

300 565 416 604 CALI.
448 563 511 601 ille
531 563 774 601 abducturus
797 570 854 601 est
876 562 1079 600 mulierem
1101 575 1196 600 craS.
1258 564 1319 600 Ps.
1352 563 1478 600 eheu!

300 630 415 670 (ΞΛΜ.
448 627 612 667 istocine
633 635 749 678 pacto
771 641 834 667 me
855 628 1050 666 adiuuas?
1108 629 1169 665 Ps.
1203 628 1255 666 do
1283 626 1323 666 id
1345 628 1453 677 quod
1481 626 1577 665 mihi

1495 700 1553 731 est
1568 707 1578 741 3

300 774 390 798 nam
413 760 443 797 is
465 758 558 797 mihi
582 760 816 797 thensaurus
837 757 936 809 iugis
958 757 996 796 in
1020 765 1152 796 nostra
1172 758 1340 796 domost.

301 827 415 864 CALI.
448 832 579 863 actum
601 831 658 862 est
681 825 731 863 de
752 837 815 862 me
836 824 966 863 hodie.
1027 825 1096 862 sed
1118 830 1229 873 potes
1250 830 1291 861 tu
1313 830 1491 861 mutuam
1596 828 1637 871 85

300 892 556 929 drachumam
577 891 670 929 dare
691 903 811 928 unam
832 889 928 927 mihi
950 903 1069 939 quam
1091 902 1174 927 cras
1195 889 1359 927 reddam
1380 887 1479 927 tibi?

301 959 362 994 ΡΞ.
395 956 459 995 uix
480 957 621 1002 hercle,
644 954 794 1005 opinor,
819 954 851 993 si
872 968 935 993 me
956 967 1157 1004 opponam
1178 953 1341 1004 pignori.

298 1022 368 1060 sed
390 1020 485 1071 quid
507 1033 552 1059 ea
572 1021 789 1059 drachuma
810 1020 936 1057 facere
957 1018 1046 1057 uis?
1103 1020 1218 1058 (ΞΛΜ.
1251 1018 1383 1057 restim
1405 1019 1497 1057 uolo

300 1085 394 1125 mihi
429 1099 569 1125 emere.
642 1087 704 1123 ΡΞ.
737 1084 1026 1134 quamobrem?
1083 1084 1197 1123 CALI.
1232 1083 1299 1133 qui
1339 1096 1401 1122 me
1435 1083 1576 1122 faciam

1299 1170 1311 1183 ,ι
1371 1147 1574 1198 pensilem.

299 1224 448 1255 certum
470 1223 528 1255 est
550 1214 645 1253 mihi
665 1222 757 1253 ante
778 1214 959 1253 tenebras
981 1213 1162 1252 tenebras
1183 1212 1375 1263 persequi.
1596 1224 1642 1259 90

302 1284 362 1320 ΡΞ.
396 1281 483 1332 quis
505 1280 557 1319 mi
578 1280 692 1331 igitur
712 1281 971 1318 drachumam
992 1280 1141 1325 reddet,
1165 1279 1195 1317 si
1216 1280 1364 1318 dedero
1386 1278 1488 1317 tibi?

298 1361 348 1386 an
369 1354 410 1385 tu
432 1355 469 1385 te
491 1359 535 1385 ea
556 1347 695 1384 caussa
715 1344 774 1383 uis
796 1344 923 1383 sciens
945 1345 1185 1394 suspendere

298 1420 339 1451 ut
361 1426 423 1451 me
444 1412 639 1458 destudes,
663 1412 922 1449 drachumam
943 1409 974 1448 si
995 1409 1171 1448 dederim
1194 1408 1297 1448 tibi?

298 1479 413 1518 CALI.
446 1478 623 1528 profecto
644 1477 753 1514 nullo
774 1482 890 1526 pacto
911 1488 1073 1525 possum
1095 1474 1229 1513 uiuere

298 1543 329 1582 si
350 1543 414 1581 illa
434 1557 456 1581 a
477 1556 539 1581 me
560 1541 804 1581 abalienatur
823 1548 942 1590 atque
962 1540 1181 1579 abducitur.
1594 1555 1636 1592 95

299 1611 361 1648 Ps.
395 1608 490 1658 quid
512 1609 591 1654 fles,
615 1608 783 1645 cucule?
812 1606 934 1644 uiues.
995 1606 1110 1644 CAL1.
1143 1604 1239 1655 quid
1261 1617 1333 1656 ego
1354 1604 1393 1643 ni
1414 1605 1541 1651 fleam,

298 1674 391 1724 quoi
414 1687 487 1713 nec
508 1680 664 1723 paratus
686 1684 873 1710 nummus
893 1669 1043 1721 argenti
1064 1669 1135 1709 siet

299 1754 427 1790 neque
448 1738 592 1778 libellai
614 1751 702 1788 spes
724 1737 772 1776 sit
794 1750 960 1787 usquam
982 1735 1189 1786 gentium?

299 1809 361 1845 Ps.
395 1813 437 1844 ut
457 1796 670 1843 litterarum
692 1816 765 1854 ego
786 1805 925 1841 harum
947 1815 1169 1840 sermonem
1190 1800 1320 1847 audio,

297 1870 371 1909 nisi
392 1878 432 1908 tu
454 1869 507 1907 illi
528 1868 753 1907 drachumis
774 1867 927 1906 fleueris
948 1867 1151 1917 argenteis,
1598 1881 1663 1907 100

288 1976 328 2015 78
352 1975 456 2006 audes
472 1974 548 2006 Ital.
564 1985 569 2003 :
596 1974 678 2004 ades
696 1972 734 2011 P,
751 1971 783 2002 A
799 1983 830 2003 n.
847 1972 866 2003 l.
961 1981 1003 2010 79
1028 1971 1083 2001 ΡΞ.
1104 1971 1169 2001 heu
1187 1969 1220 2000 P
1305 1971 1344 2000 81
1374 1969 1572 2011 [pseudole]

244 2020 298 2051 Ps.
328 2020 414 2050 eheu
439 2028 549 2058 neque
574 2018 593 2048 i.
622 2028 653 2049 n.
680 2017 782 2047 ullust
806 2015 839 2045 P
860 2015 932 2054 (vix
952 2020 1014 2056 pro
1040 2015 1220 2047 Pseudole.
1249 2014 1302 2045 ΡΞ.
1328 2014 1427 2045 eheu.
1475 2014 1572 2045 (ΖΑΗ.

243 2074 353 2103 neque
372 2063 391 2094 i.
407 2062 599 2093 nummulus
618 2061 756 2094 nullust‘)
892 2060 933 2089 82
959 2059 1179 2089 abducturust
1197 2057 1228 2087 A
1309 2057 1391 2097 fort.
1411 2057 1573 2089 abductu-

243 2112 314 2138 rust
328 2107 405 2137 mul.
421 2116 504 2138 cras.
552 2105 606 2136 ΡΞ.
633 2103 772 2147 (ει-352)
788 2114 816 2134 θ.
909 2104 951 2143 83
975 2103 1114 2133 adiuuas
1131 2102 1204 2132 Ital.
1222 2113 1228 2132 :
1253 2102 1370 2132 adtuas
1386 2101 1425 2140 P,
1446 2101 1479 2131 A
1502 2113 1533 2132 n.
1552 2102 1572 2132 l.

241 2153 283 2190 84
310 2151 383 2190 (d')0
405 2155 457 2180 —t
481 2149 513 2179 Α
534 2149 721 2187 (KdomostZ)
742 2159 748 2178 :
783 2152 836 2178 est
853 2146 952 2177 domo
974 2146 1007 2175 P
1136 2147 1177 2185 85
1202 2150 1313 2176 actum
1331 2145 1430 2176 hodie
1448 2145 1513 2176 iam
1531 2145 1573 2176 de

243 2205 296 2225 me
322 2199 374 2225 est
399 2194 459 2224 sed
486 2193 591 2233 (quod
616 2191 661 2227 Β)
689 2195 788 2230 potes
815 2201 903 2221 nunc
921 2194 1067 2220 mutuam
1086 2188 1120 2219 P
1262 2190 1304 2219 86
1327 2189 1407 2219 mihi
1427 2199 1526 2219 unam
1544 2189 1576 2220 P

242 2240 283 2276 87
309 2238 358 2269 vel
371 2237 475 2277 opino
563 2245 593 2266 ο.
617 2234 699 2276 [est]
723 2235 914 2274 (pm‘peram
931 2233 1088 2274 scriptum
1102 2238 1164 2273 pro
1183 2232 1246 2272 ST,
1267 2233 1286 2263 i.
1300 2243 1323 2264 e.
1346 2232 1408 2270 813
1433 2233 1475 2263 iv.
1491 2233 1525 2271 3}
1544 2233 1572 2263 si

244 2281 282 2320 P,
303 2281 391 2312 unde
406 2280 520 2319 opino,
539 2279 602 2309 etsi
621 2277 748 2308 Ritsclzl
863 2278 906 2307 88
928 2278 1065 2315 quidem
1083 2287 1101 2306 a
1119 2277 1149 2307 d.
1170 2276 1202 2306 Ρ
1323 2276 1365 2315 89
1390 2276 1573 2315 pendulum

244 2325 331 2356 codd.
352 2323 586 2364 Porphyrionis
603 2321 649 2352 ad
664 2321 747 2351 Hor.
767 2319 838 2351 Sat.
860 2330 889 2359 2,
904 2330 932 2358 2,
951 2330 993 2359 99
1115 2330 1154 2358 91
1182 2319 1332 2350 dederim
1345 2320 1378 2350 P
1392 2320 1445 2361 (cf.
1465 2330 1493 2350 υ.
1513 2320 1570 2360 93)

243 2379 286 2408 93
311 2367 492 2399 drachuma
508 2366 579 2397 PCD
714 2374 775 2394 100
799 2364 958 2395 lacrumis
976 2362 1144 2394 Meursins
1161 2362 1358 2404 (dacrumis)

960 2520 981 2531 κ
