1731 2713
646 79 815 118 MILES
847 82 1155 121 GLORIOSVS
1507 90 1554 126 11.
1580 91 1623 126 iv

243 196 322 222 non
344 190 508 233 possunt
530 183 625 222 mihi
647 184 824 223 minaciis
846 185 920 224 tuis
942 188 1048 226 hisce
1069 188 1171 227 oculi
1193 191 1362 229 ecfodiri.

156 255 222 294 375
243 248 311 286 sed
333 247 466 297 paucis
487 249 616 287 uerbis
638 257 675 288 te
696 251 800 297 uolo,
824 252 1045 291 Palaestrio.
1105 267 1277 303 opsecro,
1302 257 1405 295 unde

242 312 317 349 exit
357 312 454 350 haec
493 313 599 351 huc?
657 316 724 352 ΡΑ.
750 316 842 353 und'
878 315 951 354 nisi
985 318 1135 356 domo?
1191 322 1251 357 Sc.
1284 320 1433 359 domo?
1493 324 1555 360 l’.x.

1001 381 1062 419 me
1085 382 1232 421 uiden?
1288 386 1348 424 Sc.
1373 393 1408 424 te
1431 386 1554 424 uideo.

242 441 347 479 nimi'
378 441 556 481 mirumst
590 443 740 482 facinus
775 458 855 495 quo
890 447 1010 485 modo
1044 447 1140 485 haec
1175 447 1265 486 hinc
1295 449 1370 487 huc
1401 451 1556 490 transire

1414 516 1555 566 potuit;

240 585 330 610 nam
351 580 458 611 certo
478 585 607 623 neque
628 573 849 613 solariumst
869 576 975 626 apud
997 577 1067 615 nos
1089 590 1216 628 neque
1238 579 1370 617 hortus
1392 581 1490 619 ullus
1576 598 1589 618 .-
1597 598 1613 628 5

240 650 368 688 neque
389 639 533 676 fenstra
553 637 627 676 nisi
648 640 832 687 clatrata‚·
862 654 952 678 nam
974 650 1076 680 certe
1097 656 1170 692 ego
1191 651 1226 681 te
1248 643 1309 681 hic
1331 643 1432 683 intus
1453 645 1542 684 uidi.

153 706 222 750 380
241 704 308 740 ΡΑ.
333 702 478 753 pergin,
501 704 676 750 sceleste,
699 703 902 744 intendere
933 706 1033 744 hanc
1063 709 1250 756 arguere?
1307 710 1380 747 Pu.
1410 717 1557 749 ecastor

1468 789 1557 826 ergo

239 832 292 872 mi
313 834 390 872 hau
411 834 550 872 salsum
573 834 706 873 euenit
727 835 924 874 somnium
947 838 1053 887 quod
1076 845 1194 877 noctu
1215 840 1287 877 hac
1308 839 1509 879 somniaui.

239 900 309 936 ΡΑ.
339 898 436 949 quid
474 897 785 953 somnia[ui]sti?
860 903 933 940 PH.
970 915 1042 952 ego
1081 904 1249 953 eloquar.
1309 905 1378 943 sed
1414 906 1555 944 amabo

1156 968 1348 1008 aduortite
1368 969 1551 1007 animum.

238 1029 311 1068 hac
331 1037 447 1069 nocte
468 1029 507 1068 in
528 1030 676 1069 somnis
698 1044 786 1069 mea
805 1045 913 1071 soror
932 1032 1122 1082 geminast
1141 1047 1324 1083 germana
1343 1033 1425 1072 uisa
1574 1045 1614 1075 30

238 1093 393 1133 uenisse
413 1094 581 1133 Athenis
602 1094 641 1132 in
664 1096 867 1145 Ephesum
889 1110 977 1135 cum
1000 1111 1070 1137 suo
1090 1105 1262 1137 amatore
1283 1099 1451 1148 quodam
1469 1113 1478 1145 3

153 1163 217 1207 385
239 1158 250 1197 i
270 1160 390 1198 ambo
411 1159 583 1210 hospitio
604 1161 681 1198 huc
702 1159 742 1198 in
764 1174 997 1210 proxumum
1020 1162 1114 1200 mihi
1135 1162 1349 1201 deuortisse
1370 1162 1451 1201 uisi.

240 1226 308 1262 ΡΑ.
342 1224 617 1264 Palaestrionis
638 1225 837 1264 somnium
858 1234 1040 1265 narratur.
1099 1240 1214 1278 perge
1235 1241 1358 1277 porro.

238 1291 313 1328 ΡΗ.
345 1303 418 1340 ego
439 1291 540 1329 laeta
560 1289 645 1328 uisa
666 1290 759 1341 quia
775 1304 883 1330 soror
904 1291 1085 1340 uenisset,
1108 1300 1264 1342 propter
1283 1294 1448 1331 eandem

237 1355 502 1406 suspicionem
524 1369 747 1394 maxumam
771 1369 857 1395 sum
879 1356 962 1395 uisa
981 1357 1180 1396 sustinere.
1574 1374 1611 1407 35

238 1435 329 1460 nam
349 1434 509 1472 arguere
529 1421 569 1460 in
591 1421 740 1461 somnis
762 1435 826 1461 me
847 1435 956 1460 meus
978 1421 1072 1460 mihi
1093 1422 1288 1461 familiaris
1310 1422 1431 1461 uisust

150 1500 220 1536 390
238 1499 301 1526 me
321 1500 412 1526 cum
428 1487 558 1527 alieno
572 1488 882 1535 adulescentulo,
901 1487 1010 1538 quasi
1031 1500 1136 1526 nunc
1157 1495 1211 1535 tu,
1227 1501 1312 1526 esse
1326 1489 1551 1535 osculatam,

236 1565 357 1602 quom
379 1552 444 1591 illa
459 1554 634 1592 osculata
654 1566 741 1592 mea
757 1566 865 1592 soror
883 1553 1039 1604 gemina
1055 1561 1154 1592 esset
1171 1561 1350 1603 suompte
1369 1552 1549 1592 amicum.

279 1666 343 1697 374
368 1657 448 1688 mihi
477 1662 620 1698 possunt
645 1658 758 1689 APCD
851 1658 950 1689 minis
974 1656 1007 1687 Α
1099 1656 1204 1687 oculis
1222 1653 1301 1686 AB¹
1401 1655 1494 1686 fodiri
1525 1656 1555 1686 Ρ

236 1710 300 1741 375
323 1711 353 1733 ο.
377 1701 443 1744 [te]
462 1702 494 1732 A
587 1703 676 1733 unde
692 1703 726 1732 c'n
750 1701 840 1732 initt'o
863 1701 1022 1742 sequentis
1047 1710 1154 1731 versus
1176 1699 1266 1743 ΑΡ]
1288 1699 1350 1729 lmc
1373 1700 1555 1740 transposui

237 1745 289 1785 (cf
310 1744 412 1776 Class.
431 1745 510 1778 Rev,
529 1747 559 1784 6,
579 1748 658 1785 404)
792 1747 856 1785 376
878 1745 942 1776 hac
960 1745 1024 1775 huc
1041 1743 1090 1774 P:
1116 1744 1199 1774 haec
1218 1745 1295 1774 (om.
1315 1743 1378 1772 huc
1410 1743 1455 1775 A.
1471 1743 1548 1782 sort.

234 1787 336 1819 altera
352 1788 436 1820 lectio
451 1799 594 1829 opsecro
611 1794 654 1830 te,
673 1789 773 1820 Unde
791 1790 862 1820 exit
881 1790 1018 1830 (prae-5.)
1037 1788 1120 1818 haec
1210 1787 1330 1817 domo?
1358 1786 1410 1816 Sc.
1433 1786 1552 1816 domo?

238 1831 298 1862 ΡΑ.
321 1832 391 1874 me]
413 1833 514 1864 domo
535 1833 636 1864 modo
658 1843 710 1863 me
731 1832 764 1862 A
818 1850 820 1852 v
927 1842 989 1872 377
1016 1830 1129 1870 nimis]
1152 1830 1203 1860 nis
1226 1829 1285 1869 D)
1312 1829 1358 1859 vel
1375 1829 1437 1860 nisi
1462 1829 1550 1867 (Bc)

236 1875 269 1906 P
296 1874 386 1916 (ἔργα
417 1876 493 1915 niis,
511 1876 530 1907 ι’.
545 1887 568 1907 e.
600 1876 714 1917 nimis)
817 1876 977 1907 miserum
1009 1879 1061 1906 est
1085 1874 1117 1904 A
1219 1873 1270 1903 hic
1303 1874 1384 1911 (om.
1415 1872 1493 1908 huc)
1524 1872 1555 1902 P

237 1920 386 1958 potuerit
398 1919 432 1950 P
531 1930 596 1959 379
621 1920 768 1951 fenestra
785 1918 873 1951 codd.
962 1918 1042 1960 nisi]
1063 1927 1171 1957 neque
1188 1915 1220 1946 A
1311 1916 1449 1964 clatrata
1473 1914 1550 1945 Scu-

238 1962 364 1994 tarius:
387 1964 513 1994 clarata
532 1962 620 1994 codd.
717 1968 810 1994 certo
826 1963 859 1992 P
952 1962 1004 1993 hfc
1020 1972 1084 1992 om.
1112 1961 1144 1990 A
1277 1960 1340 1998 380
1365 1958 1551 1990 intenderet

239 2006 305 2045 (-re
322 2011 355 2037 et
372 2006 509 2047 PCDB2)
527 2006 561 2036 P
646 2017 709 2046 ego
726 2006 760 2036 Ρ
869 2006 930 2045 381
956 2005 1091 2036 eueniat
1108 2004 1140 2034 P
1155 2008 1234 2045 <pro
1251 2003 1334 2032 -niet
1347 2002 1371 2042 Ξ)
1489 2002 1550 2040 382

235 2050 384 2081 aduertit
402 2049 478 2089 (ΒῙ)
496 2049 546 2081 vel
561 2050 732 2081 aduortito
752 2049 907 2089 (PCDB2)
927 2048 960 2078 P
1101 2048 1163 2086 383
1187 2047 1319 2086 gemina
1336 2050 1369 2076 et
1402 2044 1486 2084 ΡΨ)
1507 2045 1553 2093 af!

235 2093 370 2132 gemina
387 2093 447 2134 (B)
461 2093 495 2124 P
585 2094 649 2133 384
673 2104 774 2133 quom
791 2093 824 2123 A
846 2092 1136 2132 (antr'qtcaforma)
1216 2089 1293 2129 suo]
1312 2099 1351 2119 eo
1368 2088 1401 2118 Ρ
1429 2131 1453 2136 .-
1488 2092 1549 2136 3653

235 2136 266 2166 ei
282 2136 429 2168 Ritschl:
452 2141 486 2168 et
502 2136 535 2167 A
555 2136 597 2177 (Τ
609 2142 670 2178 pro
688 2137 718 2176 1)
735 2148 742 2167 z
767 2137 799 2167 hi
817 2135 850 2166 Ρ
956 2135 1139 2174 hospitium
1161 2133 1194 2163 A
1307 2133 1454 2162 deuortis
1478 2134 1510 2163 (ι.
1523 2141 1547 2161 e.

233 2179 332 2220 -isse)
350 2180 383 2211 Ρ
397 2184 434 2211 ut
451 2179 513 2211 z'z'd.
537 2180 609 2220 (-tis
627 2179 688 2218 El,
706 2180 743 2211 -ti
769 2184 847 2211 sunt
871 2178 1008 2213 PCDB²J
1029 2177 1184 2208 Plurima
1201 2174 1293 2216 apud
1304 2174 1548 2214 lmncsabulam

233 2223 396 2255 eiusmodi
411 2224 668 2255 contractionum
685 2224 817 2263 vestt'gtkz
942 2223 1006 2261 386
1032 2220 1270 2268 Palaestrionis
1288 2218 1420 2266 [Joqsat
1439 2217 1547 2257 palae-

234 2267 350 2298 strioni
372 2266 460 2298 codd.
476 2267 564 2308 (seq.
587 2268 620 2306 s)
752 2267 817 2306 389
842 2276 894 2296 me
916 2264 1085 2296 familiaris
1108 2273 1204 2294 meus
1227 2262 1306 2293 m1h1
1331 2271 1422 2292 ursus
1446 2265 1496 2292 est
1518 2260 1551 2291 P

233 2320 300 2350 390
323 2321 413 2342 nunc
438 2315 491 2342 est
515 2311 699 2342 osculatam
724 2320 801 2342 esse
821 2309 855 2340 P
881 2310 927 2351 (v.
956 2309 1014 2348 3):
1049 2316 1137 2338 nunc
1163 2311 1197 2337 tu
1223 2315 1260 2336 es
1285 2303 1487 2353 ausculatam
1513 2302 1545 2332 A

234 2363 296 2393 391
322 2354 472 2385 ausculta
489 2353 566 2384 ΑΒι
585 2355 661 2396 (pro
676 2353 865 2393 ausculata)
944 2355 1099 2390 suompte
1119 2349 1258 2390 (-uum-)
1274 2352 1370 2378 ettam
1388 2346 1420 2376 P
1433 2350 1469 2376 u!
1485 2345 1543 2377 md.

236 2399 387 2438 (sumptu
404 2397 459 2438 B',
479 2408 577 2429 suum
594 2398 682 2438 Pffl)
