1731 2713
638 98 986 136 TRINVMMVS
1423 100 1477 137 II.
1498 99 1528 136 ij

15 217 127 259 297-53
170 253 172 255 ,
204 210 255 247 nil
285 223 357 259 ego
384 210 479 247 istos
508 222 638 247 moror
668 209 822 247 faeceos
848 222 986 256 mores,
1010 208 1198 255 turbidos,
1223 209 1356 259 quibu⁷
1385 210 1478 248 boni

1163 275 1403 313 dedecorant
1425 289 1475 314 se.

39 306 129 387 ΜΞὲο
202 341 298 377 haec
321 338 391 377 tibi
414 338 444 377 si
471 352 557 377 mea
584 337 748 389 imperia
773 351 964 388 capesses,
990 340 1111 377 multa
1132 339 1238 377 bona
1259 339 1296 376 in
1320 347 1477 389 pectore

1256 404 1474 443 consident.

148 472 216 507 Lx:
249 483 403 519 semper
433 483 505 519 ego
536 482 661 519 usque
694 470 745 507 ad
778 470 879 507 hanc
910 477 1078 507 aetatem
1111 471 1161 508 ab
1192 469 1352 509 ineunte
1383 472 1475 509 adu·
1499 488 1538 510 20

1290 536 1476 575 lescentia

147 600 221 638 tuis
243 599 385 638 seruiui
408 599 636 638 seruitutem
658 599 840 650 imperiis,
866 598 936 652 [et]
959 601 1187 650 praeceptis,
1212 610 1329 651 pater.

146 679 216 716 pro
247 665 404 715 ingenio
437 678 510 715 ego
543 679 605 703 me
638 665 804 704 liberum
835 679 919 704 esse
951 667 1047 704 ratu'
1077 680 1175 714 sum,
1207 681 1277 718 pro
1313 667 1477 718 imperio

1409 741 1477 781 tuo

146 810 276 835 meum
298 795 474 834 animum
497 795 565 833 tibi
588 795 815 834 seruitutem
838 795 982 834 seruire
1001 810 1171 846 aequom
1193 797 1340 836 censui.

58 872 121 908 305
148 862 221 898 PH.
253 861 320 910 qui
347 861 468 898 homo
490 873 580 898 cum
601 859 735 898 animo
756 859 848 898 inde
869 860 919 898 ab
941 859 1101 898 ineunte
1121 869 1249 900 aetate
1274 863 1475 912 depugnat

1389 942 1471 975 suo,

144 998 273 1028 utrum
295 989 399 1028 itane
420 1003 505 1028 esse
526 989 687 1028 mauelit
708 997 749 1028 ut
770 1003 860 1028 eum
881 989 1036 1029 animus
1057 1005 1227 1041 aequom
1249 1001 1417 1039 censeat,
1498 1014 1535 1045 25

143 1070 192 1094 an
214 1056 266 1094 ita
288 1055 417 1106 potius
439 1064 481 1093 ut
502 1064 682 1104 parentes
709 1070 798 1094 eum
821 1070 906 1095 esse
928 1064 965 1095 et
986 1058 1142 1108 cognati
1164 1058 1287 1097 uelint
1306 1074 1312 1097 :

145 1121 176 1160 si
209 1121 366 1161 animus
400 1123 603 1160 hommem
634 1122 794 1172 pepulit,
827 1130 997 1161 actumst
1015 1139 1020 1161 ε
1065 1123 1200 1162 animo
1231 1125 1358 1171 seruit,
1394 1139 1474 1164 non

1374 1190 1447 1229 sibi
1465 1205 1476 1238 5

143 1251 175 1290 si
196 1251 279 1302 ipse
298 1251 474 1290 animum
495 1252 659 1303 pepulit,
679 1253 775 1291 dum
797 1252 895 1291 uiuit
916 1253 1042 1293 uictor
1062 1253 1254 1294 uictorum
1277 1257 1391 1295 cluet.

57 1329 127 1363 310
144 1324 186 1355 tu
207 1316 239 1356 si
259 1317 434 1356 animum
463 1317 592 1356 uicisti
619 1317 750 1368 potius
772 1332 891 1368 quam
912 1318 1067 1358 animus
1095 1327 1142 1367 te,
1167 1328 1225 1358 est
1253 1322 1360 1371 quod
1385 1335 1474 1372 gau-

1366 1388 1470 1426 deas.

143 1447 266 1487 nimio
286 1447 423 1487 satiust
444 1455 485 1486 ut
506 1456 623 1498 opust
643 1450 709 1488 ted
731 1449 784 1487 ita
803 1463 888 1489 esse
909 1464 1028 1501 quam
1049 1459 1091 1489 ut
1111 1451 1245 1491 animo
1265 1453 1373 1492 lubet
1393 1469 1399 1491 :
1491 1472 1533 1504 30

143 1513 210 1564 qui
237 1513 413 1552 animum
439 1514 604 1553 uincunt
633 1528 752 1565 quam
781 1529 880 1566 quos
907 1515 1062 1555 animus
1093 1530 1247 1568 semper
1270 1518 1472 1568 probiores

1329 1586 1472 1623 cluent.

144 1647 213 1683 Lv.
246 1644 366 1684 istaec
387 1658 460 1695 ego
481 1644 533 1683 mi
555 1659 709 1696 semper
730 1646 850 1685 habui
866 1647 983 1685 aetati
1002 1647 1315 1698 integumentum
1338 1663 1473 1698 meae;

143 1723 193 1748 ne
212 1718 457 1760 penetrarem
479 1724 542 1749 me
562 1724 728 1761 usquam
751 1711 819 1750 ubi
840 1720 942 1751 esset
963 1713 1098 1751 damni
1119 1714 1426 1754 conciliabulum

56 1787 121 1823 315
143 1788 220 1813 neu
242 1783 363 1814 noctu
384 1775 479 1814 irem
501 1776 801 1816 obambulatum
823 1791 900 1816 neu
923 1791 1038 1817 suom
1058 1779 1274 1819 adimerem
1294 1780 1404 1819 alteri

143 1854 220 1879 neu
241 1841 312 1879 tibi
331 1841 628 1892 aegritudinem,
651 1851 770 1893 pater,
794 1845 982 1894 parerem,
1006 1845 1107 1895 parsi
1129 1847 1290 1886 sedulo:
1491 1864 1530 1896 35

144 1914 244 1945 sarta
265 1914 366 1946 tecta
387 1915 453 1946 tua
474 1916 681 1959 praecepta
702 1924 827 1960 usque
848 1912 968 1950 habui
990 1925 1077 1950 mea
1102 1912 1305 1951 modestia.

144 1973 218 2010 PH.
242 1974 337 2023 quid
351 1975 560 2024 exprobras
576 1977 592 2013 ?
621 1976 723 2015 bene
737 1980 845 2028 quod
861 1979 986 2018 fecisti
1007 1979 1077 2018 tibi
1099 1978 1234 2026 fecisti,
1253 1992 1333 2017 non
1350 1978 1471 2028 mihi3

144 2037 241 2077 mihi
260 2039 420 2089 quidem
442 2049 547 2080 aetas
569 2049 691 2081 actast
711 2045 832 2083 ferme
851 2060 858 2083 :
888 2053 954 2084 tua
974 2046 1074 2085 istuc
1094 2048 1208 2086 refert
1229 2060 1421 2086 maxume.

187 2145 294 2184 297-ss
318 2144 368 2175 sac
385 2155 443 2176 eos
459 2145 493 2176 P
599 2147 664 2188 [et]
689 2148 842 2180 turbidos
863 2150 896 2180 P
1003 2152 1102 2183 bonis
1120 2153 1153 2183 A
1281 2163 1347 2191 302
1371 2152 1417 2184 tui
1441 2153 1474 2184 P

143 2191 177 2218 et
191 2187 250 2218 del.
265 2188 368 2219 Bothe
463 2191 529 2227 306
554 2190 618 2232 sid]
640 2192 729 2222 itane
743 2191 841 2229 P(iv.
856 2194 891 2233 3)
982 2197 1047 2234 308
1065 2197 1210 2236 perpulit
1224 2196 1257 2226 P
1320 2197 1470 2228 seruauit

142 2230 176 2261 P
297 2243 361 2272 309
385 2233 567 2275 uictorum]
597 2234 755 2266 uirtutum
778 2236 812 2266 A
933 2249 994 2277 311
1021 2240 1126 2271 satius
1143 2241 1190 2271 tui
1207 2251 1237 2271 0.
1258 2240 1408 2281 P(1pm
1424 2240 1468 2280 T)

143 2274 234 2306 lubet
250 2275 324 2307 Ital.
347 2289 353 2307 z
378 2277 469 2307 iubet
486 2277 574 2309 codd.
717 2288 781 2317 312
805 2291 903 2320 quarn
922 2282 977 2323 qui
992 2284 1123 2314 animos
1139 2284 1173 2314 A
1282 2285 1396 2315 ciuent
1411 2284 1445 2314 A
1461 2297 1468 2316 ε

143 2319 286 2350 cluentis
303 2320 336 2350 P
420 2330 483 2360 3¹3
507 2327 740 2361 tegumentum
763 2322 797 2353 P
880 2335 942 2364 314
967 2327 1249 2359 conciliitabulum
1272 2328 1306 2358 A
1404 2339 1467 2368 315

144 2362 209 2393 Nei
227 2363 286 2404 (Β)
304 2364 358 2395 vel
371 2364 423 2395 Ne
442 2365 546 2405 (PCD)
565 2366 597 2396 P
703 2367 765 2404 318
789 2367 845 2398 vix
861 2369 960 2401 iamb.
981 2374 1121 2403 octonar.
1256 2382 1320 2412 319
1343 2372 1465 2414 ferme]

142 2406 206 2437 sert
224 2418 277 2439 me
293 2407 326 2438 P
340 2411 412 2449 (pro
428 2408 670 2449 ferimeforma
686 2410 822 2451 antiqua
835 2411 860 2453 ἒ)
