<?xml version="1.0" encoding="UTF-8"?>
<!DOCTYPE html PUBLIC "-//W3C//DTD XHTML 1.0 Transitional//EN"
    "http://www.w3.org/TR/xhtml1/DTD/xhtml1-transitional.dtd">
<html xmlns="http://www.w3.org/1999/xhtml" xml:lang="en" lang="en">
 <head>
  <title>
</title>
<meta http-equiv="Content-Type" content="text/html;charset=utf-8" />
  <meta name='ocr-system' content='tesseract 3.04.00' />
  <meta name='ocr-capabilities' content='ocr_page ocr_carea ocr_par ocr_line ocrx_word'/>
</head>
<body>
  <div class='ocr_page' id='page_1' title='image "./tmacciplauticomo02plauuoft_0163.png"; bbox 0 0 1731 2713; ppageno 0'>
   <div class='ocr_carea' id='block_1_1' title="bbox 750 113 1548 150">
    <p class='ocr_par' dir='ltr' id='par_1_1' title="bbox 750 113 1548 150">
     <span class='ocr_line' id='line_1_1' title="bbox 750 113 1548 150; baseline 0 0"><span class='ocrx_word' id='word_1_1' title='bbox 750 113 925 150; x_wconf 78' lang='lat' dir='ltr'>PERSA</span> <span class='ocrx_word' id='word_1_2' title='bbox 1468 115 1496 150; x_wconf 93' lang='lat' dir='ltr'>I.</span> <span class='ocrx_word' id='word_1_3' title='bbox 1519 115 1548 150; x_wconf 90' lang='lat' dir='ltr'>ii</span> 
     </span>
    </p>
   </div>
   <div class='ocr_carea' id='block_1_2' title="bbox 110 224 1184 667">
    <p class='ocr_par' dir='ltr' id='par_1_2' title="bbox 110 224 1184 667">
     <span class='ocr_line' id='line_1_2' title="bbox 174 224 1106 277; baseline -0.003 -12"><span class='ocrx_word' id='word_1_4' title='bbox 174 227 238 277; x_wconf 90' lang='lat' dir='ltr'>qui</span> <span class='ocrx_word' id='word_1_5' title='bbox 267 226 271 277; x_wconf 86' lang='grc' dir='ltr'>Ι</span> <span class='ocrx_word' id='word_1_6' title='bbox 298 226 360 264; x_wconf 89' lang='lat' dir='ltr'>hic</span> <span class='ocrx_word' id='word_1_7' title='bbox 381 226 472 264; x_wconf 83' lang='lat' dir='ltr'>albo</span> <span class='ocrx_word' id='word_1_8' title='bbox 493 233 573 264; x_wconf 90' lang='lat' dir='ltr'>rete</span> <span class='ocrx_word' id='word_1_9' title='bbox 594 224 719 264; x_wconf 88' lang='lat' dir='ltr'>aliena</span> <span class='ocrx_word' id='word_1_10' title='bbox 741 230 970 275; x_wconf 88' lang='lat' dir='ltr'>oppugnant</span> <span class='ocrx_word' id='word_1_11' title='bbox 992 224 1106 263; x_wconf 84' lang='lat' dir='ltr'>bona.</span> 
     </span>
     <span class='ocr_line' id='line_1_3' title="bbox 111 287 1184 341; baseline -0.004 -11"><span class='ocrx_word' id='word_1_12' title='bbox 111 287 152 339; x_wconf 71' lang='lat'>73</span> <span class='ocrx_word' id='word_1_13' title='bbox 174 293 242 330; x_wconf 86' lang='lat' dir='ltr'>sed</span> <span class='ocrx_word' id='word_1_14' title='bbox 265 304 404 330; x_wconf 87' lang='lat' dir='ltr'>sumne</span> <span class='ocrx_word' id='word_1_15' title='bbox 425 304 498 341; x_wconf 84' lang='lat' dir='ltr'>ego</span> <span class='ocrx_word' id='word_1_16' title='bbox 520 292 659 328; x_wconf 86' lang='lat' dir='ltr'>stultus</span> <span class='ocrx_word' id='word_1_17' title='bbox 681 289 747 340; x_wconf 91' lang='lat' dir='ltr'>qui</span> <span class='ocrx_word' id='word_1_18' title='bbox 769 303 849 328; x_wconf 90' lang='lat' dir='ltr'>rem</span> <span class='ocrx_word' id='word_1_19' title='bbox 871 302 965 327; x_wconf 90' lang='lat' dir='ltr'>curo</span> <span class='ocrx_word' id='word_1_20' title='bbox 985 289 1184 339; x_wconf 83' lang='lat' dir='ltr'>publicam</span> 
     </span>
     <span class='ocr_line' id='line_1_4' title="bbox 174 356 1106 406; baseline -0.002 -11"><span class='ocrx_word' id='word_1_21' title='bbox 174 358 238 396; x_wconf 87' lang='lat' dir='ltr'>ubi</span> <span class='ocrx_word' id='word_1_22' title='bbox 262 357 336 395; x_wconf 83' lang='lat' dir='ltr'>sint</span> <span class='ocrx_word' id='word_1_23' title='bbox 359 356 603 406; x_wconf 76' lang='lat' dir='ltr'>magistratus</span> <span class='ocrx_word' id='word_1_24' title='bbox 625 369 724 405; x_wconf 81' lang='lat' dir='ltr'>quos</span> <span class='ocrx_word' id='word_1_25' title='bbox 745 368 878 393; x_wconf 85' lang='lat' dir='ltr'>curare</span> <span class='ocrx_word' id='word_1_26' title='bbox 900 356 1106 405; x_wconf 77' lang='lat' dir='ltr'>oporteat?</span> 
     </span>
     <span class='ocr_line' id='line_1_5' title="bbox 173 419 1183 469; baseline -0.003 -9"><span class='ocrx_word' id='word_1_27' title='bbox 173 436 278 460; x_wconf 90' lang='lat' dir='ltr'>nunc</span> <span class='ocrx_word' id='word_1_28' title='bbox 300 423 376 460; x_wconf 90' lang='lat' dir='ltr'>huc</span> <span class='ocrx_word' id='word_1_29' title='bbox 397 421 499 459; x_wconf 89' lang='lat' dir='ltr'>intro</span> <span class='ocrx_word' id='word_1_30' title='bbox 521 421 598 468; x_wconf 87' lang='lat' dir='ltr'>ibo,</span> <span class='ocrx_word' id='word_1_31' title='bbox 622 420 746 459; x_wconf 84' lang='lat' dir='ltr'>uisam</span> <span class='ocrx_word' id='word_1_32' title='bbox 769 421 969 458; x_wconf 84' lang='lat' dir='ltr'>hesternas</span> <span class='ocrx_word' id='word_1_33' title='bbox 990 419 1183 469; x_wconf 78' lang='lat' dir='ltr'>reliquias,</span> 
     </span>
     <span class='ocr_line' id='line_1_6' title="bbox 173 483 1183 537; baseline -0.004 -12"><span class='ocrx_word' id='word_1_34' title='bbox 173 487 394 537; x_wconf 83' lang='lat' dir='ltr'>quierintne</span> <span class='ocrx_word' id='word_1_35' title='bbox 414 494 518 524; x_wconf 88' lang='lat' dir='ltr'>recte</span> <span class='ocrx_word' id='word_1_36' title='bbox 539 499 675 532; x_wconf 90' lang='lat' dir='ltr'>necne,</span> <span class='ocrx_word' id='word_1_37' title='bbox 700 498 795 522; x_wconf 90' lang='lat' dir='ltr'>num</span> <span class='ocrx_word' id='word_1_38' title='bbox 817 483 1033 524; x_wconf 87' lang='lat' dir='ltr'>†infuerit†</span> <span class='ocrx_word' id='word_1_39' title='bbox 1055 485 1183 527; x_wconf 70' lang='lat' dir='ltr'>febris,</span> 
     </span>
     <span class='ocr_line' id='line_1_7' title="bbox 174 549 1009 603; baseline -0.005 -13"><span class='ocrx_word' id='word_1_40' title='bbox 174 560 358 603; x_wconf 73' lang='lat' dir='ltr'>opertaen</span> <span class='ocrx_word' id='word_1_41' title='bbox 380 551 532 598; x_wconf 87' lang='lat' dir='ltr'>fuerint,</span> <span class='ocrx_word' id='word_1_42' title='bbox 556 564 606 589; x_wconf 90' lang='lat' dir='ltr'>ne</span> <span class='ocrx_word' id='word_1_43' title='bbox 627 550 713 600; x_wconf 86' lang='lat' dir='ltr'>quis</span> <span class='ocrx_word' id='word_1_44' title='bbox 735 549 1009 599; x_wconf 84' lang='lat' dir='ltr'>obreptauerit.</span> 
     </span>
     <span class='ocr_line' id='line_1_8' title="bbox 110 615 1106 667; baseline -0.001 -13"><span class='ocrx_word' id='word_1_45' title='bbox 110 619 155 654; x_wconf 82' lang='lat'>80</span> <span class='ocrx_word' id='word_1_46' title='bbox 174 619 243 656; x_wconf 81' lang='lat' dir='ltr'>sed</span> <span class='ocrx_word' id='word_1_47' title='bbox 263 616 488 667; x_wconf 79' lang='lat' dir='ltr'>aperiuntur</span> <span class='ocrx_word' id='word_1_48' title='bbox 508 618 637 662; x_wconf 44' lang='lat' dir='ltr'>aedes</span> <span class='ocrx_word' id='word_1_49' title='bbox 662 616 934 654; x_wconf 74' lang='lat' dir='ltr'>remorandust</span> <span class='ocrx_word' id='word_1_50' title='bbox 955 615 1106 664; x_wconf 85' lang='lat' dir='ltr'>gradus.</span> 
     </span>
    </p>
   </div>
   <div class='ocr_carea' id='block_1_3' title="bbox 531 725 1140 763">
    <p class='ocr_par' dir='ltr' id='par_1_3' title="bbox 531 725 1140 763">
     <span class='ocr_line' id='line_1_9' title="bbox 531 725 1140 763; baseline -0.003 0"><span class='ocrx_word' id='word_1_51' title='bbox 531 727 782 763; x_wconf 41' lang='lat' dir='ltr'>&#39;l‘oxlrivs</span> <span class='ocrx_word' id='word_1_52' title='bbox 893 725 1140 762; x_wconf 70' lang='lat' dir='ltr'>SATVRIO</span> 
     </span>
    </p>
   </div>
   <div class='ocr_carea' id='block_1_4' title="bbox 110 806 1417 1971">
    <p class='ocr_par' dir='ltr' id='par_1_4' title="bbox 173 806 1159 857">
     <span class='ocr_line' id='line_1_10' title="bbox 173 806 1159 857; baseline 0 -11"><span class='ocrx_word' id='word_1_53' title='bbox 173 811 245 847; x_wconf 89' lang='lat' dir='ltr'>To.</span> <span class='ocrx_word' id='word_1_54' title='bbox 280 809 452 848; x_wconf 89' lang='lat' dir='ltr'>Omnem</span> <span class='ocrx_word' id='word_1_55' title='bbox 474 820 553 846; x_wconf 90' lang='lat' dir='ltr'>rem</span> <span class='ocrx_word' id='word_1_56' title='bbox 577 807 722 854; x_wconf 88' lang='lat' dir='ltr'>inueni,</span> <span class='ocrx_word' id='word_1_57' title='bbox 746 815 786 846; x_wconf 94' lang='lat' dir='ltr'>ut</span> <span class='ocrx_word' id='word_1_58' title='bbox 809 820 877 846; x_wconf 86' lang='lat' dir='ltr'>sua</span> <span class='ocrx_word' id='word_1_59' title='bbox 899 806 972 845; x_wconf 86' lang='lat' dir='ltr'>sibi</span> <span class='ocrx_word' id='word_1_60' title='bbox 994 807 1159 857; x_wconf 82' lang='lat' dir='ltr'>pecunia</span> 
     </span>
    </p>

    <p class='ocr_par' dir='ltr' id='par_1_5' title="bbox 173 872 1007 913">
     <span class='ocr_line' id='line_1_11' title="bbox 173 872 1007 913; baseline -0.001 -1"><span class='ocrx_word' id='word_1_61' title='bbox 173 874 292 913; x_wconf 86' lang='lat' dir='ltr'>hodie</span> <span class='ocrx_word' id='word_1_62' title='bbox 311 874 418 912; x_wconf 91' lang='lat' dir='ltr'>illam</span> <span class='ocrx_word' id='word_1_63' title='bbox 438 872 553 912; x_wconf 82' lang='lat' dir='ltr'>faciat</span> <span class='ocrx_word' id='word_1_64' title='bbox 574 874 665 911; x_wconf 88' lang='lat' dir='ltr'>leno</span> <span class='ocrx_word' id='word_1_65' title='bbox 685 872 864 911; x_wconf 80' lang='lat' dir='ltr'>libertam</span> <span class='ocrx_word' id='word_1_66' title='bbox 886 885 1007 911; x_wconf 87' lang='lat' dir='ltr'>suam.</span> 
     </span>
    </p>

    <p class='ocr_par' dir='ltr' id='par_1_6' title="bbox 173 937 1256 1055">
     <span class='ocr_line' id='line_1_12' title="bbox 173 937 1251 990; baseline -0.002 -12"><span class='ocrx_word' id='word_1_67' title='bbox 173 941 242 978; x_wconf 93' lang='lat' dir='ltr'>sed</span> <span class='ocrx_word' id='word_1_68' title='bbox 264 941 402 978; x_wconf 79' lang='lat' dir='ltr'>eccum</span> <span class='ocrx_word' id='word_1_69' title='bbox 423 938 635 990; x_wconf 84' lang='lat' dir='ltr'>parasitum</span> <span class='ocrx_word' id='word_1_70' title='bbox 658 937 800 989; x_wconf 88' lang='lat' dir='ltr'>quoius</span> <span class='ocrx_word' id='word_1_71' title='bbox 822 937 917 976; x_wconf 89' lang='lat' dir='ltr'>mihi</span> <span class='ocrx_word' id='word_1_72' title='bbox 939 937 1119 976; x_wconf 77' lang='lat' dir='ltr'>auxiliost</span> <span class='ocrx_word' id='word_1_73' title='bbox 1141 951 1251 988; x_wconf 86' lang='lat' dir='ltr'>opus.</span> 
     </span>
     <span class='ocr_line' id='line_1_13' title="bbox 174 1003 1256 1055; baseline -0.002 -12"><span class='ocrx_word' id='word_1_74' title='bbox 174 1004 369 1043; x_wconf 81' lang='lat' dir='ltr'>simulabo</span> <span class='ocrx_word' id='word_1_75' title='bbox 389 1003 501 1055; x_wconf 87' lang='lat' dir='ltr'>quasi</span> <span class='ocrx_word' id='word_1_76' title='bbox 521 1016 602 1042; x_wconf 89' lang='lat' dir='ltr'>non</span> <span class='ocrx_word' id='word_1_77' title='bbox 624 1003 781 1042; x_wconf 84' lang='lat' dir='ltr'>uideam</span> <span class='ocrx_word' id='word_1_78' title='bbox 803 1019 809 1042; x_wconf 76' lang='grc' dir='ltr'>ε</span> <span class='ocrx_word' id='word_1_79' title='bbox 840 1003 891 1042; x_wconf 90' lang='lat' dir='ltr'>ita</span> <span class='ocrx_word' id='word_1_80' title='bbox 912 1003 1094 1042; x_wconf 85' lang='lat' dir='ltr'>adliciam</span> <span class='ocrx_word' id='word_1_81' title='bbox 1118 1003 1256 1042; x_wconf 90' lang='lat' dir='ltr'>uirum.</span> 
     </span>
    </p>

    <p class='ocr_par' dir='ltr' id='par_1_7' title="bbox 112 1069 1064 1120">
     <span class='ocr_line' id='line_1_14' title="bbox 112 1069 1064 1120; baseline -0.002 -10"><span class='ocrx_word' id='word_1_82' title='bbox 112 1076 153 1120; x_wconf 84' lang='lat'>85</span> <span class='ocrx_word' id='word_1_83' title='bbox 174 1078 306 1109; x_wconf 86' lang='lat' dir='ltr'>curate</span> <span class='ocrx_word' id='word_1_84' title='bbox 327 1070 412 1109; x_wconf 86' lang='lat' dir='ltr'>istic</span> <span class='ocrx_word' id='word_1_85' title='bbox 432 1083 504 1108; x_wconf 87' lang='lat' dir='ltr'>uos</span> <span class='ocrx_word' id='word_1_86' title='bbox 525 1078 643 1120; x_wconf 88' lang='lat' dir='ltr'>atque</span> <span class='ocrx_word' id='word_1_87' title='bbox 663 1070 923 1120; x_wconf 85' lang='lat' dir='ltr'>adproperate</span> <span class='ocrx_word' id='word_1_88' title='bbox 945 1069 1064 1116; x_wconf 86' lang='lat' dir='ltr'>ocius,</span> 
     </span>
    </p>

    <p class='ocr_par' dir='ltr' id='par_1_8' title="bbox 173 1134 1334 1250">
     <span class='ocr_line' id='line_1_15' title="bbox 175 1134 1334 1185; baseline 0 -12"><span class='ocrx_word' id='word_1_89' title='bbox 175 1149 223 1174; x_wconf 89' lang='lat' dir='ltr'>ne</span> <span class='ocrx_word' id='word_1_90' title='bbox 246 1135 340 1173; x_wconf 89' lang='lat' dir='ltr'>mihi</span> <span class='ocrx_word' id='word_1_91' title='bbox 363 1148 495 1173; x_wconf 88' lang='lat' dir='ltr'>morae</span> <span class='ocrx_word' id='word_1_92' title='bbox 516 1134 563 1173; x_wconf 87' lang='lat' dir='ltr'>sit</span> <span class='ocrx_word' id='word_1_93' title='bbox 584 1134 797 1185; x_wconf 84' lang='lat' dir='ltr'>quicquam</span> <span class='ocrx_word' id='word_1_94' title='bbox 819 1134 886 1173; x_wconf 86' lang='lat' dir='ltr'>ubi</span> <span class='ocrx_word' id='word_1_95' title='bbox 908 1147 980 1184; x_wconf 86' lang='lat' dir='ltr'>ego</span> <span class='ocrx_word' id='word_1_96' title='bbox 1002 1134 1103 1174; x_wconf 90' lang='lat' dir='ltr'>intro</span> <span class='ocrx_word' id='word_1_97' title='bbox 1123 1136 1334 1174; x_wconf 87' lang='lat' dir='ltr'>aduenero.</span> 
     </span>
     <span class='ocr_line' id='line_1_16' title="bbox 173 1200 1217 1250; baseline -0.001 -11"><span class='ocrx_word' id='word_1_98' title='bbox 173 1200 387 1239; x_wconf 85' lang='lat' dir='ltr'>commisce</span> <span class='ocrx_word' id='word_1_99' title='bbox 408 1202 590 1247; x_wconf 87' lang='lat' dir='ltr'>mulsum,</span> <span class='ocrx_word' id='word_1_100' title='bbox 615 1201 788 1238; x_wconf 80' lang='lat' dir='ltr'>struthea</span> <span class='ocrx_word' id='word_1_101' title='bbox 809 1201 1043 1250; x_wconf 86' lang='lat' dir='ltr'>coluteaque</span> <span class='ocrx_word' id='word_1_102' title='bbox 1063 1213 1217 1250; x_wconf 88' lang='lat' dir='ltr'>appara,</span> 
     </span>
    </p>

    <p class='ocr_par' dir='ltr' id='par_1_9' title="bbox 174 1264 1202 1312">
     <span class='ocr_line' id='line_1_17' title="bbox 174 1264 1202 1312; baseline -0.002 -7"><span class='ocrx_word' id='word_1_103' title='bbox 174 1266 276 1305; x_wconf 88' lang='lat' dir='ltr'>bene</span> <span class='ocrx_word' id='word_1_104' title='bbox 297 1273 338 1304; x_wconf 89' lang='lat' dir='ltr'>ut</span> <span class='ocrx_word' id='word_1_105' title='bbox 359 1265 398 1303; x_wconf 91' lang='lat' dir='ltr'>in</span> <span class='ocrx_word' id='word_1_106' title='bbox 420 1264 557 1304; x_wconf 89' lang='lat' dir='ltr'>scutris</span> <span class='ocrx_word' id='word_1_107' title='bbox 579 1266 796 1312; x_wconf 80' lang='lat' dir='ltr'>concaleat,</span> <span class='ocrx_word' id='word_1_108' title='bbox 817 1272 855 1303; x_wconf 91' lang='lat' dir='ltr'>et</span> <span class='ocrx_word' id='word_1_109' title='bbox 876 1267 1070 1304; x_wconf 85' lang='lat' dir='ltr'>calamum</span> <span class='ocrx_word' id='word_1_110' title='bbox 1091 1265 1202 1304; x_wconf 91' lang='lat' dir='ltr'>inice.</span> 
     </span>
    </p>

    <p class='ocr_par' dir='ltr' id='par_1_10' title="bbox 174 1329 1172 1380">
     <span class='ocr_line' id='line_1_18' title="bbox 174 1329 1172 1380; baseline 0.001 -12"><span class='ocrx_word' id='word_1_111' title='bbox 174 1330 252 1369; x_wconf 88' lang='lat' dir='ltr'>iam</span> <span class='ocrx_word' id='word_1_112' title='bbox 273 1331 339 1380; x_wconf 93' lang='lat' dir='ltr'>pol</span> <span class='ocrx_word' id='word_1_113' title='bbox 359 1330 423 1369; x_wconf 91' lang='lat' dir='ltr'>ille</span> <span class='ocrx_word' id='word_1_114' title='bbox 444 1330 508 1368; x_wconf 93' lang='lat' dir='ltr'>hic</span> <span class='ocrx_word' id='word_1_115' title='bbox 528 1329 662 1376; x_wconf 87' lang='lat' dir='ltr'>aderit,</span> <span class='ocrx_word' id='word_1_116' title='bbox 688 1331 818 1377; x_wconf 90' lang='lat' dir='ltr'>credo,</span> <span class='ocrx_word' id='word_1_117' title='bbox 842 1343 1030 1380; x_wconf 85' lang='lat' dir='ltr'>congerro</span> <span class='ocrx_word' id='word_1_118' title='bbox 1051 1344 1172 1369; x_wconf 88' lang='lat' dir='ltr'>meus.</span> 
     </span>
    </p>

    <p class='ocr_par' dir='ltr' id='par_1_11' title="bbox 110 1394 1417 1577">
     <span class='ocr_line' id='line_1_19' title="bbox 110 1394 1341 1445; baseline -0.001 -11"><span class='ocrx_word' id='word_1_119' title='bbox 110 1409 156 1444; x_wconf 91' lang='lat'>90</span> <span class='ocrx_word' id='word_1_120' title='bbox 175 1396 265 1434; x_wconf 68' lang='lat' dir='ltr'>SAT.</span> <span class='ocrx_word' id='word_1_121' title='bbox 299 1408 361 1433; x_wconf 88' lang='lat' dir='ltr'>me</span> <span class='ocrx_word' id='word_1_122' title='bbox 382 1394 487 1441; x_wconf 91' lang='lat' dir='ltr'>dicit,</span> <span class='ocrx_word' id='word_1_123' title='bbox 511 1409 633 1445; x_wconf 85' lang='lat' dir='ltr'>eugae</span> <span class='ocrx_word' id='word_1_124' title='bbox 652 1398 657 1433; x_wconf 73' lang='grc' dir='ltr'>ἕ</span> <span class='ocrx_word' id='word_1_125' title='bbox 717 1397 791 1433; x_wconf 86' lang='grc' dir='ltr'>ΤΟ.</span> <span class='ocrx_word' id='word_1_126' title='bbox 824 1396 973 1433; x_wconf 88' lang='lat' dir='ltr'>lautum</span> <span class='ocrx_word' id='word_1_127' title='bbox 995 1397 1114 1434; x_wconf 91' lang='lat' dir='ltr'>credo</span> <span class='ocrx_word' id='word_1_128' title='bbox 1135 1409 1156 1434; x_wconf 94' lang='lat' dir='ltr'>e</span> <span class='ocrx_word' id='word_1_129' title='bbox 1177 1395 1341 1434; x_wconf 84' lang='lat' dir='ltr'>balineis</span> 
     </span>
     <span class='ocr_line' id='line_1_20' title="bbox 174 1459 1417 1499; baseline 0 -1"><span class='ocrx_word' id='word_1_130' title='bbox 174 1460 249 1498; x_wconf 89' lang='lat' dir='ltr'>iam</span> <span class='ocrx_word' id='word_1_131' title='bbox 271 1459 334 1498; x_wconf 88' lang='lat' dir='ltr'>hic</span> <span class='ocrx_word' id='word_1_132' title='bbox 355 1461 593 1498; x_wconf 88' lang='lat' dir='ltr'>adfuturum.</span> <span class='ocrx_word' id='word_1_133' title='bbox 657 1461 746 1498; x_wconf 80' lang='lat' dir='ltr'><strong>SAT.</strong></span> <span class='ocrx_word' id='word_1_134' title='bbox 781 1468 822 1499; x_wconf 90' lang='lat' dir='ltr'>ut</span> <span class='ocrx_word' id='word_1_135' title='bbox 845 1460 984 1499; x_wconf 83' lang='lat' dir='ltr'>ordine</span> <span class='ocrx_word' id='word_1_136' title='bbox 1004 1474 1163 1499; x_wconf 89' lang='lat' dir='ltr'>omnem</span> <span class='ocrx_word' id='word_1_137' title='bbox 1185 1474 1264 1499; x_wconf 88' lang='lat' dir='ltr'>rem</span> <span class='ocrx_word' id='word_1_138' title='bbox 1286 1468 1392 1499; x_wconf 86' lang='lat' dir='ltr'>tenet</span> <span class='ocrx_word' id='word_1_139' title='bbox 1411 1464 1417 1498; x_wconf 70' lang='grc' dir='ltr'>ἲ</span> 
     </span>
     <span class='ocr_line' id='line_1_21' title="bbox 173 1524 1124 1577; baseline 0.002 -14"><span class='ocrx_word' id='word_1_140' title='bbox 173 1527 246 1564; x_wconf 88' lang='grc' dir='ltr'>ΤΟ.</span> <span class='ocrx_word' id='word_1_141' title='bbox 279 1526 446 1575; x_wconf 80' lang='lat' dir='ltr'>collyrae</span> <span class='ocrx_word' id='word_1_142' title='bbox 467 1524 582 1564; x_wconf 89' lang='lat' dir='ltr'>facite</span> <span class='ocrx_word' id='word_1_143' title='bbox 604 1533 645 1564; x_wconf 94' lang='lat' dir='ltr'>ut</span> <span class='ocrx_word' id='word_1_144' title='bbox 668 1527 854 1565; x_wconf 88' lang='lat' dir='ltr'>madeant</span> <span class='ocrx_word' id='word_1_145' title='bbox 874 1534 911 1565; x_wconf 89' lang='lat' dir='ltr'>et</span> <span class='ocrx_word' id='word_1_146' title='bbox 932 1526 1124 1577; x_wconf 85' lang='lat' dir='ltr'>colyphia,</span> 
     </span>
    </p>

    <p class='ocr_par' dir='ltr' id='par_1_12' title="bbox 174 1590 1284 1708">
     <span class='ocr_line' id='line_1_22' title="bbox 174 1590 1284 1642; baseline 0 -13"><span class='ocrx_word' id='word_1_147' title='bbox 174 1605 223 1630; x_wconf 88' lang='lat' dir='ltr'>ne</span> <span class='ocrx_word' id='word_1_148' title='bbox 244 1590 338 1629; x_wconf 76' lang='lat' dir='ltr'>mihi</span> <span class='ocrx_word' id='word_1_149' title='bbox 361 1591 515 1629; x_wconf 81' lang='lat' dir='ltr'>incocta</span> <span class='ocrx_word' id='word_1_150' title='bbox 537 1592 649 1630; x_wconf 86' lang='lat' dir='ltr'>detis.</span> <span class='ocrx_word' id='word_1_151' title='bbox 710 1594 801 1630; x_wconf 74' lang='lat' dir='ltr'><strong>SAT.</strong></span> <span class='ocrx_word' id='word_1_152' title='bbox 833 1605 914 1630; x_wconf 88' lang='lat' dir='ltr'>rem</span> <span class='ocrx_word' id='word_1_153' title='bbox 935 1591 1107 1642; x_wconf 87' lang='lat' dir='ltr'>loquitur</span> <span class='ocrx_word' id='word_1_154' title='bbox 1126 1604 1284 1630; x_wconf 89' lang='lat' dir='ltr'>meram.</span> 
     </span>
     <span class='ocr_line' id='line_1_23' title="bbox 174 1656 1176 1708; baseline 0 -13"><span class='ocrx_word' id='word_1_155' title='bbox 174 1657 284 1695; x_wconf 88' lang='lat' dir='ltr'>nihili</span> <span class='ocrx_word' id='word_1_156' title='bbox 305 1665 395 1695; x_wconf 91' lang='lat' dir='ltr'>sunt</span> <span class='ocrx_word' id='word_1_157' title='bbox 416 1659 560 1696; x_wconf 88' lang='lat' dir='ltr'>crudae</span> <span class='ocrx_word' id='word_1_158' title='bbox 583 1657 655 1696; x_wconf 87' lang='lat' dir='ltr'>nisi</span> <span class='ocrx_word' id='word_1_159' title='bbox 677 1670 774 1708; x_wconf 87' lang='lat' dir='ltr'>quas</span> <span class='ocrx_word' id='word_1_160' title='bbox 796 1657 974 1695; x_wconf 87' lang='lat' dir='ltr'>madidas</span> <span class='ocrx_word' id='word_1_161' title='bbox 994 1656 1176 1707; x_wconf 85' lang='lat' dir='ltr'>gluttias;</span> 
     </span>
    </p>

    <p class='ocr_par' dir='ltr' id='par_1_13' title="bbox 111 1722 1064 1773">
     <span class='ocr_line' id='line_1_24' title="bbox 111 1722 1064 1773; baseline -0.001 -12"><span class='ocrx_word' id='word_1_162' title='bbox 111 1732 152 1769; x_wconf 83' lang='lat'>95</span> <span class='ocrx_word' id='word_1_163' title='bbox 174 1730 257 1762; x_wconf 89' lang='lat' dir='ltr'>tum</span> <span class='ocrx_word' id='word_1_164' title='bbox 278 1722 352 1761; x_wconf 86' lang='lat' dir='ltr'>nisi</span> <span class='ocrx_word' id='word_1_165' title='bbox 373 1737 548 1762; x_wconf 88' lang='lat' dir='ltr'>cremore</span> <span class='ocrx_word' id='word_1_166' title='bbox 571 1732 737 1762; x_wconf 86' lang='lat' dir='ltr'>crassost</span> <span class='ocrx_word' id='word_1_167' title='bbox 759 1722 816 1761; x_wconf 83' lang='lat' dir='ltr'>ius</span> <span class='ocrx_word' id='word_1_168' title='bbox 838 1722 1064 1773; x_wconf 86' lang='lat' dir='ltr'>collyricum</span> 
     </span>
    </p>

    <p class='ocr_par' dir='ltr' id='par_1_14' title="bbox 175 1788 1169 1839">
     <span class='ocr_line' id='line_1_25' title="bbox 175 1788 1169 1839; baseline 0 -13"><span class='ocrx_word' id='word_1_169' title='bbox 175 1788 321 1827; x_wconf 88' lang='lat' dir='ltr'>nihilist</span> <span class='ocrx_word' id='word_1_170' title='bbox 343 1802 517 1828; x_wconf 88' lang='lat' dir='ltr'>macrum</span> <span class='ocrx_word' id='word_1_171' title='bbox 540 1789 637 1828; x_wconf 86' lang='lat' dir='ltr'>illud</span> <span class='ocrx_word' id='word_1_172' title='bbox 658 1789 883 1839; x_wconf 88' lang='lat' dir='ltr'>epicrocum</span> <span class='ocrx_word' id='word_1_173' title='bbox 904 1788 1144 1839; x_wconf 89' lang='lat' dir='ltr'>pellucidum</span> <span class='ocrx_word' id='word_1_174' title='bbox 1163 1804 1169 1827; x_wconf 92' lang='lat'>:</span> 
     </span>
    </p>

    <p class='ocr_par' dir='ltr' id='par_1_15' title="bbox 175 1854 1106 1904">
     <span class='ocr_line' id='line_1_26' title="bbox 175 1854 1106 1904; baseline -0.001 -12"><span class='ocrx_word' id='word_1_175' title='bbox 175 1854 285 1904; x_wconf 87' lang='lat' dir='ltr'>quasi</span> <span class='ocrx_word' id='word_1_176' title='bbox 307 1855 516 1896; x_wconf 73' lang='lat' dir='ltr'>&#39;liuream†</span> <span class='ocrx_word' id='word_1_177' title='bbox 546 1868 631 1894; x_wconf 86' lang='lat' dir='ltr'>esse</span> <span class='ocrx_word' id='word_1_178' title='bbox 653 1855 711 1894; x_wconf 89' lang='lat' dir='ltr'>ius</span> <span class='ocrx_word' id='word_1_179' title='bbox 733 1856 847 1893; x_wconf 89' lang='lat' dir='ltr'>decet</span> <span class='ocrx_word' id='word_1_180' title='bbox 868 1854 1106 1904; x_wconf 86' lang='lat' dir='ltr'>collyricum.</span> 
     </span>
    </p>

    <p class='ocr_par' dir='ltr' id='par_1_16' title="bbox 176 1920 1133 1971">
     <span class='ocr_line' id='line_1_27' title="bbox 176 1920 1133 1971; baseline 0 -14"><span class='ocrx_word' id='word_1_181' title='bbox 176 1922 268 1958; x_wconf 89' lang='lat' dir='ltr'>nolo</span> <span class='ocrx_word' id='word_1_182' title='bbox 288 1920 327 1959; x_wconf 91' lang='lat' dir='ltr'>in</span> <span class='ocrx_word' id='word_1_183' title='bbox 349 1921 521 1960; x_wconf 86' lang='lat' dir='ltr'>uesicam</span> <span class='ocrx_word' id='word_1_184' title='bbox 544 1922 652 1971; x_wconf 90' lang='lat' dir='ltr'>quod</span> <span class='ocrx_word' id='word_1_185' title='bbox 673 1927 746 1967; x_wconf 90' lang='lat' dir='ltr'>eat,</span> <span class='ocrx_word' id='word_1_186' title='bbox 770 1920 809 1958; x_wconf 91' lang='lat' dir='ltr'>in</span> <span class='ocrx_word' id='word_1_187' title='bbox 830 1927 1006 1959; x_wconf 89' lang='lat' dir='ltr'>uentrem</span> <span class='ocrx_word' id='word_1_188' title='bbox 1030 1921 1133 1958; x_wconf 91' lang='lat' dir='ltr'>uolo.</span> 
     </span>
    </p>
   </div>
   <div class='ocr_carea' id='block_1_5' title="bbox 173 2021 1503 2413">
    <p class='ocr_par' dir='ltr' id='par_1_17' title="bbox 173 2021 1503 2413">
     <span class='ocr_line' id='line_1_28' title="bbox 219 2021 1503 2065; baseline -0.002 -10"><span class='ocrx_word' id='word_1_189' title='bbox 219 2023 259 2063; x_wconf 89' lang='lat'>78</span> <span class='ocrx_word' id='word_1_190' title='bbox 283 2024 520 2063; x_wconf 88' lang='lat' dir='ltr'>quieuenerint</span> <span class='ocrx_word' id='word_1_191' title='bbox 541 2024 613 2065; x_wconf 86' lang='lat' dir='ltr'>(-rit</span> <span class='ocrx_word' id='word_1_192' title='bbox 642 2023 690 2064; x_wconf 91' lang='lat' dir='ltr'>T)</span> <span class='ocrx_word' id='word_1_193' title='bbox 711 2034 755 2055; x_wconf 85' lang='lat' dir='ltr'>ne</span> <span class='ocrx_word' id='word_1_194' title='bbox 774 2023 839 2055; x_wconf 85' lang='lat' dir='ltr'>cod.</span> <span class='ocrx_word' id='word_1_195' title='bbox 953 2023 1074 2054; x_wconf 85' lang='lat' dir='ltr'>afuerit</span> <span class='ocrx_word' id='word_1_196' title='bbox 1095 2021 1331 2063; x_wconf 75' lang='lat' dir='ltr'>Hauptzforl.</span> <span class='ocrx_word' id='word_1_197' title='bbox 1353 2021 1379 2053; x_wconf 86' lang='lat' dir='ltr'>is</span> <span class='ocrx_word' id='word_1_198' title='bbox 1402 2022 1503 2053; x_wconf 83' lang='lat' dir='ltr'>suerit</span> 
     </span>
     <span class='ocr_line' id='line_1_29' title="bbox 176 2066 1503 2108; baseline -0.001 -11"><span class='ocrx_word' id='word_1_199' title='bbox 176 2077 217 2107; x_wconf 90' lang='lat'>79</span> <span class='ocrx_word' id='word_1_200' title='bbox 241 2073 403 2107; x_wconf 85' lang='lat' dir='ltr'>opertaen</span> <span class='ocrx_word' id='word_1_201' title='bbox 430 2068 589 2108; x_wconf 81' lang='lat' dir='ltr'>Pylades:</span> <span class='ocrx_word' id='word_1_202' title='bbox 614 2073 732 2108; x_wconf 89' lang='lat' dir='ltr'>oporte</span> <span class='ocrx_word' id='word_1_203' title='bbox 757 2078 800 2098; x_wconf 91' lang='lat' dir='ltr'>ne</span> <span class='ocrx_word' id='word_1_204' title='bbox 826 2066 892 2098; x_wconf 87' lang='lat' dir='ltr'>cod.</span> <span class='ocrx_word' id='word_1_205' title='bbox 1041 2067 1081 2106; x_wconf 90' lang='lat'>84</span> <span class='ocrx_word' id='word_1_206' title='bbox 1107 2066 1248 2097; x_wconf 82' lang='lat' dir='ltr'>alliciam</span> <span class='ocrx_word' id='word_1_207' title='bbox 1271 2066 1503 2097; x_wconf 79' lang='lat' dir='ltr'>Camerarius:</span> 
     </span>
     <span class='ocr_line' id='line_1_30' title="bbox 174 2108 1501 2151; baseline 0 -11"><span class='ocrx_word' id='word_1_208' title='bbox 174 2110 319 2142; x_wconf 89' lang='lat' dir='ltr'>allictam</span> <span class='ocrx_word' id='word_1_209' title='bbox 332 2111 397 2144; x_wconf 81' lang='lat' dir='ltr'><em>cod.</em></span> <span class='ocrx_word' id='word_1_210' title='bbox 505 2113 546 2150; x_wconf 87' lang='lat'>85</span> <span class='ocrx_word' id='word_1_211' title='bbox 570 2111 664 2142; x_wconf 85' lang='lat' dir='ltr'>ocius</span> <span class='ocrx_word' id='word_1_212' title='bbox 681 2115 718 2141; x_wconf 84' lang='lat' dir='ltr'>nt</span> <span class='ocrx_word' id='word_1_213' title='bbox 732 2111 795 2142; x_wconf 77' lang='lat' dir='ltr'><em>vid.</em></span> <span class='ocrx_word' id='word_1_214' title='bbox 811 2110 878 2142; x_wconf 87' lang='lat' dir='ltr'>cod.</span> <span class='ocrx_word' id='word_1_215' title='bbox 890 2111 940 2151; x_wconf 89' lang='lat' dir='ltr'>(ac</span> <span class='ocrx_word' id='word_1_216' title='bbox 958 2111 1008 2142; x_wconf 90' lang='lat' dir='ltr'>ius</span> <span class='ocrx_word' id='word_1_217' title='bbox 1027 2111 1068 2151; x_wconf 73' lang='lat'>(2)</span> <span class='ocrx_word' id='word_1_218' title='bbox 1089 2111 1124 2151; x_wconf 85' lang='lat' dir='ltr'>T,</span> <span class='ocrx_word' id='word_1_219' title='bbox 1139 2110 1255 2141; x_wconf 85' lang='lat' dir='ltr'>oculus</span> <span class='ocrx_word' id='word_1_220' title='bbox 1272 2108 1359 2148; x_wconf 70' lang='lat' dir='ltr'><em>PBC)</em></span> <span class='ocrx_word' id='word_1_221' title='bbox 1461 2111 1501 2149; x_wconf 92' lang='lat'>87</span> 
     </span>
     <span class='ocr_line' id='line_1_31' title="bbox 175 2152 1501 2194; baseline -0.001 -10"><span class='ocrx_word' id='word_1_222' title='bbox 175 2154 396 2194; x_wconf 84' lang='lat' dir='ltr'>colutheaque</span> <span class='ocrx_word' id='word_1_223' title='bbox 407 2155 480 2186; x_wconf 83' lang='lat' dir='ltr'><em>Ital.</em></span> <span class='ocrx_word' id='word_1_224' title='bbox 500 2167 506 2185; x_wconf 74' lang='grc' dir='ltr'>ε</span> <span class='ocrx_word' id='word_1_225' title='bbox 531 2155 785 2194; x_wconf 85' lang='lat' dir='ltr'>colutheaquam</span> <span class='ocrx_word' id='word_1_226' title='bbox 798 2154 863 2187; x_wconf 88' lang='lat' dir='ltr'>cod.</span> <span class='ocrx_word' id='word_1_227' title='bbox 878 2158 916 2185; x_wconf 86' lang='lat' dir='ltr'>ut</span> <span class='ocrx_word' id='word_1_228' title='bbox 926 2154 990 2186; x_wconf 83' lang='lat' dir='ltr'>vid.</span> <span class='ocrx_word' id='word_1_229' title='bbox 1008 2154 1257 2193; x_wconf 54' lang='lat' dir='ltr'>tcoluthequam</span> <span class='ocrx_word' id='word_1_230' title='bbox 1271 2152 1358 2193; x_wconf 80' lang='lat' dir='ltr'>PBC)</span> <span class='ocrx_word' id='word_1_231' title='bbox 1436 2164 1501 2184; x_wconf 59' lang='lat' dir='ltr'>mc&lt;</span> 
     </span>
     <span class='ocr_line' id='line_1_32' title="bbox 175 2197 1498 2239; baseline 0.001 -12"><span class='ocrx_word' id='word_1_232' title='bbox 175 2201 263 2228; x_wconf 80' lang='lat' dir='ltr'>trum</span> <span class='ocrx_word' id='word_1_233' title='bbox 280 2202 463 2239; x_wconf 78' lang='lat' dir='ltr'>suspectum</span> <span class='ocrx_word' id='word_1_234' title='bbox 589 2199 632 2230; x_wconf 90' lang='lat'>88</span> <span class='ocrx_word' id='word_1_235' title='bbox 657 2199 851 2229; x_wconf 79' lang='lat' dir='ltr'>concaleant</span> <span class='ocrx_word' id='word_1_236' title='bbox 868 2198 1015 2239; x_wconf 78' lang='lat' dir='ltr'>Scaliger</span> <span class='ocrx_word' id='word_1_237' title='bbox 1099 2198 1199 2229; x_wconf 86' lang='lat' dir='ltr'>iniice</span> <span class='ocrx_word' id='word_1_238' title='bbox 1215 2197 1289 2229; x_wconf 76' lang='lat' dir='ltr'>Ital.</span> <span class='ocrx_word' id='word_1_239' title='bbox 1309 2208 1316 2227; x_wconf 91' lang='lat'>:</span> <span class='ocrx_word' id='word_1_240' title='bbox 1340 2197 1415 2227; x_wconf 86' lang='lat' dir='ltr'>nice</span> <span class='ocrx_word' id='word_1_241' title='bbox 1431 2197 1498 2228; x_wconf 82' lang='lat' dir='ltr'><em>cod.</em></span> 
     </span>
     <span class='ocr_line' id='line_1_33' title="bbox 174 2239 1501 2283; baseline -0.001 -12"><span class='ocrx_word' id='word_1_242' title='bbox 174 2251 213 2280; x_wconf 81' lang='lat'>91</span> <span class='ocrx_word' id='word_1_243' title='bbox 242 2247 276 2272; x_wconf 87' lang='lat' dir='ltr'>ut</span> <span class='ocrx_word' id='word_1_244' title='bbox 296 2241 362 2283; x_wconf 89' lang='lat' dir='ltr'>[in]</span> <span class='ocrx_word' id='word_1_245' title='bbox 381 2253 409 2274; x_wconf 91' lang='lat' dir='ltr'>o.</span> <span class='ocrx_word' id='word_1_246' title='bbox 430 2241 495 2274; x_wconf 78' lang='lat' dir='ltr'>cod.</span> <span class='ocrx_word' id='word_1_247' title='bbox 519 2242 613 2282; x_wconf 77' lang='lat' dir='ltr'>(corr.</span> <span class='ocrx_word' id='word_1_248' title='bbox 624 2241 714 2283; x_wconf 80' lang='lat' dir='ltr'>PCD)</span> <span class='ocrx_word' id='word_1_249' title='bbox 806 2252 864 2272; x_wconf 88' lang='lat' dir='ltr'>rea</span> <span class='ocrx_word' id='word_1_250' title='bbox 882 2246 917 2272; x_wconf 85' lang='lat' dir='ltr'>ut</span> <span class='ocrx_word' id='word_1_251' title='bbox 932 2241 994 2274; x_wconf 79' lang='lat' dir='ltr'><em>vid.</em></span> <span class='ocrx_word' id='word_1_252' title='bbox 1015 2241 1078 2272; x_wconf 88' lang='lat' dir='ltr'>cod.</span> <span class='ocrx_word' id='word_1_253' title='bbox 1097 2241 1143 2280; x_wconf 83' lang='lat' dir='ltr'>(A</span> <span class='ocrx_word' id='word_1_254' title='bbox 1153 2247 1214 2282; x_wconf 78' lang='lat' dir='ltr'>pro</span> <span class='ocrx_word' id='word_1_255' title='bbox 1232 2240 1280 2281; x_wconf 83' lang='lat' dir='ltr'>M)</span> <span class='ocrx_word' id='word_1_256' title='bbox 1301 2241 1392 2281; x_wconf 75' lang='lat' dir='ltr'>(corr.</span> <span class='ocrx_word' id='word_1_257' title='bbox 1411 2239 1501 2281; x_wconf 73' lang='lat' dir='ltr'>PCD)</span> 
     </span>
     <span class='ocr_line' id='line_1_34' title="bbox 173 2283 1499 2325; baseline -0.001 -10"><span class='ocrx_word' id='word_1_258' title='bbox 173 2294 215 2323; x_wconf 87' lang='lat'>93</span> <span class='ocrx_word' id='word_1_259' title='bbox 241 2285 369 2316; x_wconf 88' lang='lat' dir='ltr'>incocta</span> <span class='ocrx_word' id='word_1_260' title='bbox 386 2296 428 2316; x_wconf 86' lang='lat' dir='ltr'>ne</span> <span class='ocrx_word' id='word_1_261' title='bbox 446 2286 526 2317; x_wconf 89' lang='lat' dir='ltr'>mihi</span> <span class='ocrx_word' id='word_1_262' title='bbox 543 2285 648 2316; x_wconf 73' lang='lat' dir='ltr'><em>Bothe</em></span> <span class='ocrx_word' id='word_1_263' title='bbox 768 2284 916 2325; x_wconf 88' lang='lat' dir='ltr'>loquitur</span> <span class='ocrx_word' id='word_1_264' title='bbox 933 2295 1057 2318; x_wconf 85' lang='lat' dir='ltr'>meram</span> <span class='ocrx_word' id='word_1_265' title='bbox 1078 2285 1292 2316; x_wconf 74' lang='lat' dir='ltr'>Camerarius</span> <span class='ocrx_word' id='word_1_266' title='bbox 1307 2296 1314 2315; x_wconf 74' lang='grc' dir='ltr'><strong>ε</strong></span> <span class='ocrx_word' id='word_1_267' title='bbox 1339 2283 1499 2324; x_wconf 90' lang='lat' dir='ltr'>loquitum</span> 
     </span>
     <span class='ocr_line' id='line_1_35' title="bbox 175 2327 1501 2369; baseline 0.001 -12"><span class='ocrx_word' id='word_1_268' title='bbox 175 2337 264 2359; x_wconf 82' lang='lat' dir='ltr'>eram</span> <span class='ocrx_word' id='word_1_269' title='bbox 285 2329 349 2360; x_wconf 82' lang='lat' dir='ltr'>cod.</span> <span class='ocrx_word' id='word_1_270' title='bbox 485 2339 527 2369; x_wconf 88' lang='lat'>94</span> <span class='ocrx_word' id='word_1_271' title='bbox 555 2328 648 2360; x_wconf 86' lang='lat' dir='ltr'>nihili</span> <span class='ocrx_word' id='word_1_272' title='bbox 675 2327 779 2360; x_wconf 80' lang='lat' dir='ltr'>Pt&#39;u&#39;s:</span> <span class='ocrx_word' id='word_1_273' title='bbox 807 2329 891 2360; x_wconf 85' lang='lat' dir='ltr'>nihil</span> <span class='ocrx_word' id='word_1_274' title='bbox 917 2329 982 2362; x_wconf 82' lang='lat' dir='ltr'><em>cod.</em></span> <span class='ocrx_word' id='word_1_275' title='bbox 1117 2330 1159 2369; x_wconf 85' lang='lat'>96</span> <span class='ocrx_word' id='word_1_276' title='bbox 1182 2328 1313 2359; x_wconf 87' lang='lat' dir='ltr'>nihilist</span> <span class='ocrx_word' id='word_1_277' title='bbox 1337 2327 1501 2369; x_wconf 75' lang='lat' dir='ltr'>Scaliger:</span> 
     </span>
     <span class='ocr_line' id='line_1_36' title="bbox 174 2371 796 2413; baseline 0.003 -12"><span class='ocrx_word' id='word_1_278' title='bbox 174 2371 254 2402; x_wconf 89' lang='lat' dir='ltr'>nihil</span> <span class='ocrx_word' id='word_1_279' title='bbox 273 2378 322 2402; x_wconf 83' lang='lat' dir='ltr'>est</span> <span class='ocrx_word' id='word_1_280' title='bbox 339 2372 404 2404; x_wconf 83' lang='lat' dir='ltr'>cod.</span> <span class='ocrx_word' id='word_1_281' title='bbox 540 2383 581 2413; x_wconf 90' lang='lat'>97</span> <span class='ocrx_word' id='word_1_282' title='bbox 607 2373 658 2404; x_wconf 68' lang='lat' dir='ltr'>vel</span> <span class='ocrx_word' id='word_1_283' title='bbox 673 2373 796 2404; x_wconf 87' lang='lat' dir='ltr'>uiream</span> 
     </span>
    </p>
   </div>
   <div class='ocr_carea' id='block_1_6' title="bbox 1354 2442 1413 2473">
    <p class='ocr_par' dir='ltr' id='par_1_18' title="bbox 1354 2442 1413 2473">
     <span class='ocr_line' id='line_1_37' title="bbox 1354 2442 1413 2473; baseline 0 0"><span class='ocrx_word' id='word_1_284' title='bbox 1354 2442 1413 2473; x_wconf 84' lang='lat'>10*</span> 
     </span>
    </p>
   </div>
   <div class='ocr_carea' id='block_1_7' title="bbox 1521 726 1564 764">
    <p class='ocr_par' dir='ltr' id='par_1_19' title="bbox 1521 726 1564 764">
     <span class='ocr_line' id='line_1_38' title="bbox 1521 726 1564 764; baseline 0.023 -1"><span class='ocrx_word' id='word_1_285' title='bbox 1521 726 1564 764; x_wconf 90' lang='lat' dir='ltr'>iii</span> 
     </span>
    </p>
   </div>
   <div class='ocr_carea' id='block_1_8' title="bbox 1525 1407 1562 1428">
    <p class='ocr_par' dir='ltr' id='par_1_20' title="bbox 1525 1407 1562 1428">
     <span class='ocr_line' id='line_1_39' title="bbox 1525 1407 1562 1428; baseline 0 0"><span class='ocrx_word' id='word_1_286' title='bbox 1525 1407 1562 1428; x_wconf 86' lang='lat'>10</span> 
     </span>
    </p>
   </div>
  </div>
 </body>
</html>
