1731 2713
780 100 1017 140 STICHVS
1520 101 1550 138 I.
1571 101 1585 138 i

285 221 413 259 neque
434 208 497 248 ille
518 207 585 248 eos
607 210 777 248 honores
799 208 894 247 mihi
916 221 1016 260 quos
1038 208 1175 248 habuit
1196 208 1367 260 perdidit
1384 222 1394 256 3

167 285 210 322 50
283 286 373 312 nam
395 275 461 325 pol
483 273 577 313 mihi
596 282 703 325 grata
722 281 964 325 acceptaque
986 273 1118 313 huiust
1139 274 1369 325 benignitas.
1575 285 1613 318 55

283 345 321 376 et
342 351 404 377 me
425 338 585 389 quidem
607 340 704 378 haec
725 338 910 379 condicio
930 352 1036 378 nunc
1057 352 1136 378 non
1158 338 1331 391 paenitet

283 416 411 454 neque
432 412 489 443 est
510 417 582 454 qur
602 405 782 443 studeam
804 405 873 443 has
895 404 1050 455 nuptias
1072 404 1278 452 mutarier;

283 481 419 507 uerum
441 476 640 519 postremo
661 469 700 507 in
722 468 832 520 patri⁷
852 476 1047 521 potestate
1069 477 1127 508 est
1148 469 1265 508 situm
1286 484 1292 507 ε

283 533 508 572 faciendum
530 533 569 573 id
591 533 706 573 nobis
728 535 836 584 quod
858 542 1039 585 parentes
1060 533 1264 585 imperant.

166 608 207 646 55
284 600 388 638 ΡΑΜ.
421 598 502 638 scio
521 606 639 650 atque
660 599 699 637 in
721 599 933 650 cogitando
954 612 1128 639 maerore
1147 612 1302 651 augeor,
1575 603 1618 637 60

283 678 374 703 nam
396 664 684 716 propemodum
706 664 783 704 iam
805 664 978 704 ostendit
999 678 1109 704 suam
1131 664 1378 704 sententiam.

285 732 384 769 PAN.
419 729 531 780 igitur
550 743 785 781 quaeramus
806 730 921 770 nobis
942 729 1037 781 quid
1059 731 1162 769 facto
1183 732 1267 769 usu'
1287 728 1366 782 sit.]

338 900 600 937 ANT1PHO
713 900 1040 937 PANEovRis
1152 900 1450 936 PAMPHlLA
1577 898 1606 934 ii

231 988 309 1025 AN.
342 986 421 1036 Qui
450 994 582 1027 manet
609 994 651 1026 ut
679 994 886 1027 moneatur
907 999 1061 1037 semper
1082 999 1215 1025 seruos
1244 987 1365 1026 homo
1386 985 1558 1026 officium

1446 1064 1559 1091 suom

231 1132 304 1158 nec
333 1119 535 1158 uoluntate
562 1118 602 1158 id
629 1120 756 1158 faeere
777 1117 968 1166 meminit,
991 1131 1124 1158 seruos
1151 1117 1183 1156 is
1209 1116 1346 1157 habitu
1373 1118 1450 1156 hau
1477 1130 1563 1168 pro-

1111 1188 1114 1191 “
1457 1183 1558 1221 bust.

167 1252 214 1287 60
232 1262 304 1288 uos
325 1248 556 1289 meministis
578 1248 853 1300 quotcalendis
875 1256 1007 1301 petere
1027 1250 1263 1289 demensum
1291 1248 1425 1287 cibum
1445 1262 1452 1286 :

231 1314 299 1365 qui
319 1315 439 1354 minu'
460 1315 693 1355 meministis
714 1316 823 1367 quod
845 1329 945 1366 opus
966 1315 1015 1354 sit
1035 1317 1139 1355 facto
1159 1315 1286 1354 facere
1306 1314 1347 1353 in
1367 1313 1562 1354 aedibus?

231 1379 309 1419 iam
330 1379 491 1431 quidem
518 1380 557 1419 in
584 1382 656 1420 δύο
683 1380 855 1432 quicque
876 1382 966 1421 loco
987 1381 1061 1420 nisi
1082 1380 1153 1420 erit
1179 1379 1276 1419 mihi
1297 1379 1414 1419 situm
1436 1380 1563 1430 supel-
1584 1386 1602 1418 5

1411 1443 1562 1492 loculis,

232 1524 354 1562 quom
385 1524 458 1561 ego
487 1518 670 1559 reuortar,
703 1525 775 1551 uos
807 1511 1075 1551 monumentis
1105 1509 1462 1551 commonefaciam
1496 1510 1565 1549 bu-

1448 1574 1561 1614 bulis.

232 1655 313 1682 non
334 1642 515 1682 homines
536 1642 713 1683 habitare
734 1656 892 1683 mecum
915 1643 969 1682 mi
990 1643 1054 1682 hic
1076 1642 1269 1690 uidentur,
1294 1643 1363 1682 sed
1384 1654 1487 1681 sues.

168 1712 211 1756 65
232 1707 347 1747 facite
360 1708 470 1747 sultis
486 1707 634 1748 nitidae
648 1716 690 1747 ut
706 1710 825 1748 aedes
843 1722 954 1749 meae
971 1708 1059 1757 sint,
1075 1721 1197 1759 quom
1211 1709 1369 1750 redeam
1383 1708 1559 1747 domum.

231 1772 309 1812 iam
325 1786 398 1824 ego
414 1773 523 1813 domi
538 1775 660 1813 adero
679 1789 686 1812 z
716 1776 767 1813 ad
782 1788 911 1814 meam
929 1773 1119 1813 maiorem
1136 1773 1254 1812 filiam
1272 1771 1401 1811 inuiso
1417 1772 1539 1811 modo
1553 1785 1563 1819 3

285 1838 317 1878 si
337 1838 423 1889 quis
452 1852 514 1878 me
541 1847 712 1890 quaeret,
735 1839 815 1879 ind'
836 1848 1021 1880 uocatote
1037 1838 1158 1890 aliqui
1174 1854 1184 1888 3
1212 1845 1278 1878 aut
1308 1837 1386 1877 iam
1407 1844 1563 1888 egomet
1585 1848 1625 1871 10

1399 1901 1463 1941 hic
1483 1915 1560 1941 ero.

232 1970 336 2009 PAM.
369 1969 465 2021 quid
485 1969 648 2021 agimus,
671 1961 790 2018 soror}
813 1970 845 2010 si
866 1971 1077 2011 offirmabit
1098 1979 1206 2022 pater
1227 1971 1441 2010 aduorsum
1462 1968 1565 2007 nos?

1351 2037 1451 2073 PAN.
1483 2032 1564 2084 pati

230 2114 303 2140 nos
325 2109 480 2152 oportet
501 2090 610 2152 quod
632 2101 696 2140 ille
717 2101 843 2150 faciat,
867 2102 1010 2153 quoius
1031 2110 1205 2153 potestas
1227 2103 1314 2152 plus
1335 2106 1475 2151 potest.

275 2215 318 2245 50
341 2206 420 2237 mihi
437 2205 493 2246 pol
511 2205 542 2236 B
647 2205 736 2237 eiust
751 2205 841 2237 Baclz
984 2217 1025 2247 52
1050 2217 1109 2239 cur
1125 2217 1193 2238 non
1211 2206 1366 2237 studeam
1384 2203 1470 2236 cod.:
1493 2213 1562 2236 non

232 2248 290 2281 del.
313 2249 469 2281 Guietus:
494 2259 553 2280 cur
569 2259 658 2280 nunc
675 2254 715 2281 st.
732 2249 805 2281 Ital.
954 2260 995 2291 57
1020 2251 1105 2283 facio
1121 2250 1189 2282 cod.
1212 2251 1306 2290 (corr.
1325 2249 1376 2289 D)
1520 2248 1562 2287 58

231 2293 361 2335 manet]
380 2297 513 2324 moneat
530 2293 562 2322 A
667 2294 709 2323 62
733 2293 857 2333 quique
874 2293 948 2324 ΡΟ)
1061 2298 1102 2334 64
1126 2294 1173 2325 mi
1189 2293 1259 2336 hic]
1278 2293 1358 2324 mihi
1374 2292 1408 2323 A
1518 2292 1562 2321 66

233 2336 348 2379 modo]
367 2337 500 2368 domum
517 2336 550 2367 P
689 2337 730 2376 67
755 2337 811 2368 vix
826 2338 922 2369 troclz.
944 2339 1033 2379 <cum
1051 2338 1167 2379 siqui')
1315 2337 1358 2368 68
1383 2334 1561 2377 offirmauit

233 2380 265 2410 A
