1783 2707
171 135 239 170 IV.
264 133 308 169 iv
682 135 727 170 Τ.
763 133 942 172 MACCI
976 134 1178 170 PLAVTI

200 261 242 293 30
264 246 459 296 numquid
480 245 568 284 uis?
625 249 698 284 PH.
732 247 792 284 fac
814 247 955 284 maleas.
1017 247 1082 283 Dl.
1115 258 1256 295 operae
1276 245 1344 284 ubi
1364 246 1418 284 mi
1439 245 1519 293 erit,
1541 247 1592 285 ad

1321 319 1359 350 te
1380 325 1591 350 uenero.—

264 379 336 415 PH.
371 377 434 416 ille
450 376 612 427 quidem
628 376 720 415 hinc
736 376 842 422 abiit,
859 376 1058 426 apscessit.
1091 376 1220 415 dicere
1237 376 1301 414 hic
1317 376 1473 426 quiduis
1490 377 1591 416 licet.

262 456 398 480 uerum
416 450 473 481 est
490 443 654 480 uerbum
673 443 781 492 quod
798 449 1036 480 memoratur
1053 457 1059 479 :
1090 441 1158 480 tibi
1174 441 1300 488 amici,
1320 441 1466 480 ibidem
1484 455 1589 492 opes.
1612 445 1676 488 885

262 515 418 558 propter
439 509 544 546 hunc
566 521 654 557 spes
675 507 831 545 etiamst
851 507 972 545 hodie
993 506 1146 544 tactuiri
1168 506 1329 544 militem
1349 521 1357 553 3

262 573 380 624 quem
402 586 474 623 ego
495 580 646 612 ecastor
667 586 779 623 mage
799 586 890 611 amo
912 586 1031 622 quam
1054 586 1127 619 me,
1144 571 1337 611 dum——id
1353 573 1461 623 quod
1477 571 1594 623 cupio

1335 637 1427 676 inde
1446 639 1590 676 aufero.

202 719 239 751 35
263 719 363 755 quae
393 718 514 755 quom
546 705 713 743 multum
742 703 986 754 apstulimus,
1010 704 1088 742 hau
1109 704 1276 741 multum
1296 701 1414 754 (eius)
1433 710 1594 753 apparet

1226 769 1334 818 quod
1355 769 1488 806 datum
1512 776 1592 807 est:

263 835 314 874 ita
335 843 424 874 simt
445 835 589 885 gloriae
611 834 869 874 meretricum.
931 837 998 873 As.
1031 835 1106 872 aha
1134 837 1242 873 tace!
1302 836 1374 872 PH.
1407 833 1502 884 quid
1524 841 1592 882 est,

1401 913 1563 950 opsecro
1579 901 1595 937 ?

265 968 331 1004 As.
363 965 506 1018 (pater)
519 968 631 1005 adest
652 966 771 1017 pueri.
833 968 907 1003 ΡΗ.
940 965 1024 1004 sine
1045 978 1207 1015 eumpse
1227 964 1334 1003 adire
1350 965 1437 1003 huc.
1497 964 1591 1013 sine,
1613 970 1682 1013 890

1277 1030 1307 1068 si
1330 1030 1360 1069 is
1381 1038 1438 1069 est
1460 1032 1592 1070 modo.

264 1099 330 1137 As.
361 1096 485 1150 <ipsus
507 1097 590 1150 est).
652 1100 725 1135 PH.
759 1097 843 1136 sirie
874 1111 1038 1148 eumpse
1066 1097 1185 1144 adire,
1218 1104 1259 1135 ut
1289 1096 1406 1147 cupit,
1438 1097 1489 1135 ad
1519 1110 1592 1135 me.

1209 1165 1276 1201 As.
1309 1170 1455 1201 rectam
1476 1170 1593 1202 tenet.

267 1230 339 1267 PH.
374 1243 422 1268 ne
442 1228 560 1267 istum
581 1236 733 1268 ecastor
753 1228 873 1268 hodie
895 1227 1065 1269 †hastis†
1085 1229 1311 1267 confectum
1332 1226 1502 1266 fallaciis.

770 1419 1007 1468 ACTVS
1054 1420 1101 1467 V

208 1523 245 1558 V
284 1523 734 1559 STRATOPHANES
846 1522 1225 1559 PHRONEsIVM
1338 1522 1595 1558 STRABAX

765 1587 1101 1623 ASTAPHIVM

266 1672 414 1708 STRAT.
459 1671 543 1719 Ego
583 1669 728 1707 minam
773 1668 855 1707 auri
895 1670 975 1707 fero
1015 1668 1250 1718 supplicium
1296 1666 1499 1706 ·tdamnis†
1542 1668 1592 1705 ad

1251 1733 1417 1771 amicam
1441 1745 1591 1770 meamr

306 1837 369 1876 883
395 1837 445 1867 sac
465 1836 578 1867 ualeas
596 1834 770 1866 Actklalizfcs
786 1846 792 1865 ε
820 1834 960 1866 facultas
978 1834 1061 1866 cod:
1088 1835 1138 1865 fac
1157 1834 1274 1865 uenias
1293 1833 1431 1864 Mueller
1550 1833 1594 1863 mi

264 1881 317 1911 ubi
338 1880 439 1911 Bothe
547 1880 610 1918 884
635 1879 776 1910 ascessit
794 1879 859 1910 cod.
939 1878 991 1909 hic
1009 1879 1082 1917 quis
1098 1879 1257 1909 uidelicet
1278 1877 1358 1908 cod.:
1381 1887 1458 1908 corr.
1479 1877 1594 1908 Came-

265 1925 374 1955 rarius
495 1924 557 1962 885
583 1933 699 1953 uerum
717 1921 860 1964 (uetus)
878 1928 931 1953 est
951 1922 1059 1955 Goetz,
1075 1921 1200 1953 Sclzoell
1285 1920 1441 1963 (ubi)ubi
1461 1920 1598 1951 Mueller

264 1968 386 1999 ibidem
413 1966 535 2009 (sunt)
560 1967 771 1998 Cenum-arius
853 1977 937 2005 opes
958 1965 1063 1996 Pius:
1089 1976 1173 2006 opus
1195 1965 1259 1996 cod.
1404 1965 1468 1996 886
1492 1965 1594 1995 etiam

264 2022 300 2042 se
325 2011 426 2042 hodie
446 2014 577 2042 tantum
597 2010 752 2040 rimlitem
769 2009 836 2041 cod.
855 2021 862 2040 :
890 2021 968 2041 corr.
985 2009 1182 2049 Palnoeerz'us,
1200 2009 1324 2039 Petitns
1412 2012 1535 2039 tactum
1554 2008 1592 2039 iri

264 2054 429 2097 (iterum)
448 2054 636 2084 Buecheler:
663 2054 825 2084 inanitum
844 2054 883 2083 iri
901 2055 941 2093 (ἓ)
960 2052 1024 2084 Leo
1113 2054 1174 2091 887
1195 2064 1258 2092 cgo
1276 2063 1340 2083 om.
1357 2051 1429 2081 pen
1519 2061 1595 2082 ama

264 2109 330 2138 qua
357 2109 411 2129 me
442 2099 519 2129 dum
555 2098 695 2138 (dudum
723 2097 811 2136 PCD)
839 2097 922 2128 cod:
958 2107 1037 2127 corr.
1064 2096 1149 2136 Ital„
1180 2096 1389 2127 Camerarius
1477 2096 1594 2126 aufero

268 2141 501 2173 Camerarius:
525 2141 665 2172 auferue
693 2141 841 2180 (auferre
868 2140 954 2178 PCD)
982 2140 1049 2172 cod.
1149 2143 1224 2171 ante
1249 2140 1313 2170 888
1341 2140 1438 2170 talem
1464 2149 1595 2169 versum

265 2186 373 2227 suppl.
404 2185 593 2216 Buecheler:
628 2195 704 2215 nam
732 2184 949 2224 quantumuis
974 2185 1056 2215 dent
1083 2189 1245 2224 amantes,
1274 2193 1408 2223 semper
1437 2183 1468 2213 id
1497 2182 1595 2213 nobis

268 2234 419 2270 parumst
550 2229 615 2260 888
632 2233 757 2259 mutum
781 2227 845 2260 cod.
961 2228 1049 2259 haud
1074 2227 1151 2270 <id>
1173 2227 1308 2267 Sqiffzrt
1414 2231 1506 2257 mutu
1530 2225 1595 2257 cod.

268 2273 341 2305 eius
365 2272 442 2304 add.
467 2271 532 2303 Leo
664 2274 730 2312 890
753 2275 850 2312 p'ater
874 2271 949 2303 add.
972 2272 1106 2302 qu'clus
1236 2272 1296 2310 891
1324 2270 1417 2309 ipsus
1442 2274 1494 2301 est
1516 2269 1592 2301 add.

268 2316 334 2348 Leo
433 2316 483 2348 sin
500 2316 565 2348 cod.
662 2317 704 2346 ad
725 2326 777 2347 me
798 2316 840 2346 ad
864 2319 956 2346 recta
979 2315 1007 2345 si
1032 2318 1151 2346 tenent
1175 2314 1239 2345 cod.
1259 2325 1266 2345 :
1289 2324 1370 2345 corr.
1394 2313 1460 2344 Leo
1485 2313 1596 2354 (tenet

266 2360 365 2401 Pius)
498 2362 563 2399 892
587 2360 706 2391 astutis
723 2359 899 2390 conficiam
920 2359 1142 2396 Camerarius,
1163 2359 1317 2398 chpert:
1342 2357 1499 2397 aspiciam
1517 2367 1594 2388 con-

267 2404 390 2435 fectum
407 2404 488 2435 Leo:
503 2404 584 2444 Jbrt.
605 2403 752 2434 habuisti
770 2402 872 2442 (hasti
892 2407 953 2443 per
965 2402 1128 2443 compend.
1144 2402 1265 2443 scrip-t.)
1284 2401 1485 2438 confectum,
1503 2401 1596 2432 verba

267 2447 426 2489 Astaphiz'
571 2449 635 2487 893
668 2447 718 2478 Eo
744 2446 826 2478 milii
856 2455 970 2478 amare
1004 2446 1096 2478 cod.:
1136 2456 1212 2477 corr.
1253 2445 1432 2484 Buecheler,
1462 2445 1598 2485 Seyffi’rt

965 2522 988 2532 l
