1783 2707
169 107 216 144 v.

182 363 218 396 Ι5

178 820 220 844 20

181 1340 220 1374 25

238 106 285 143 iv
662 106 708 143 T.
743 104 924 144 MACCI
955 105 1159 142 PLAVTI

239 218 303 256 SA.
346 216 448 255 mica
486 216 571 255 uter
609 216 740 255 utrubi
783 216 1076 256 accumbamus.
1166 217 1245 254 ST1.
1289 214 1353 253 abi
1393 221 1434 252 tu
1474 227 1568 253 sane

1379 278 1566 329 superior.

238 355 356 398 atque
376 349 478 386 adeo
499 354 540 386 ut
562 354 603 386 tu
624 346 722 386 scire
743 346 879 397 possis,
904 353 1021 396 pacto
1042 358 1114 395 ego
1135 346 1212 384 hoc
1233 344 1364 383 tecum
1386 344 1547 383 diuido:

237 413 341 462 uide,
364 421 489 452 utram
511 413 582 452 tibi
603 414 711 452 lubet
733 412 850 451 etiam
873 426 978 450 nunc
1000 425 1149 461 capere,
1173 424 1269 460 cape
1289 410 1545 461 prouinciam.

238 480 302 518 SA.
344 479 439 529 quid
472 478 571 517 istuc
605 486 663 517 est
702 477 958 528 prouinciae?
1026 478 1105 516 STI.
1138 484 1269 514 utrum
1309 475 1478 514 Fontine
1517 489 1567 513 an

1424 541 1568 579 Libero

237 609 444 660 imperium
467 617 504 648 te
525 609 703 648 inhibere
725 608 880 647 mauis?
937 610 1000 647 SA.
1033 607 1156 645 nimio
1177 606 1329 657 liquido
1352 606 1505 644 Libero.
1587 619 1656 653 700

238 675 308 714 sed
325 674 452 713 amica
474 687 561 713 mea
582 681 619 713 et
641 682 707 713 tua
729 675 825 713 dum
854 677 1016 714 ·l⁴cenat†
1038 674 1215 722 dumque
1236 685 1277 710 se
1298 672 1470 719 exdrnat,
1494 683 1567 708 nos

1475 737 1568 773 uolo

293 811 426 843 tamen
447 805 582 843 ludere
603 803 702 843 inter
723 817 806 842 nos.
858 810 1069 853 strategum
1087 810 1124 841 te
1141 802 1242 841 facio
1259 801 1350 840 huic
1368 800 1565 840 conuiuio.

293 872 373 909 STI.
406 869 572 908 nimium
607 870 737 921 lepide
772 870 812 907 in
845 877 1018 908 mentem
1058 869 1167 907 uenit
1206 881 1324 918 quam
1364 867 1494 917 potius
1529 866 1569 904 in

1383 931 1570 970 subsellio

292 1000 428 1052 cynice
442 998 539 1054 [hic]
556 999 771 1051 accipimur
788 1013 907 1051 quam
924 999 988 1040 †in
1004 998 1177 1038 lecticis'r
1195 1001 1201 1036 1
1235 999 1298 1036 SA.
1323 997 1445 1035 immo
1462 996 1568 1035 enim

950 1064 1073 1102 nimio
1094 1063 1158 1102 hic
1181 1063 1301 1113 magis
1322 1070 1380 1101 est
1400 1062 1566 1101 dulcius.

293 1133 363 1172 sed
383 1132 549 1179 interim,
574 1140 740 1182 stratege
760 1139 902 1178 noster,
927 1144 999 1181 qur
1019 1130 1083 1168 hic
1105 1137 1230 1168 cessat
1252 1130 1491 1167 cantharus?
1589 1137 1654 1174 705

240 1198 333 1237 uide
363 1206 459 1249 quot
489 1199 652 1248 cyathos
682 1197 865 1236 bibimus.
926 1198 1006 1235 STI.
1039 1203 1097 1234 tot
1121 1202 1218 1246 quot
1248 1194 1358 1246 digiti
1379 1194 1450 1233 tibi
1480 1200 1571 1232 sunt

1371 1260 1412 1298 in
1437 1273 1567 1298 manu.

241 1328 372 1368 cantio
394 1330 581 1368 Graecast
601 1344 608 1367 t
639 1328 662 1379 ἢ
682 1329 781 1368 πέντ’
801 1327 824 1378 ἢ
843 1329 925 1379 τρία
945 1328 1018 1366 πῖν’
1039 1326 1062 1376 ἢ
1082 1326 1134 1377 μὴ
1153 1327 1320 1376 τέτταρα.

241 1397 306 1434 SA.
328 1394 399 1433 tibi
420 1394 599 1445 propino.
660 1395 873 1433 decumum
895 1407 918 1431 a
937 1394 1045 1431 fonte
1067 1391 1136 1430 tibi
1154 1398 1236 1430 tute
1256 1390 1360 1438 inde,
1383 1389 1415 1428 si
1436 1389 1550 1440 sapis.

241 1460 342 1499 bene
362 1473 446 1508 uos,
470 1461 573 1499 bene
594 1472 681 1507 nos,
701 1459 803 1498 bene
824 1466 875 1507 te,
897 1458 999 1497 bene
1027 1471 1103 1505 me,
1124 1457 1227 1496 bene
1251 1463 1424 1494 nostram
1453 1455 1571 1494 etiarn

1287 1520 1570 1571 Stephanium!

241 1593 320 1631 ST1.
352 1591 446 1631 bibe
485 1590 516 1629 si
556 1590 660 1629 bibi'.
734 1591 798 1629 SA.
840 1602 921 1628 non
954 1601 1063 1627 mora
1102 1587 1173 1627 erit
1205 1587 1311 1637 apud
1343 1600 1416 1624 me.
1488 1587 1566 1624 STI.
1589 1596 1660 1632 710

1076 1653 1219 1704 edepol
1241 1650 1400 1690 conuiui
1422 1658 1480 1689 sat
1501 1657 1572 1699 est,

242 1724 364 1762 modo
383 1728 517 1761 nostra
537 1722 615 1760 huc
635 1720 763 1759 amica
781 1721 946 1760 accedat
965 1734 972 1758 z
1002 1719 1042 1758 id
1063 1719 1188 1767 abest,
1204 1717 1310 1757 aliud
1331 1716 1428 1755 nihil
1448 1717 1582 1755 abest.-

284 1828 349 1867 696
374 1829 459 1858 m1ca
472 1825 649 1867 scm'psz'sssc
665 1824 794 1864 digitis)
812 1825 854 1861 (v,
872 1834 902 1864 p.
919 1823 1001 1865 81):
1026 1822 1132 1854 amica
1149 1822 1202 1853 P:
1276 1845 1283 1853 .
1303 1844 1311 1853 .
1333 1831 1429 1861 .cem
1443 1821 1475 1852 A
1491 1821 1571 1861 (²an

242 1871 378 1909 micem)
441 1875 514 1901 uter
535 1880 601 1903 orn.
620 1868 653 1899 A
674 1872 710 1899 ut
723 1868 787 1900 vid.
809 1868 870 1908 (iii.
894 1869 925 1903 Ι)
1045 1869 1109 1906 697
1135 1867 1223 1897 sacto
1239 1865 1272 1896 Ρ
1329 1870 1440 1896 tecum
1458 1866 1522 1896 hoc
1541 1864 1574 1895 B

241 1917 307 1953 698
332 1925 414 1954 cape
427 1925 493 1945 om.
512 1913 545 1944 A
664 1914 729 1952 699
753 1912 803 1943 vel
815 1911 1002 1951 prouinciai
1092 1910 1219 1940 fontale
1236 1908 1270 1939 Ρ
1377 1918 1436 1948 701
1463 1914 1572 1939 cessat

245 1959 352 1998 Goetz,
368 1958 495 1989 Sclzoell
510 1957 556 1997 (A
574 1968 605 1988 n.
627 1957 646 1988 I.
650 1957 682 1995 ).
700 1957 779 1997 fort.
797 1965 915 1986 cenam
983 1955 1032 1985 vel
1046 1955 1158 1993 dumq'
1252 1962 1357 1991 702—5
1373 1953 1433 1991 for
1434 1956 1452 1984 t.
1473 1952 1570 1983 tmclz.

243 2006 383 2043 systema
495 2012 557 2041 702
582 2002 699 2032 ludere
724 2001 812 2030 inter
837 2009 900 2030 nos
924 2003 1037 2029 tamen
1066 1998 1092 2037 (2
1098 1999 1109 2037 )
1133 1997 1198 2027 Leo
1286 1997 1350 2027 huc
1368 1995 1401 2025 P
1509 2005 1572 2035 703

244 2051 356 2077 mente
374 2045 405 2076 Ρ
471 2056 503 2085 p.
521 2056 552 2085 q.
574 2044 686 2076 codd.:
711 2043 820 2074 trazeci
949 2052 1012 2082 704
1037 2042 1090 2072 hic
1107 2052 1172 2072 om.
1191 2040 1223 2071 P
1302 2041 1335 2070 in
1354 2039 1450 2070 lectis
1469 2039 1570 2070 Pius:

233 2091 314 2130 fort.
336 2089 492 2120 inlectlce
510 2089 589 2128 (ut‘
603 2088 770 2120 accubuo'
798 2087 891 2118 Truc.
909 2087 988 2125 422)
1093 2085 1230 2115 nimium
1249 2084 1323 2124 (pro
1341 2084 1386 2113 -io
1399 2084 1426 2123 ἲ)
1445 2083 1496 2113 hic
1513 2083 1571 2112 A:

243 2134 296 2164 hic
314 2134 420 2173 magis
437 2138 488 2164 est
508 2133 543 2173 (z.
558 2143 581 2164 e.
602 2131 769 2171 magestz)
791 2130 836 2162 P:
862 2129 1003 2169 conflavz
1086 2139 1146 2167 707
1172 2133 1225 2159 est
1241 2137 1344 2167 greca
1360 2126 1393 2156 P
1452 2136 1572 2166 graeca

243 2182 304 2208 aut
326 2177 423 2208 νιιὸιο
445 2177 541 2207 colom
563 2180 624 2207 aut
643 2174 780 2206 omnino
796 2184 863 2204 non
879 2174 1003 2213 sctz'psz't
1018 2173 1078 2204 A:
1102 2177 1249 2212 cepente
1270 2172 1350 2210 pine
1372 2174 1406 2201 et
1430 2170 1572 2209 trispine

243 2227 334 2252 emet
352 2226 385 2252 et
402 2226 474 2251 tara
489 2220 523 2250 Ρ
652 2220 715 2258 708
740 2218 913 2249 decumam
931 2217 965 2247 Ρ
1050 2217 1108 2247 tibi
1128 2216 1214 2246 tute]
1234 2215 1326 2246 tibite
1343 2214 1376 2244 A
1466 2214 1499 2244 in
1517 2214 1576 2244 lzoc

243 2276 337 2296 versu
363 2265 466 2303 deficit
490 2263 523 2293 A
675 2273 746 2302 710
775 2272 833 2301 711
861 2261 1063 2292 retractatam
1085 2260 1214 2291 ascr'szt
1241 2260 1376 2299 Langen
1404 2257 1428 2296 (
1442 2258 1575 2297 scnplos

245 2313 282 2340 ut
300 2310 334 2339 in
356 2310 455 2340 vicem
468 2306 667 2338 concederent
683 2316 838 2338 versnmn
858 2314 985 2346 712—35
1001 2305 1008 2321 ⁷
1027 2303 1106 2344 Leo)
1199 2313 1262 2343 710
1287 2303 1362 2333 bibe
1379 2300 1574 2332 Scutamus:

244 2353 340 2384 bibes
355 2351 420 2383 cod.
494 2351 543 2382 vel
558 2351 633 2381 med
