1783 2707
115 137 186 175 IV.
207 135 252 171 iv
631 131 677 167 T.
713 127 893 167 MACCI
925 124 1130 163 PLAVTI

208 242 303 281 mihi
338 254 497 293 quoque
532 237 743 277 Lucridem
774 235 935 275 confido
966 235 1048 273 fore
1077 240 1126 271 te.
1185 233 1260 270 To.
1301 238 1342 270 tu
1373 229 1404 269 si
1433 231 1536 269 hanc

1384 294 1538 342 emeris,

149 382 189 412 80
208 386 426 424 numquam
456 371 585 409 hercle
615 369 721 406 hunc
751 378 928 405 mensem
959 369 1191 409 uortentem,
1219 361 1348 407 credo,
1376 359 1538 398 seruibit

1453 424 1534 463 tibi.

209 506 285 543 Do.
331 503 384 541 ita
422 500 539 540 uelim
580 497 741 550 quidem
781 496 921 535 hercle.
980 495 1056 532 To.
1101 499 1235 543 optata
1273 498 1315 530 ut
1353 489 1538 529 eueniant

1207 569 1366 607 operam
1387 554 1536 593 addito.

208 634 304 673 nihil
324 634 455 672 adhuc
472 630 650 682 peccauit
667 628 795 668 etiam.
846 628 922 665 Do.
946 624 1013 664 ubi
1031 632 1072 663 tu
1088 631 1180 662 nata
1196 624 1266 661 es?
1295 623 1359 659 V1.
1382 628 1425 659 ut
1441 618 1537 657 mihi
1556 622 1627 667 630

209 708 331 739 mater
352 698 457 744 dixit,
482 697 521 734 in
542 695 682 741 culina,
707 694 746 731 in
767 693 912 742 angulo
933 691 983 729 ad
1005 691 1158 728 laeuam
1182 700 1353 726 manum.

209 768 283 804 To.
316 766 413 802 haec
434 762 505 801 erit
526 761 596 800 tibi
617 762 743 798 fausta
763 756 944 796 meretrix
961 771 967 794 :
998 762 1125 793 natast
1146 753 1186 791 in
1207 752 1335 791 calido
1356 753 1456 798 loco,

152 842 191 881 85
212 830 279 868 ubi
300 842 425 867 rerum
448 826 627 865 omnium
648 825 842 863 bonarum
863 820 1014 872 copiast
1036 818 1287 869 saepissuma.

212 903 337 933 tactus
358 896 485 932 lenost
503 907 510 939 3
540 891 606 942 qui
627 897 778 940 rogaret
799 887 867 927 ubi
888 894 980 925 nata
1000 892 1102 924 esset
1124 884 1281 931 diceret,

211 960 341 1010 lepide
361 959 462 998 lusit.
524 959 600 995 Do.
632 963 671 994 at
692 968 764 1005 ego
785 952 950 1004 patriam
971 958 1009 990 te
1030 963 1124 1000 rogo
1146 962 1247 999 quae
1268 948 1316 987 sit
1337 955 1412 986 tua.
1559 950 1627 995 635

212 1030 275 1065 V1.
308 1040 409 1076 quae
430 1023 526 1063 mihi
547 1023 604 1069 sit,
621 1021 695 1060 nisi
716 1022 813 1059 haec
834 1018 903 1057 ubi
924 1030 1029 1056 nunc
1046 1016 1163 1054 sum?
1193 1016 1271 1052 Do.
1293 1021 1331 1051 at
1348 1026 1420 1063 ego
1436 1012 1543 1050 illam

1173 1092 1320 1130 quaero
1341 1091 1441 1128 quae
1461 1076 1543 1115 fuit.

215 1159 279 1195 V1.
312 1169 430 1195 omne
451 1168 524 1204 ego
545 1167 614 1204 pro
636 1151 759 1190 nihilo
780 1164 864 1189 esse
886 1150 990 1188 duco
1012 1148 1121 1198 quod
1141 1145 1224 1192 fuit,
1247 1145 1408 1195 quando
1429 1142 1525 1181 fuit:

157 1243 198 1274 90
217 1230 419 1272 tamquam
453 1219 671 1266 hominem,
706 1217 868 1267 quando
906 1213 1080 1252 animam
1119 1209 1285 1257 ecflauit,
1322 1208 1418 1259 quid
1456 1221 1547 1247 eum

1178 1287 1341 1326 quaeras
1362 1272 1429 1324 qui
1449 1272 1549 1311 fuit?

216 1355 289 1391 To.
322 1352 375 1390 ita
405 1365 468 1389 me
498 1349 537 1388 di
570 1350 672 1388 bene
708 1353 852 1393 ament,
883 1343 1078 1394 sapienter
1095 1345 1101 1380 ἱ
1157 1348 1277 1391 atque
1311 1353 1359 1378 eo
1393 1338 1550 1377 miseret

227 1454 231 1459 ,
1403 1411 1547 1442 tamen.

218 1484 287 1522 sed
308 1490 451 1528 tamen,
475 1479 596 1530 uirgo,
619 1491 720 1528 quae
745 1475 905 1528 patriast
929 1482 1006 1522 tua,
1029 1487 1100 1524 age
1125 1471 1178 1510 mi
1198 1478 1375 1510 actutum
1396 1467 1547 1520 expedi.
1569 1467 1636 1510 640

218 1547 314 1598 quid
348 1547 482 1585 taces?
526 1546 590 1582 V1.
632 1543 723 1582 dico
754 1541 939 1592 equidem
956 1555 963 1578 ι
1002 1539 1164 1589 quando
1199 1536 1263 1575 hic
1292 1535 1431 1582 seruio,
1453 1535 1552 1572 haec

1271 1600 1431 1651 patriast
1450 1612 1549 1638 mea.

221 1681 295 1717 To.
328 1677 405 1716 iam
427 1678 477 1716 de
498 1675 597 1714 istoc
618 1687 752 1724 rogare
773 1671 911 1711 omitte
935 1670 1030 1721 (non
1051 1668 1164 1708 uides
1185 1668 1290 1707 nolle
1311 1665 1443 1716 eloqui
1455 1665 1507 1717 ?)·

162 1761 202 1794 95
223 1758 273 1783 ne
293 1745 448 1782 suarum
471 1755 512 1781 se
533 1740 776 1780 miseriarum
797 1738 837 1776 in
859 1735 1090 1776 memoriam
1112 1734 1287 1773 inducas.
1348 1733 1425 1770 Do.
1458 1730 1554 1781 quid
1615 1752 1617 1755 f

1468 1803 1526 1835 est
1538 1797 1556 1834 ?

223 1882 412 1925 captusne
439 1880 497 1911 est
524 1873 663 1922 pater?
713 1872 777 1908 V1.
811 1882 892 1908 non
921 1874 1069 1918 captus,
1094 1866 1163 1905 sed
1188 1864 1297 1916 quod
1317 1861 1455 1901 habuit
1477 1858 1554 1914 [id]

1372 1926 1552 1979 perdidit.

269 2040 331 2077 627
358 2037 429 2069 sore
461 2036 509 2077 te]
544 2035 627 2075 forte
661 2034 692 2064 A
829 2035 895 2073 629
920 2037 957 2063 ut
989 2036 1101 2072 optata
1133 2029 1292 2061 eueniant
1324 2027 1379 2057 A:
1416 2031 1496 2066 opta
1521 2031 1557 2057 ut

226 2086 384 2117 eueniant
403 2084 625 2118 (conueniant
644 2083 730 2122 PBC)
745 2083 777 2113 P
906 2082 972 2119 632
996 2075 1115 2111 c‘allido
1129 2078 1161 2109 P
1291 2078 1355 2116 633
1379 2075 1556 2115 sepissime

227 2130 375 2170 (sepisse
397 2129 443 2168 Β)
469 2128 503 2159 Ρ
646 2129 711 2166 634
737 2130 847 2157 tactus
877 2130 930 2156 est
962 2125 1039 2155 leno
1070 2124 1104 2155 P
1190 2121 1314 2161 rogarit
1338 2120 1394 2151 A:
1424 2122 1558 2158 rogarat

228 2173 437 2205 Camerarius
569 2173 632 2211 635
658 2175 691 2201 te
715 2169 815 2210 rogo]
840 2168 1001 2209 qu(ae)so
1026 2166 1059 2197 A
1088 2167 1161 2206 (seq.
1186 2175 1272 2205 quae
1291 2164 1351 2199 sit)
1493 2162 1559 2200 636

226 2218 281 2257 qui
300 2217 320 2247 f.
340 2216 373 2247 A
394 2217 448 2257 (ex
464 2214 543 2254 638)
693 2215 755 2252 637
781 2214 882 2243 ducto
899 2213 931 2242 P
1081 2212 1146 2249 639
1169 2207 1227 2249 eo]
1245 2208 1401 2247 equidem
1418 2206 1452 2236 P
1465 2206 1559 2246 (2pro

226 2261 382 2300 quidem;
407 2260 441 2299 qf.
460 2259 612 2298 Skutsch,
633 2258 752 2288 Herm.
776 2267 829 2295 32,
855 2267 920 2295 94;
945 2266 989 2285 an
1002 2259 1064 2294 pro
1091 2254 1158 2293 (ac)
1185 2252 1397 2291 mequidem'e
1446 2248 1493 2288 Cf.
1515 2247 1563 2279 ad

227 2304 329 2335 Stich.
349 2306 428 2343 329]
641 2303 702 2340 641
730 2300 879 2340 quando]
909 2297 1081 2340 [patriam]
1109 2294 1379 2336 quandoquidem
1397 2292 1431 2323 P
1446 2293 1502 2331 (iv.
1527 2294 1558 2329 1)

227 2348 326 2388 haec]
341 2348 403 2378 hac
421 2345 497 2388 (ΒῙ)
515 2345 565 2377 vel
580 2345 642 2375 has
662 2343 859 2382 (B²PC1³)P
956 2341 1088 2380 642-56
1107 2345 1215 2380 pauca
1233 2340 1266 2368 in
1284 2347 1437 2368 versuum
1463 2333 1562 2366 initiis

226 2395 354 2422 servata
368 2391 399 2421 A
559 2390 623 2428 642
648 2387 760 2427 eloqui
787 2386 997 2417 Camerarius
1014 2397 1021 2416 :
1045 2384 1136 2423 loqui
1154 2383 1194 2422 P,
1213 2382 1246 2412 A
1265 2393 1297 2412 n.
1314 2381 1334 2411 l.
1496 2379 1560 2416 643

208 2474 210 2476 v
228 2436 365 2465 inducat
381 2434 499 2464 Dousa
518 2432 564 2473 (A
585 2443 617 2463 n.
636 2432 676 2473 l.)
835 2431 898 2468 644
923 2429 955 2460 id
972 2427 1031 2459 del.
1050 2427 1154 2458 Bothe
1172 2425 1219 2467 (A
1238 2436 1270 2455 n.
1291 2423 1330 2464 l.)
1348 2434 1355 2454 z
1380 2426 1455 2453 ante
1470 2420 1560 2461 quod

228 2479 301 2509 tras.
322 2477 449 2509 Schoell

1003 2522 1025 2533 A
