1731 2713
610 122 781 160 MILES
813 120 1125 159 GLORIOSVS
1452 118 1528 154 ΙΙΙ.
1550 117 1564 153 i

121 247 188 281 770
206 242 246 273 ut
277 234 340 272 hic
369 246 454 272 eam
485 232 656 271 abducat
687 231 920 280 habeatque.
982 232 1049 267 PE.
1082 227 1164 267 dari
1187 227 1309 265 istanc
1340 227 1530 264 rationem

1427 293 1529 329 uolo.

205 366 274 402 ΡΑ.
305 371 344 402 at
373 376 446 413 ego
477 362 528 400 mi
558 361 721 400 anulum
747 360 829 399 dari
858 360 985 398 istunc
1011 367 1119 397 tuom
1148 360 1251 397 uolo.
1313 359 1381 394 PE.
1414 369 1531 406 quam

1166 424 1216 461 ad
1239 436 1317 460 rem
1341 421 1426 459 usui
1448 422 1534 459 est?

206 497 274 533 ΡΑ.
291 494 452 544 quando
465 492 633 538 habebo,
646 491 761 541 igitur
775 490 965 529 rationem
983 502 1157 527 mearum
1168 487 1399 525 fabricarum
1415 486 1530 524 dabo.
1558 501 1593 535 17
1600 503 1616 534 5

207 562 274 597 PE.
307 567 425 605 utere,
448 557 594 607 accipe.
656 559 724 594 ΡΑ.
757 556 892 605 accipe
913 570 935 593 a
958 569 1019 593 me
1040 567 1172 592 rusum
1195 552 1386 590 rationem
1409 551 1490 589 doli

205 637 322 674 quam
351 622 511 661 institui.
572 624 639 659 PE.
674 620 929 671 perpurigatis
962 621 1093 658 damu'
1126 618 1196 657 tibi
1227 618 1347 655 ambo
1375 630 1535 667 operam

1362 681 1532 720 auribus.

120 767 184 802 775
207 756 274 792 ΡΑ.
307 755 384 792 eru'
399 766 509 790 meus
526 752 578 790 ita
596 764 759 801 magnus
773 752 963 788 moechus
981 749 1186 787 mulierum
1202 757 1259 786 est
1277 756 1317 786 ut
1335 747 1534 785 nerninem

204 819 321 857 fuisse
336 832 462 867 aeque
477 830 605 866 neque
619 818 791 854 futurum
807 817 936 854 credo.
987 817 1055 852 PE.
1079 815 1198 852 credo
1212 827 1285 863 ego
1300 812 1398 850 istuc
1416 812 1532 850 idem.

205 886 272 922 ΡΑ.
305 883 416 933 isque
437 881 650 920 Alexandri
671 888 866 931 praestare
888 879 1086 930 praedicat
1108 880 1272 917 formam
1295 891 1405 916 suam
1558 882 1620 912 180

204 949 336 999 itaque
357 947 484 986 omnis
506 961 547 985 se
568 948 669 985 ultro
691 946 828 985 sectari
850 945 888 983 in
912 946 1071 995 Epheso
1094 951 1284 982 memorat
1306 943 1499 981 mulieres.

208 1017 275 1053 PE.
308 1014 449 1064 edepol
471 1012 537 1063 qui
559 1020 596 1051 te
618 1014 668 1051 de
689 1011 764 1050 isto
786 1010 897 1049 multi
920 1009 1083 1060 cupiunt
1105 1022 1210 1047 nunc
1232 1008 1443 1055 mentirier,

121 1085 190 1127 780
207 1081 276 1118 sed
297 1092 370 1129 ego
391 1079 444 1117 ita
463 1092 548 1117 esse
569 1086 611 1116 ut
631 1077 729 1116 dicis
751 1086 867 1115 teneo
888 1076 1061 1126 pulchre.
1122 1074 1245 1124 proin,
1270 1073 1493 1120 Palaestrio,

207 1159 325 1196 quam
348 1144 449 1195 potis
471 1153 550 1182 tam
572 1144 694 1182 uerba
713 1143 848 1181 confer
869 1155 1050 1179 maxume
1071 1142 1121 1178 ad
1143 1139 1437 1189 compendium.

207 1213 275 1249 ΡΑ.
308 1224 474 1261 ecquam
497 1217 538 1248 tu
560 1209 662 1260 potis
684 1207 851 1258 reperire
872 1208 996 1245 forma
1017 1205 1148 1256 lepida
1169 1205 1373 1244 mulierem
1558 1207 1616 1247 185

206 1276 299 1327 quoi
320 1276 547 1314 facetiarum
568 1289 636 1314 cor
655 1282 874 1325 pectusque
896 1273 943 1311 sit
964 1274 1125 1323 plenum
1147 1279 1185 1310 et
1206 1270 1320 1309 doli?

206 1344 275 1380 PE.
307 1342 570 1392 ingenuamne
591 1354 641 1378 an
663 1339 916 1378 libertinam?
959 1339 1027 1376 PA.
1051 1337 1167 1387 aequi
1188 1337 1288 1375 istuc
1309 1336 1423 1384 facio,
1440 1337 1536 1374 dum

1415 1402 1536 1440 modo

119 1477 184 1522 785
205 1488 292 1513 eam
313 1475 382 1512 des
404 1486 506 1523 quae
526 1472 574 1511 sit
595 1479 843 1522 quaestuosa,
868 1469 968 1521 quae
989 1471 1067 1508 alat
1088 1482 1229 1519 corpus
1251 1480 1427 1518 corpore,

206 1539 379 1590 quoique
411 1539 535 1590 sapiat
567 1546 703 1589 pectus
720 1553 729 1586 3
771 1551 862 1576 nam
895 1550 962 1575 cor
1000 1549 1081 1574 non
1121 1542 1251 1586 potest
1286 1535 1394 1584 quod
1428 1534 1537 1571 nulla

1403 1599 1534 1637 habet.

207 1672 275 1709 PE.
308 1672 453 1709 lautam
479 1669 537 1708 uis
567 1683 617 1708 an
648 1682 749 1720 quae
779 1669 959 1707 nondum
990 1666 1038 1705 sit
1068 1667 1204 1704 lauta?
1263 1667 1330 1702 ΡΑ.
1364 1664 1419 1702 sic
1446 1677 1538 1702 con·
1561 1681 1620 1711 190

1261 1736 1268 1740 '
1344 1729 1535 1776 sucidam,

207 1816 325 1852 quam
347 1801 643 1852 lepidissumam
665 1799 767 1850 potis
789 1811 988 1849 quamque
1008 1798 1304 1837 adulescentem
1326 1808 1519 1833 maxume.

251 1916 313 1946 770
337 1906 469 1937 abducit
480 1905 545 1937 cod.
639 1905 688 1936 vel
702 1905 867 1943 abeatque
891 1903 950 1942 (ita
971 1902 1055 1934 cod)
1149 1902 1230 1931 dare
1252 1900 1317 1931 cod.
1339 1901 1415 1940 (pro
1433 1899 1494 1929 -rei
1509 1899 1535 1939 ἒ)

208 1960 265 1990 771
293 1961 390 1990 quam
409 1951 450 1981 ad
467 1960 537 1980 rem
553 1948 786 1980 Camerarius:
811 1953 985 1987 quamatre
1003 1946 1067 1977 cod.
1087 1948 1162 1985 (pro
1178 1946 1367 1984 quamatre)
1475 1953 1537 1982 772

207 1995 336 2025 ratione
360 1993 424 2024 cod.
570 2003 631 2032 774
657 1992 764 2022 institi
788 1991 962 2021 Fleckeisen
989 1990 1118 2028 (jahrb.
1147 1989 1248 2019 Class.
1276 1987 1360 2018 Pln'l.
1380 1988 1432 2025 67,
1456 1988 1535 2025 405)

207 2038 256 2068 vel
265 2038 323 2069 Px..
381 2037 430 2068 vel
438 2037 651 2077 perpurgatis
664 2037 724 2075 (ila
734 2035 816 2073 cod.)
871 2035 968 2064 ambo
981 2035 1098 2065 damus
1110 2033 1167 2063 tibi
1182 2032 1263 2062 cod.:
1281 2032 1352 2061 irai.
1364 2030 1537 2060 Fleckeisen

208 2083 271 2120 776
295 2082 398 2112 fuisse
427 2091 534 2120 aeque
562 2080 656 2110 Ilal.:
686 2079 803 2109 suisset
829 2083 928 2117 atque
953 2077 1020 2109 cod.
1110 2077 1158 2106 vel
1188 2076 1245 2107 PL.
1334 2074 1443 2105 istunc
1470 2072 1533 2104 cod.

208 2135 269 2164 777
295 2126 389 2164 isque
407 2123 492 2155 Leo:
517 2124 631 2163 itaque
648 2122 713 2154 cod.
732 2122 785 2162 (cf.
802 2133 830 2153 v.
854 2122 951 2160 778):
977 2126 1077 2159 atque
1096 2119 1231 2150 Ribbeck
1363 2119 1424 2157 778
1445 2117 1536 2146 omni

207 2178 244 2198 se
260 2168 325 2199 cod.
460 2178 523 2207 779
548 2165 636 2197 nu'nc
648 2165 840 2196 Acidalius:
867 2175 935 2195 non
954 2164 1017 2195 cod.
1040 2164 1108 2203 (vii.
1127 2166 1161 2203 2)
1252 2162 1425 2192 mentirier
1437 2161 1509 2190 Ital.
1530 2172 1537 2191 :

207 2213 352 2242 mentier
369 2212 506 2251 (metier
526 2210 614 2245 PCD)
637 2209 701 2240 cod.
854 2209 913 2248 781
939 2208 990 2239 vcl
1007 2213 1105 2248 potes
1254 2207 1316 2245 783
1342 2205 1535 2235 facetiarum

209 2255 441 2286 Camerarius:
477 2255 631 2285 satiarum
659 2252 724 2284 cod.
826 2262 885 2282 cor
915 2256 1102 2292 pectusque
1129 2249 1312 2280 Dziatzkot
1345 2258 1536 2288 corpusque

207 2298 296 2330 cod.:
331 2309 388 2329 cor
413 2308 603 2338 corpusque
629 2297 841 2328 Camerarius
983 2296 1044 2334 784
1071 2295 1299 2333 ingenuumne
1328 2293 1415 2322 hanc
1438 2291 1538 2321 liber-

208 2343 321 2373 tinam.
385 2342 443 2372 ΡΑ.
470 2346 572 2380 atque
598 2341 682 2371 istuc
703 2339 943 2381 saci0[m³3dum
970 2339 1179 2378 (faciundum
1206 2336 1245 2376 Β,
1272 2335 1329 2366 sed
1349 2336 1386 2376 cf.
1410 2346 1438 2365 v.
1456 2336 1535 2373 652)

209 2387 307 2416 modo
343 2385 432 2417 cod.:
473 2395 550 2415 corr.
589 2384 675 2422 Ital„
708 2383 898 2418 Lambinus
1045 2382 1107 2421 786
1130 2391 1206 2412 nam
1238 2380 1339 2410 Ima:
1372 2380 1437 2409 iam
1468 2377 1532 2409 cod.

210 2430 271 2468 787
295 2429 338 2460 sit
356 2429 477 2459 lautam
497 2427 562 2458 cod.
581 2452 583 2454 .
716 2427 779 2466 788
803 2436 1003 2466 quamquem
1024 2425 1241 2466 (quamquam
1260 2424 1306 2464 Β)
1324 2422 1389 2454 cod.
