1783 2707
171 142 199 179 I.
223 142 251 178 ii
639 142 683 177 T.
719 140 898 179 MACCI
932 141 1133 177 PLAVTI

327 251 426 289 duas
446 251 581 289 secum
601 249 776 296 adduxit,
799 247 947 299 quique
966 249 1174 287 adornaret
1195 248 1269 287 sibi

330 324 371 354 ut
392 329 472 354 rem
494 315 669 354 diuinam
692 313 818 361 faciat,
840 321 907 351 aut
928 313 1048 352 hodie
1068 320 1135 352 aut
1156 313 1247 352 heri.
1573 325 1639 358 130

331 383 405 419 DA.
438 394 518 418 non
540 380 681 426 hercle,
699 380 947 426 adulescens,
963 378 1040 416 iam
1061 379 1134 417 hos
1155 378 1237 417 dies
1258 379 1549 428 complusculos

329 458 569 496 quemquam
592 444 677 482 istic
699 443 781 482 uidi
802 444 1032 482 sacruficare
1053 456 1182 493 neque
1202 450 1331 492 potest

157 525 199 558 45
330 513 430 550 clam
453 524 514 549 me
536 523 620 549 esse
642 509 671 548 si
694 509 760 559 qui
783 510 1011 547 sacruficat:
1042 521 1196 558 semper
1216 515 1354 559 petunt

326 590 470 626 aquam
492 576 583 614 hinc
604 582 671 613 aut
693 575 823 625 ignem
844 582 911 612 aut
932 575 1092 612 uascula
1107 581 1174 612 aut
1189 574 1356 612 cultrum
1373 581 1439 611 aut
1455 586 1550 612 ueru

308 650 393 680 aut
413 643 542 680 aulam
564 648 746 688 extarem‚
769 648 837 678 aut
857 638 1158 689 aliquid—quid
1179 637 1309 677 uerbis
1330 639 1476 688 opust?
1540 624 1561 628 „
1575 651 1635 688 135

328 707 473 746 Veneri
494 706 628 757 paraui
650 719 742 743 uasa
764 713 801 743 et
822 713 997 755 puteum,
1021 718 1101 743 non
1123 703 1228 742 mihi.

329 786 434 811 nunc
455 771 703 810 interuallum
726 771 803 808 iam
825 772 898 809 hos
919 770 1003 809 dies
1025 770 1168 807 multos
1189 768 1271 807 fuit.

159 852 201 885 50
330 840 396 876 PL.
429 845 471 876 ut
492 837 612 876 uerba
633 836 852 886 praehffies,
877 849 939 874 me
960 834 1118 885 periisse
1140 833 1350 884 praedicas.

333 905 407 941 DA.
441 916 529 941 mea
549 901 711 952 quidem
734 903 865 939 hercle
886 913 1023 939 caussa
1045 901 1173 938 saluos
1195 899 1246 937 sis
1266 898 1367 937 licet.

328 970 388 1007 Sc.
420 970 517 1007 heus
539 975 579 1005 tu
601 966 667 1017 qui
689 968 779 1004 fana
800 965 947 1004 uentris
968 979 1105 1003 caussa
1125 963 1316 1012 circumis,
1576 977 1640 1009 140

328 1034 462 1073 iubere
484 1031 638 1071 meliust
660 1031 870 1082 prandium
892 1030 1019 1069 ornari
1040 1030 1159 1069 domi.

331 1101 406 1137 DA.
439 1099 601 1137 fortasse
622 1104 662 1134 tu
685 1097 762 1134 huc
784 1103 949 1134 uocatus
970 1108 1011 1134 es
1031 1096 1081 1133 ad
1102 1094 1323 1146 prandium,

160 1178 200 1212 55
329 1164 379 1202 ill'
400 1163 467 1214 qui
489 1161 646 1202 uocauit
667 1162 797 1199 nullus
819 1160 957 1199 uenit?
1015 1162 1080 1198 PL.
1112 1161 1342 1199 admodum.

329 1232 391 1268 SC.
423 1230 612 1267 nullumst
633 1226 822 1277 periclum
845 1233 884 1264 te
904 1225 996 1263 hinc
1018 1225 1071 1264 ire
1091 1225 1317 1275 inpransum
1340 1225 1504 1264 domum
1522 1239 1529 1262 :

330 1296 513 1334 Cererem
535 1301 572 1331 te
594 1290 784 1343 melius<t>
806 1304 926 1341 quarn
947 1292 1144 1328 Venerem
1166 1289 1370 1329 sectarier:
1576 1301 1637 1337 145

328 1359 452 1399 amori
472 1361 569 1397 haec
590 1365 698 1397 curat
714 1371 724 1405 3
753 1356 882 1395 tritico
902 1364 1010 1394 curat
1032 1357 1161 1395 Ceres.

332 1428 397 1464 PL.
431 1423 701 1464 deludificauit
723 1436 787 1461 me
808 1422 872 1461 ille
893 1423 1016 1460 homo
1036 1420 1207 1471 indignis
1228 1419 1367 1459 modis.

160 1496 204 1530 60
334 1493 410 1529 DA.
443 1504 512 1541 pro
533 1489 573 1529 di
594 1490 822 1528 inmortales
840 1490 846 1526 l
877 1487 974 1537 quid
995 1487 1086 1525 illuc
1107 1494 1174 1532 est,
1199 1484 1423 1535 Sceparnio,

331 1556 537 1595 hominum
559 1556 779 1594 secundum
801 1553 921 1591 litus?
979 1555 1040 1591 SC.
1073 1560 1115 1589 ut
1137 1565 1224 1589 mea
1244 1550 1416 1601 opiniost

330 1629 487 1672 propter
507 1620 613 1659 uiam
634 1619 688 1658 illi
710 1626 800 1658 sunt
821 1617 951 1656 uocati
972 1618 1022 1655 ad
1043 1615 1263 1667 prandium.
1578 1629 1641 1665 150

332 1689 410 1725 DA.
441 1686 536 1738 qui?
594 1688 656 1726 SC.
689 1684 782 1735 quia
801 1690 890 1733 post
911 1695 1062 1730 cenam,
1085 1682 1215 1728 credo,
1238 1682 1417 1718 lauerunt
1437 1679 1529 1718 heri.

334 1754 409 1790 DA.
441 1753 640 1791 confracta
661 1749 773 1788 nauis
794 1748 834 1786 in
855 1746 951 1786 mari
972 1754 1031 1785 est
1051 1745 1135 1784 illis.
1196 1747 1257 1784 SC.
1290 1745 1343 1783 ita
1363 1753 1430 1784 est.

162 1820 203 1861 65
331 1825 370 1856 at
391 1819 519 1856 hercle
542 1816 656 1855 nobis
677 1814 769 1853 uilla
790 1813 830 1851 in
851 1820 951 1851 terra
971 1819 1009 1850 et
1030 1813 1191 1861 tegulae.
1255 1812 1331 1848 DA.
1363 1809 1430 1848 hui
1449 1813 1454 1847 l

332 1882 562 1921 homunculi
584 1879 721 1932 quanti
741 1878 833 1918 estis
851 1881 857 1916 l
887 1877 1002 1916 eiecti
1022 1884 1064 1915 ut
1084 1884 1220 1915 natant
1238 1878 1244 1913 1
1578 1884 1685 1921 154—5

334 1950 400 1985 PL.
433 1947 501 1986 ubi
531 1954 621 1985 sunt
648 1945 683 1985 ei
710 1943 903 1989 homines,
930 1943 1124 1992 opsecro?
1182 1943 1257 1979 DA.
1289 1942 1362 1979 hac
1389 1941 1439 1979 ad
1467 1942 1554 1979 dex-

1433 2014 1552 2044 teram

335 2078 472 2129 (uiden
485 2078 518 2130 ?)
540 2078 759 2117 secundum
780 2075 881 2113 litus.
944 2076 1010 2111 PL.
1045 2072 1172 2111 uideo.
1233 2071 1452 2122 sequimini.

274 2194 331 2223 132
356 2183 406 2214 vel
419 2183 473 2214 isti
610 2192 669 2220 142
695 2192 731 2212 es
748 2190 821 2211 noc.
841 2180 904 2209 huc
928 2178 958 2209 T
971 2182 1006 2208 ut
1023 2176 1082 2207 vid.
1223 2186 1282 2215 143
1307 2176 1362 2206 ille
1380 2176 1435 2215 qui
1456 2175 1529 2207 Ilal.
1546 2186 1552 2205 z

226 2226 284 2258 illu
309 2228 357 2258 tui
382 2227 447 2258 cod.
599 2236 657 2265 145
683 2225 841 2256 Cererem
865 2222 937 2252 Ital.
957 2233 962 2252 :
1000 2231 1134 2261 preren]
1160 2219 1224 2251 cod.
1342 2220 1462 2250 melius
1486 2219 1551 2250 cod.

224 2271 387 2302 sectarier
425 2271 657 2301 Camerarius:
690 2267 878 2309 spectarier
908 2265 972 2296 cod.
1147 2266 1207 2303 146
1230 2263 1333 2294 amori
1365 2261 1552 2293 Memmius:

224 2326 374 2346 amorem
389 2314 455 2345 cod.
473 2314 509 2354 (i.
524 2314 560 2352 9)
638 2323 696 2351 147
722 2311 788 2342 illic
806 2311 838 2342 h.
862 2310 1027 2340 usitatum
1103 2319 1159 2347 ¹49
1183 2312 1220 2338 ut
1236 2306 1366 2337 Merula
1383 2317 1389 2336 :
1416 2310 1471 2336 aut
1486 2305 1550 2337 cod.

225 2363 277 2389 est
293 2360 411 2398 opinio
426 2357 490 2389 cod.
506 2369 513 2388 ε
538 2357 611 2388 tmi.
628 2356 708 2387 Reiz
756 2364 826 2394 154,
845 2362 904 2392 155
928 2356 1045 2383 natant
1056 2351 1247 2381 Priscianus
1268 2361 1292 2388 1,
1313 2361 1373 2389 109
1389 2361 1395 2380 ι
1420 2354 1554 2380 natrant

225 2403 378 2445 (narrant
395 2402 483 2443 PBG)
503 2401 569 2432 cod.
695 2400 755 2438 156
779 2398 825 2439 ei]
846 2398 878 2427 hi
897 2396 958 2436 (2i)
976 2395 1041 2426 cod.
1060 2394 1173 2426 nt'vt'd.
1201 2394 1343 2434 (vixpro
1360 2393 1465 2433 hisce)

977 2519 1000 2530 l
