1783 2707
178 488 222 520 40

177 814 217 845 45

178 1139 218 1170 50

663 104 709 141 Τ.
743 102 924 142 MACCI
955 101 1161 140 PLAVTI

293 213 360 264 qui
381 214 472 252 huic
493 227 534 252 es
555 215 754 260 molestus,
777 226 828 251 an
849 214 992 251 malam
1013 225 1095 250 rem
1117 210 1340 261 quaeritas?

294 281 425 317 ANTA.
458 283 555 329 †qur
584 281 690 318 non†
717 276 943 324 adhibuisti,
967 277 1063 315 dum
1084 275 1203 314 istaec
1228 276 1401 325 loquere,
1424 281 1570 325 tympa-

1442 352 1537 377 num
1553 341 1570 378 ?

295 422 386 447 nam
408 416 446 447 te
467 408 677 447 cinaedum
699 421 784 446 esse
803 406 968 445 arbitror
988 405 1101 456 magi'
1123 418 1241 456 quam
1262 404 1402 443 uirum.

294 475 369 512 AG.
403 473 485 512 scin
507 486 625 523 quam
647 472 835 511 cinaedus
856 473 973 510 sum?
1003 470 1055 509 ite
1076 470 1201 518 istinc,
1225 468 1337 516 serui,
1360 469 1472 516 foras,

294 540 437 577 ecferte
458 538 578 576 fustis.
638 540 770 576 ANTA.
804 538 901 575 heus
923 544 975 583 tu,
999 535 1030 574 si
1051 535 1147 586 quid
1167 548 1235 586 per
1255 533 1386 573 iocum
1592 548 1682 584 1320

294 604 383 651 dixi,
406 604 530 643 nolito
551 603 591 642 in
612 603 755 642 serium
777 610 1019 642 conuortere.

293 672 425 708 ANTE.
458 670 554 720 quid
576 670 647 709 tibi
671 669 860 717 lubidost,
881 683 1056 719 opsecro,
1081 666 1404 714 Antamoenides,

294 735 402 785 loqui
423 735 680 774 inclementer
699 742 834 773 nostro
855 742 1024 784 cognato
1046 741 1083 772 et
1103 732 1234 784 patri?

294 814 385 839 nam
406 800 470 839 hic
491 808 623 840 noster
643 808 752 850 pater
772 808 830 839 est
846 815 854 847 3
884 800 948 838 hic
968 813 1041 838 nos
1062 797 1248 849 cognouit
1266 798 1386 836 modo

293 874 330 905 et
350 867 456 904 hunc
477 866 536 905 sui
557 865 681 904 fratris
703 866 858 904 filium?
914 867 1047 903 ANTA.
1079 864 1132 902 ita
1153 877 1215 902 me
1237 862 1414 913 Iuppiter
1590 871 1676 909 1325

293 932 394 971 bene
415 940 530 980 amet,
553 933 656 971 bene
676 933 823 970 factum
841 935 847 969 1
877 932 1032 981 gaudeo
1053 938 1091 969 et
1112 931 1234 980 uolup
1255 937 1313 967 est
1333 928 1430 966 mihi

293 997 488 1047 siquidem
510 997 606 1047 quid
626 997 760 1036 lenoni
780 996 919 1047 optigit
939 995 1070 1046 magni
1092 994 1183 1033 mali

293 1076 494 1112 quomque
515 1076 536 1100 6
556 1062 699 1100 uirtute
721 1061 834 1100 uobis
856 1062 1011 1099 fortuna
1031 1059 1181 1110 optigit.

292 1130 423 1165 ANTE.
456 1127 643 1166 credibile
665 1134 816 1166 ecastor
836 1126 941 1165 dicit.
1001 1126 1117 1164 crede
1138 1124 1240 1171 huic,
1265 1124 1317 1162 mi
1338 1132 1456 1174 pater.

293 1193 374 1231 HA.
406 1193 536 1231 credo.
596 1193 670 1231 AG.
703 1199 741 1231 et
762 1205 835 1242 ego
856 1192 985 1230 credo.
1045 1191 1114 1229 sed
1135 1203 1272 1229 eccum
1297 1191 1481 1228 lenonem
1502 1203 1568 1240 op-
1590 1203 1678 1238 1330

1446 1263 1565 1302 tume,

291 1324 419 1361 credo.
480 1324 613 1360 ANTA.
656 1330 694 1361 et
733 1335 806 1373 ego
845 1323 973 1360 credo.
1037 1323 1114 1359 Ao.
1160 1321 1302 1370 edepol
1350 1319 1413 1358 hic
1460 1319 1569 1358 uenit

1318 1385 1564 1424 commodus.

293 1453 442 1491 bonum
464 1452 591 1491 uirum
613 1466 751 1491 eccum
773 1451 905 1500 uideo,
927 1465 968 1490 se
988 1450 1125 1501 recipit
1146 1452 1321 1490 domum.

292 1516 390 1570 [HA.
422 1518 508 1568 quis
529 1518 593 1557 hic
614 1520 704 1557 est?
750 1520 826 1556 AG.
849 1517 1042 1556 utrumuis
1063 1524 1134 1565 est,
1150 1518 1214 1556 uel
1234 1518 1325 1555 leno
1341 1518 1404 1555 uel
1425 1518 1564 1567 Lycus.

290 1582 330 1620 in
352 1583 538 1622 seruitute
559 1583 623 1622 hic
644 1583 741 1621 filias
762 1583 900 1621 habuit
920 1590 1006 1621 tuas

291 1656 328 1686 et
349 1648 402 1686 mi
422 1648 504 1687 auri
526 1650 586 1686 fur
605 1656 673 1687 est.
718 1650 800 1686 HA.
823 1648 971 1687 bellum
992 1647 1206 1694 hominem,
1227 1660 1345 1697 quem
1366 1645 1522 1685 noueris
1540 1644 1564 1699 1]
1589 1658 1673 1696 1335

289 1713 484 1763 rapiamus
501 1713 539 1751 in
555 1714 623 1752 ius.
659 1715 739 1751 HA.
759 1713 932 1752 minime.
975 1715 1049 1752 AG.
1068 1714 1335 1763 quapropter?
1374 1714 1454 1750 HA.
1473 1711 1578 1762 quia,

289 1778 514 1817 iniuriarum
537 1780 661 1817 multo
681 1778 816 1817 induci
837 1778 956 1817 satius
977 1786 1044 1817 est.

282 1891 363 1920 1317
389 1891 492 1912 curne
506 1882 608 1912 Bothe
622 1894 626 1911 t
653 1883 731 1921 quin
755 1882 889 1922 Geppert
902 1882 954 1922 (cf.
971 1881 1146 1912 adPseud.
1158 1880 1238 1922 501)
1328 1880 1439 1912 adhib.
1455 1880 1508 1921 (cs.
1522 1880 1568 1912 ad

235 1924 332 1956 Most.
364 1926 442 1963 598)
591 1927 672 1964 1318
698 1926 841 1956 cinaedu
866 1925 898 1955 A
990 1926 1039 1957 vel
1061 1936 1157 1965 mage
1304 1935 1387 1964 1320
1404 1925 1514 1955 fuistis
1530 1924 1563 1954 A

239 1979 320 2006 1322
345 1969 400 2007 qui
428 1968 564 2009 Sqiffirt
663 1980 700 2000 es
728 1969 761 1999 P
782 1970 848 2007 (est
877 1967 951 2007 Cl):
977 1979 1041 1999 om.
1058 1969 1092 1998 A
1245 1978 1327 2007 1323
1351 1969 1564 1999 indementer

234 2011 268 2041 P
282 2012 372 2052 (corr.
394 2012 440 2053 D)
590 2023 670 2052 1327
699 2013 864 2052 siquidem
882 2013 962 2052 quid
982 2012 1213 2043 Camerarius:
1247 2012 1354 2052 siquid
1372 2012 1404 2041 A
1425 2023 1431 2042 :
1459 2012 1563 2051 siqui-

234 2056 308 2086 dern
327 2054 360 2084 Ρ
469 2066 553 2096 1330
578 2056 733 2096 optume]
752 2057 862 2096 lycum
880 2056 914 2086 Ρ
928 2058 974 2097 (v.
1000 2066 1013 2086 1
1027 2057 1053 2096 ἒ)
1178 2065 1257 2095 1331
1285 2066 1350 2086 om.
1370 2055 1404 2085 P
1418 2058 1568 2096 (propter

232 2099 455 2130 lzmuoeoarclz.
467 2102 493 2136 3)
611 2106 643 2130 et
675 2100 793 2140 scripsi
821 2099 871 2140 (cf.
905 2110 934 2130 v.
972 2100 1091 2139 133ο);
1129 2103 1163 2130 at
1194 2099 1260 2130 cod.
1421 2109 1501 2138 1332
1525 2109 1563 2129 se

234 2143 369 2183 recipit]
398 2144 660 2183 ir‘hedeunfiste‘m
678 2143 711 2172 A
850 2153 974 2182 1333-5
1000 2143 1052 2183 (cf.
1081 2143 1223 2181 1382-4)
1249 2153 1312 2173 om.
1335 2142 1379 2181 A,
1400 2141 1566 2181 nisiquod

233 2186 325 2216 verba
343 2187 419 2225 quis
438 2187 524 2217 hicst
538 2188 608 2225 (sicss
629 2187 662 2216 in
670 2187 743 2226 fine
764 2198 793 2217 v.
817 2197 898 2226 1332
910 2187 1031 2217 exhibet
1046 2187 1197 2223 :Rscilt'ccte
1210 2187 1359 2226 margine
1371 2186 1564 2225 exemplans

233 2234 367 2270 sumpta
379 2244 393 2261 v.
444 2229 675 2260 Retracmtoms·
690 2241 755 2261 esse
771 2230 924 2261 videntur
1056 2240 1136 2269 1333
1161 2229 1215 2260 uel
1233 2230 1310 2260 leno
1329 2229 1383 2259 uel
1400 2240 1430 2260 v.
1455 2230 1537 2267 1382
1555 2240 1561 2259 :

234 2278 267 2303 et
285 2272 363 2303 leno
380 2273 446 2303 cod.
583 2282 664 2312 1335
689 2274 768 2304 mihi
782 2285 809 2306 v.
830 2274 912 2313 1384
927 2285 933 2305 z
960 2273 1042 2304 mihi
1059 2274 1112 2304 hic
1128 2273 1195 2304 cod.
1332 2274 1416 2312 1336
1441 2273 1472 2302 in
1490 2271 1559 2313 ius]

235 2317 322 2346 intus
338 2317 371 2347 P
504 2326 582 2355 1337
601 2317 702 2347 indici
719 2316 752 2346 A
