1783 2707
172 144 239 180 IV.
263 142 292 178 ii
672 141 716 176 T.
752 139 930 177 MACCI
963 139 1164 176 PLAVTI

265 256 326 291 Sv.
360 255 429 291 has
450 252 629 302 regiones
650 250 935 290 demonstrauit
957 250 1051 288 mihi
1073 250 1136 289 ille
1158 252 1375 290 conductor
1397 263 1506 289 meus
1521 264 1531 297 ,-

209 336 221 356 2
229 336 246 366 5
265 320 370 368 apud
392 317 474 356 illas
496 317 605 356 aedis
626 316 823 355 sistendae
845 315 939 353 mihi
961 322 1050 353 sunt
1072 315 1360 366 sycophantiae.

266 385 366 422 fores
380 383 554 433 pultabo.
600 384 676 422 CH.
707 382 758 420 ad
774 388 925 419 nostras
942 380 1050 419 aedis
1067 380 1292 431 hicquidem
1311 380 1430 418 habet
1446 387 1591 418 rectam

1474 445 1589 483 uiam.

266 515 395 553 hercle
416 513 555 564 opinor
576 512 628 550 mi
649 511 878 551 aduenienti
899 512 972 549 hac
999 518 1119 549 noctu
1143 510 1407 561 agitandumst
1428 510 1588 560 uigilias.

267 581 331 619 ΞΥ.
366 578 512 630 aperite
539 579 625 625 hoc,
656 576 812 627 aperite.
872 577 980 623 heus,
1007 575 1142 626 ecquis
1169 575 1228 614 his
1255 575 1402 615 foribus
1429 576 1591 614 tutelam
1611 580 1680 623 870

1465 640 1561 690 gerit
1576 642 1593 678 ?

267 712 343 752 CH.
376 709 482 761 quid,
501 710 744 755 adulescens,
761 707 944 758 quaeris?
974 707 1070 757 quid
1090 706 1178 746 uis?
1207 707 1303 757 quid
1324 706 1415 745 istas
1436 707 1593 756 pultas?

1247 774 1310 811 Sv.
1343 773 1440 811 heus
1461 785 1590 818 senex,

210 857 248 888 30
267 854 407 879 census
429 854 549 891 quom
570 838 701 891 (sum),
726 838 883 877 iuratori
906 846 1009 877 recte
1030 837 1220 877 rationem
1241 837 1344 877 dedi.

269 905 535 944 Lesbonicum
556 904 619 943 hic
640 905 936 944 adulescentem
958 917 1104 954 quaero
1124 903 1164 941 in
1185 903 1244 942 his
1265 903 1489 954 regionibus

267 971 334 1010 ubi
355 971 516 1018 habitet,
539 978 576 1009 et
598 969 691 1009 item
712 971 877 1008 alterum
898 970 949 1008 ad
970 968 1094 1007 istanc
1112 967 1248 1019 capitis
1268 968 1528 1007 albitudinem
1546 983 1553 1006 ε

267 1036 470 1077 Calliclem
491 1036 620 1074 aiebat
642 1035 773 1074 uocari
796 1034 862 1085 qui
884 1036 953 1073 has
976 1034 1085 1074 dedit
1106 1033 1158 1072 mi
1180 1033 1375 1084 epistulas.
1613 1041 1677 1085 375

267 1104 344 1142 CH.
378 1115 509 1141 meum
531 1109 692 1152 gnatum
715 1100 943 1151 hicquidem
973 1099 1240 1139 Lesbonicum
1268 1099 1418 1150 quaerit
1445 1107 1482 1138 et
1502 1100 1595 1138 ami-

1350 1179 1440 1204 cum
1463 1179 1594 1204 meum

206 1250 247 1282 35
267 1235 361 1284 quoi
382 1247 454 1284 ego
475 1233 698 1283 liberosque
720 1234 906 1282 bonaque
927 1231 1219 1279 commendaui,
1243 1231 1457 1272 Calliclem.

267 1301 330 1338 ΞΥ.
363 1300 422 1337 fac
450 1312 523 1346 me,
547 1298 577 1337 si
606 1298 690 1345 scis,
721 1297 925 1337 certiorem
953 1299 1073 1337 hosce
1100 1297 1281 1337 homines
1308 1297 1375 1336 ubi
1403 1297 1591 1345 habitent,

1472 1370 1592 1413 pater.

266 1430 342 1469 CH.
376 1429 471 1480 quid
492 1443 559 1468 eos
580 1429 763 1479 quaeris?
791 1436 857 1467 aut
878 1428 965 1479 quis
990 1430 1060 1468 es?
1088 1436 1155 1467 aut
1176 1430 1282 1467 unde
1303 1431 1373 1467 es?
1400 1436 1467 1467 aut
1487 1430 1594 1468 unde

1401 1494 1565 1533 aduenis
1579 1496 1595 1533 ?

266 1562 328 1599 ΞΥ.
363 1562 484 1598 multa
504 1559 619 1598 simul
641 1559 792 1610 rogitas,
816 1560 951 1598 nescio
974 1559 1070 1610 quid
1091 1559 1296 1610 expediam
1318 1559 1591 1610 potissumum.
1613 1563 1682 1598 880

267 1625 297 1664 si
319 1639 442 1664 unum
465 1624 654 1676 quicquid
676 1624 900 1675 singillatim
924 1632 962 1664 et
983 1625 1138 1676 placide
1160 1626 1455 1676 percontabere,

204 1708 247 1738 40
266 1698 304 1730 et
325 1704 457 1730 meum
479 1691 626 1729 nomen
648 1697 685 1728 et
707 1703 794 1729 mea
814 1691 916 1729 facta
937 1698 975 1729 et
996 1690 1134 1730 itinera
1155 1704 1227 1740 ego
1248 1692 1336 1730 faxo
1357 1690 1465 1729 scias.

267 1758 344 1796 CH.
392 1755 532 1795 faciam
573 1755 626 1794 ita
665 1763 707 1794 ut
747 1755 816 1793 uis.
878 1757 1047 1806 agedum
1087 1769 1235 1795 nomen
1275 1764 1385 1795 tuom
1424 1755 1593 1806 primum

1289 1834 1465 1860 memora
1485 1820 1591 1859 mihi.

267 1887 329 1925 ΞΥ.
363 1899 548 1937 magnum
571 1886 721 1925 facinus
746 1885 940 1937 incipissis
960 1894 1102 1937 petere.
1164 1888 1240 1927 CH.
1273 1886 1370 1937 quid
1391 1886 1472 1925 ita?
1528 1887 1590 1924 Sv.

1348 1951 1452 2002 quia,
1473 1958 1591 2002 pater,

311 2058 374 2088 868
400 2057 522 2096 putabo
544 2056 612 2087 cod.
724 2057 824 2087 habet
846 2056 920 2088 Ital.
940 2067 946 2087 ε
980 2057 1099 2087 habeat
1121 2056 1186 2088 cod.
1340 2058 1404 2096 869
1428 2056 1477 2087 vel
1489 2056 1591 2096 opino

268 2102 327 2140 871
355 2102 421 2132 heu
439 2100 503 2132 cod.
649 2101 712 2139 872
736 2111 809 2130 sum
827 2099 901 2130 add.
922 2100 1094 2131 Acidalius
1185 2100 1360 2142 posthunc
1373 2111 1401 2133 v.
1421 2099 1486 2132 Leo
1497 2099 1594 2130 credi!

267 2156 294 2177 v.
314 2143 510 2176 huiusmodi
522 2143 670 2175 excidisse
714 2144 780 2174 Cu.
809 2145 986 2183 responde,
1014 2150 1199 2175 monstrare
1224 2145 1282 2175 tibi
1307 2154 1392 2183 quos
1414 2144 1547 2183 quaeris
1564 2143 1591 2173 si

268 2188 405 2227 possim.
454 2189 511 2219 ΞΥ.
529 2189 669 2227 eloquar
788 2188 850 2226 873
876 2188 954 2218 hinc
973 2187 1149 2228 Naeppzwdzy
1281 2189 1343 2228 874
1369 2193 1402 2219 et
1419 2199 1483 2218 om.
1501 2186 1590 2218 codd.

268 2232 372 2263 Nonii
387 2243 427 2272 73
518 2232 626 2263 istane
645 2231 710 2262 cod.
731 2243 736 2262 :
761 2230 865 2270 ipsam
882 2230 968 2261 codd.
987 2231 1092 2261 Nouii
1229 2232 1292 2270 875
1318 2232 1395 2262 mihi
1414 2231 1505 2262 dedit
1520 2230 1593 2260 Ρ(Π

267 2278 329 2315 877
355 2277 404 2307 vel
421 2275 512 2316 quoii
646 2276 709 2314 878
733 2275 760 2305 si
794 2275 839 2304 sis
861 2275 1002 2304 certiore
1031 2275 1096 2307 cod.
1187 2275 1281 2305 hisce
1307 2274 1392 2314 Ital,
1410 2275 1491 2314 sot-l.
1524 2276 1596 2303 recle

268 2319 415 2350 habitem
437 2319 501 2350 cod.
525 2320 617 2360 (cort.
638 2319 685 2357 D)
813 2318 873 2348 881
902 2318 954 2348 sin
979 2317 1042 2348 cod.
1064 2318 1131 2358 gvii.
1153 2318 1186 2357 4)
1300 2319 1364 2348 882
1387 2327 1510 2349 numen
1527 2315 1590 2348 cod.

270 2365 362 2404 (com
382 2362 431 2405 D)
564 2362 627 2401 884
652 2366 749 2401 pater
766 2360 919 2392 Merula:
954 2365 1084 2401 patrem
1100 2361 1166 2393 cod.

956 2518 978 2528 l
