1783 2707
170 128 223 165 ΙΙ.

184 510 226 543 90

185 837 225 869 95

194 1007 224 1032 V

205 1359 222 1389 5

186 1687 225 1708 10

249 127 295 163 iv
670 125 717 160 T.
752 122 932 161 MACCI
966 122 1170 159 PLAVTI

247 233 559 284 suppositionem
580 230 689 281 pueri
711 244 813 281 quae
835 229 930 269 mihi
953 228 1129 275 credidit,

245 312 452 350 germanae
473 298 582 348 quod
603 296 725 335 sorori
746 310 828 334 non
849 294 972 333 credit
993 308 1111 333 soror.

246 363 417 404 ostendit
439 377 523 401 sese
544 363 622 400 iam
643 360 739 399 mihi
761 360 989 399 medullitus
1008 375 1015 398 :

246 444 287 468 se
309 429 360 467 mi
381 429 580 467 infidelem
602 440 832 476 numquam,
856 427 952 464 dum
974 424 1092 472 uiuat,
1116 426 1208 463 fore.

246 508 371 545 egone
392 494 497 532 illam
519 501 560 531 ut
581 507 661 531 non
682 493 845 530 amem?
874 505 1000 541 egone
1021 490 1075 528 illi
1095 498 1138 528 ut
1158 504 1238 527 non
1260 490 1362 528 bene
1383 489 1534 529 uelim?

246 574 308 599 me
329 560 458 611 potius
480 573 560 597 non
581 558 724 596 amabo
746 571 864 607 quam
886 556 977 594 huic
999 555 1100 595 desit
1120 569 1240 593 amor.
1316 545 1319 547 ,

245 639 316 675 ego
338 626 399 663 isti
420 638 500 663 non
521 637 665 662 munus
686 622 869 660 mittam?
898 623 1022 659 immo
1043 635 1089 659 ex
1109 622 1186 658 hoc
1207 622 1295 658 loco

244 691 390 729 iubebo
410 691 460 728 ad
482 689 595 727 istam
618 688 792 737 quinque
814 686 972 737 perferri
993 686 1130 732 minas,

246 763 443 806 praeterea
470 754 473 805 Ι
500 752 684 803 opsonari
706 754 908 790 dumtaxat
930 751 1047 789 mina.

248 822 371 858 multo
392 819 445 857 illi
466 818 597 868 potius
618 818 720 855 bene
741 816 811 855 erit
833 830 933 866 quae
955 816 1057 854 bene
1077 816 1161 853 uolt
1183 814 1278 852 mihi

246 898 365 935 quam
387 884 579 932 mihimet,
600 882 732 922 onmia
754 881 822 932 qui
843 880 939 919 mihi
960 880 1060 918 facio
1081 882 1252 918 mala.—

719 993 1099 1029 PHRoNEs1VM

459 1079 585 1114 Puero
607 1075 669 1113 isti
690 1075 782 1113 date
803 1085 1027 1111 mammam.
1087 1079 1129 1110 ut
1150 1070 1314 1110 miserae

243 1152 385 1183 matres
406 1142 674 1191 sollicitaeque
694 1154 741 1178 ex
761 1139 895 1177 animo
917 1146 1007 1176 sunt
1028 1137 1280 1187 cruciantque
1297 1139 1304 1175 1

243 1210 385 1259 edepol
401 1214 673 1246 commentum
696 1206 807 1250 male,
825 1217 1026 1254 quomque
1047 1216 1133 1241 eam
1155 1216 1237 1240 rem
1257 1201 1297 1240 in
1317 1202 1438 1240 corde
1457 1200 1573 1252 agito,

244 1273 542 1313 nimio—minu'
563 1270 816 1322 perhibemur
837 1271 963 1307 malae
984 1283 1102 1319 quam
1124 1281 1259 1307 sumus
1279 1266 1449 1318 ingenio.

351 1352 423 1389 ego
444 1338 568 1388 prima
588 1338 638 1375 de
660 1349 733 1381 me,
757 1336 879 1373 domo
900 1335 1028 1380 docta,
1052 1333 1152 1372 dico.

351 1411 497 1454 quanta
517 1410 575 1441 est
596 1415 687 1439 cura
708 1400 747 1438 in
769 1399 913 1446 animo,
938 1406 1129 1449 quantum
1151 1399 1270 1437 corde
1290 1397 1404 1448 capio

350 1468 700 1509 dolorem-dolus
721 1479 771 1504 ne
794 1464 950 1503 occidat
972 1471 1096 1502 morte
1116 1463 1226 1514 pueri
1246 1478 1252 1501 :

352 1543 474 1574 mater
494 1534 599 1573 dicta
620 1533 728 1582 quod
750 1545 848 1578 sum,
873 1544 920 1568 eo
942 1528 1064 1579 magis
1085 1530 1226 1567 studeo
1246 1527 1374 1576 uitae3

352 1614 452 1651 quae
479 1599 482 1650 Ι
508 1601 613 1637 hunc
635 1611 729 1636 ausa
749 1610 846 1643 sum,
870 1595 1103 1633 tantundem
1125 1594 1261 1632 dolum
1285 1591 1499 1643 adgrediar.

351 1665 446 1705 lucri
468 1678 604 1704 caussa
624 1677 741 1701 auara
761 1663 949 1712 probrum
971 1673 1058 1698 sum
1079 1666 1271 1706 exsecuta,

351 1731 500 1770 alienos
521 1730 676 1768 dolores
699 1727 794 1765 mihi
816 1725 1033 1776 supposiui.

287 1847 348 1876 437
376 1836 471 1876 pueri
496 1845 594 1874 quein
620 1835 674 1865 hic
700 1834 825 1864 redidit
849 1832 915 1864 cod.
1051 1841 1115 1870 439
1140 1840 1170 1861 0.
1195 1828 1277 1859 mihi
1302 1828 1366 1859 iam
1391 1837 1466 1859 sese
1485 1827 1574 1859 cod.:

242 1881 431 1912 ostendisse
448 1880 552 1910 sciam
569 1879 650 1908 mihi
667 1878 755 1909 codd.
777 1877 879 1907 Nonii
895 1886 956 1915 139
971 1887 977 1906 :
1001 1885 1078 1906 corr.
1098 1873 1287 1904 Lambinus
1418 1882 1482 1910 440
1504 1871 1574 1902 scio

244 1926 288 1955 mi
307 1923 477 1954 Buecheler
551 1924 629 1953 dum
649 1923 758 1953 uiuam
776 1921 864 1952 codd.
883 1920 1006 1950 Nonii:
1032 1929 1074 1949 ne
1092 1918 1183 1948 uiuat
1200 1916 1266 1948 cod.
1287 1928 1294 1947 ε
1318 1926 1355 1947 'se
1368 1915 1445 1946 uiua
1460 1914 1572 1945 Came-

244 1969 351 1999 rarius
513 1977 571 2006 441
609 1967 654 1996 illi
691 1971 725 1996 ut
757 1965 989 1995 Camerarius:
1029 1962 1111 1992 illud
1142 1961 1208 1992 cod.
1367 1968 1431 1998 443
1473 1958 1572 1989 immo

245 2012 405 2042 Mueller:
430 2011 549 2041 iammo
572 2010 636 2041 cod.
663 2010 743 2050 (iam
769 2009 868 2039 modo
893 2007 983 2047 PCD)
998 2007 1054 2043 (iv.
1075 2016 1093 2045 3
1112 2017 1119 2045 ;
1144 2005 1248 2045 Apro
1273 2003 1342 2042 M):
1370 2004 1432 2033 iam
1453 2012 1515 2041 ego
1529 2003 1570 2042 (ἓ)

244 2055 311 2086 Leo
421 2066 483 2094 444
509 2054 634 2085 deferri
656 2051 873 2084 Stndemund
981 2059 1043 2089 445
1068 2050 1123 2080 vix
1153 2049 1312 2088 opsonari
1339 2058 1370 2087 p.
1462 2045 1572 2087 (una)

245 2100 274 2130 d.
301 2098 409 2139 Bergk
435 2099 485 2138 (cf.
513 2098 559 2129 ad
581 2099 660 2137 489)
754 2097 928 2126 dumtaxat
958 2094 1024 2135 [at]
1054 2093 1117 2124 cod.
1147 2094 1204 2131 (iv.
1237 2095 1280 2131 n,
1305 2090 1394 2122 unde
1415 2089 1571 2120 Camera-

246 2144 314 2174 rius
331 2144 360 2173 d.
381 2143 422 2173 ad
441 2143 563 2173 minam
698 2150 758 2178 447
783 2149 880 2179 quam
899 2138 979 2168 mihi
997 2137 1051 2176 qui
1069 2137 1220 2167 mihimet
1236 2146 1265 2166 0.
1284 2134 1468 2173 Fleckeisen,
1489 2144 1570 2163 nam

246 2187 358 2217 omnia
374 2189 430 2226 qui
448 2186 587 2226 displicet
651 2184 736 2214 facio
756 2182 969 2214 Camerarius
986 2193 992 2212 :
1018 2181 1105 2211 facto
1122 2179 1186 2211 cod.
1312 2189 1386 2217 449,
1405 2187 1469 2216 450
1492 2181 1572 2208 sunt

245 2231 343 2262 Ital.:
368 2231 444 2261 suni
469 2229 533 2260 cod.
626 2238 741 2258 sumus
766 2227 1017 2264 cruciamurque
1041 2224 1107 2254 Leo
1239 2232 1303 2261 452
1327 2222 1377 2253 vel
1398 2221 1485 2252 male
1502 2219 1568 2251 cod.

246 2284 308 2313 453
333 2275 439 2314 prime
457 2273 592 2313 Seyffert
731 2272 773 2301 de
796 2281 849 2300 rne
873 2269 973 2299 modo
990 2268 1077 2298 dicta
1099 2267 1202 2298 dicito
1220 2266 1285 2296 cod.
1307 2277 1314 2297 ε
1337 2275 1414 2296 corr.
1435 2263 1567 2303 Goeller,

245 2318 442 2356 Palmerius‚
468 2315 608 2357 Spengel
747 2315 810 2354 458
843 2314 930 2343 hunc
958 2311 1054 2342 Ital.:
1090 2311 1154 2341 huc
1186 2309 1277 2340 cod.:
1316 2319 1406 2339 nunc
1439 2307 1574 2338 Mueller

246 2365 374 2392 tantum
391 2362 476 2392 clam
494 2360 606 2391 dolum
624 2358 795 2397 adgrediri
815 2356 1025 2388 Camerarius
1165 2363 1228 2393 459
1251 2363 1353 2383 auare
1369 2351 1505 2391 Seyffert

1595 435 1666 469 440

1596 760 1662 796 445

1593 1151 1728 1190 449·50

1596 1405 1708 1442 454-5

1578 1756 1580 1759 ,
1592 1723 1662 1766 460
