1783 2707
100 129 218 167 III.i
622 127 668 164 T.
702 125 883 163 MACCI
916 125 1119 161 PLAVTI

205 237 305 277 inest
326 236 365 274 in
387 237 462 274 hoc
484 234 711 273 emussitata
732 247 802 271 sua
823 232 896 270 sibi
918 232 1087 282 ingenua
1108 231 1271 269 indoles.

206 304 272 340 PL.
296 303 362 352 pol
383 301 422 339 id
444 299 605 350 quidem
627 298 802 348 experior
823 297 876 335 ita
896 311 980 335 esse
1001 304 1042 334 ut
1063 296 1275 346 praedicas,
1301 296 1536 345 Palaestrio;

206 381 297 405 nam
318 365 538 414 benignitas
561 363 722 413 quidem
745 362 875 400 huiius
898 361 1046 411 oppido
1067 361 1399 399 adulescentulist.

150 443 188 477 40
207 434 275 470 PE.
299 431 432 477 immo,
456 431 609 479 hospes,
629 427 742 477 magi'
763 440 884 476 quom
906 425 1093 476 periclum
1114 425 1243 472 facies,
1266 426 1377 475 magi’
1399 440 1538 464 nosces
1557 429 1623 473 635

1410 505 1537 529 meam

207 562 432 601 comitatem
455 573 544 610 erga
565 567 602 597 te
622 566 832 596 amantem.
894 559 961 594 PL.
994 556 1089 606 quid
1111 569 1210 606 opus
1231 563 1325 594 nota
1345 558 1539 594 noscere?

210 630 277 665 ΡΕ.
302 634 343 664 ut
359 626 464 676 apud
481 632 518 663 te
535 625 757 673 exemplum
775 621 1003 672 experiundi
1027 622 1182 667 habeas,
1206 634 1255 659 ne
1278 621 1399 661 †itas†
1420 620 1511 658 foris
1529 634 1539 667 3

209 705 301 730 nam
322 690 394 729 nisi
417 690 483 740 qui
505 689 587 739 ipse
607 687 754 726 amauit
775 701 888 737 aegre
909 686 1075 725 amantis
1096 685 1296 735 ingenium
1317 685 1473 735 inspicit
1494 700 1500 722 :

210 765 247 795 et
268 770 340 806 ego
360 754 502 794 amoris
523 753 767 803 aliquantum
789 752 918 790 habeo
934 750 1159 800 umorisque
1176 750 1292 789 etiam
1314 750 1353 788 in
1374 764 1536 801 corpore
1555 753 1691 797 639-40

148 840 187 870 45
210 822 437 871 nequedum
459 818 589 857 exarui
609 832 655 856 ex
675 816 852 855 amoenis
873 817 989 854 rebus
1010 823 1047 854 et
1068 815 1307 866 uoluptariis.

210 889 272 925 uel
294 885 495 924 cauillator
517 886 666 922 facetus
687 884 750 921 uel
771 881 943 921 conuiua
963 882 1198 919 commodus

210 953 303 991 item
325 966 390 990 ero
412 965 540 1001 neque
562 964 634 1000 ego
656 950 864 988 oblocutor
885 962 971 986 sum
992 947 1099 985 alteri
1122 947 1161 984 in
1183 946 1393 986 conuiuio:

211 1018 537 1057 incommoditate
558 1016 754 1066 apstinere
778 1029 840 1054 me
861 1015 968 1065 apud
989 1013 1178 1052 conuiuas
1200 1014 1415 1052 commodo

213 1083 466 1123 commemini
488 1090 525 1121 et
547 1095 675 1120 meam
697 1080 884 1120 orationis
906 1079 1047 1117 iustam
1069 1086 1217 1128 partem
1239 1077 1420 1128 persequi
1561 1085 1626 1129 645

151 1165 191 1197 ,²0
213 1157 250 1189 et
272 1163 401 1187 meam
423 1148 571 1198 partem
593 1146 730 1185 itidem
753 1153 892 1191 tacere,
916 1157 1037 1194 quom
1060 1143 1188 1182 aliena
1208 1151 1266 1182 est
1286 1143 1410 1182 oratio
1424 1158 1435 1191 3

212 1214 373 1253 minime
395 1220 579 1262 sputator,
605 1218 775 1249 screator
796 1223 894 1256 sum,
919 1209 1056 1247 itidem
1079 1208 1240 1246 minime
1261 1208 1442 1246 mucidus
1462 1223 1469 1246 :

212 1287 301 1331 post
341 1277 489 1328 Ephesi
525 1289 611 1314 sum
644 1282 769 1321 natus,
806 1288 887 1312 non
923 1273 1028 1312 enim
1060 1272 1101 1310 in
1133 1272 1296 1323 Apulis3
1339 1287 1419 1311 non
1454 1286 1541 1310 sum

1341 1337 1538 1375 Animula.

217 1412 285 1448 PA.
316 1423 339 1447 o
359 1407 535 1458 lepidum
556 1404 803 1451 semisenem,
827 1403 857 1441 si
878 1417 975 1453 quas
998 1410 1188 1441 memorat
1209 1402 1370 1440 uirtutes
1391 1403 1521 1449 habet,

215 1481 334 1524 atque
355 1473 539 1522 equidem
561 1472 677 1519 plane
698 1471 910 1507 educatum
932 1468 972 1505 in
994 1468 1187 1506 nutricatu
1208 1466 1379 1505 Venerio
1397 1469 1402 1504 !
1562 1470 1630 1514 650

154 1552 193 1584 55
218 1541 285 1576 PE.
318 1539 405 1588 plus
427 1536 531 1575 dabo
552 1548 671 1585 quam
692 1533 931 1584 praedicabo
952 1546 998 1570 ex
1019 1545 1082 1570 me
1102 1531 1317 1570 uenustatis
1339 1530 1420 1569 tibi.

220 1616 349 1653 neque
371 1616 443 1652 ego
464 1605 653 1652 umquam
676 1601 847 1639 alienum
870 1607 1041 1638 scortum
1064 1598 1233 1648 subigito
1255 1597 1293 1634 in
1315 1596 1501 1634 conuiuio

259 1709 322 1747 634
347 1705 619 1738 adolescentules
641 1704 700 1745 (de
718 1703 858 1741 PCDl32)
879 1703 942 1734 cod.
960 1715 967 1734 :
995 1713 1071 1734 corr.
1094 1702 1325 1733 Camerarius:
1351 1703 1396 1732 -la
1414 1708 1465 1734 est
1480 1702 1545 1733 Leo

216 1754 279 1791 635
313 1752 362 1782 vel
400 1761 495 1789 mage
514 1774 520 1780 .
542 1774 548 1780 .
567 1773 574 1779 .
595 1759 691 1787 mage
810 1757 885 1777 mea
917 1746 981 1777 cod.
1133 1747 1197 1784 636
1236 1747 1425 1776 comitatem
1466 1757 1546 1786 erga

218 1795 450 1826 Camerarius:
483 1792 665 1823 comitante
698 1801 810 1821 merce
840 1791 905 1822 cod.
998 1790 1048 1820 vel
1072 1794 1173 1829 opust
1262 1793 1336 1819 ante
1359 1791 1421 1828 637
1449 1790 1546 1820 talem

217 1838 409 1869 sententiam
434 1836 627 1867 intercidisse
650 1835 774 1865 coniecit
795 1835 937 1864 Rttschl:
966 1845 1042 1864 nam
1063 1834 1169 1872 ipsum
1195 1843 1325 1863 amasse
1349 1838 1492 1872 oportet,
1519 1834 1546 1863 si

219 1882 343 1913 amanti
370 1882 417 1911 ire
445 1880 645 1920 opitulatum
672 1879 767 1909 uoles
915 1880 977 1917 637
1003 1882 1037 1907 te
1057 1876 1124 1907 3²²:
1153 1887 1217 1906 orn.
1242 1876 1308 1907 cod.
1400 1887 1442 1906 ne
1465 1876 1544 1918 itas]

547 1932 575 1955 gl

221 1959 319 1999 negis
335 1958 411 1988 PCD
432 1958 511 1997 (pro
526 1958 644 1995 neitas,
665 1957 683 1987 ι’.
699 1966 721 1987 e.
741 1955 850 1985 neitas
867 1966 943 1986 corr.
960 1954 1090 1994 negitas
1102 1954 1127 1994 2>
1217 1953 1273 1984 vix
1289 1964 1331 1984 ne
1349 1953 1436 1984 bitas
1455 1953 1544 1984 foras

223 2003 273 2043 (rs.
297 2002 343 2033 ad
360 2003 438 2040 869)
572 2002 636 2039 638
662 2000 725 2029 nisi
747 2000 926 2030 Gruterus:
951 1999 1014 2038 ipsi
1033 1998 1097 2029 cod.
1125 2001 1160 2027 ut
1183 1997 1245 2028 vid.
1380 1998 1455 2036 639,
1479 2000 1544 2035 640

224 2046 310 2088 [me]
325 2046 424 2076 etiam
448 2044 512 2075 cod.
529 2056 534 2073 :
562 2054 615 2074 me
633 2043 690 2075 dcl.
709 2043 782 2074 Ital.
927 2045 991 2081 643
1015 2043 1104 2072 idem
1126 2041 1248 2081 Ussing
1348 2051 1412 2080 ego
1428 2051 1493 2070 om.
1513 2041 1545 2071 Β

221 2090 395 2120 oblecutor
410 2089 602 2128 (obliuiscor
613 2088 644 2117 Β
662 2088 673 2126 >
689 2087 754 2117 cod.
769 2092 864 2120 (corr.
877 2085 939 2126 3²)
1023 2087 1086 2124 644
1106 2085 1281 2116 conuiuias
1294 2084 1360 2115 cod.
1377 2091 1467 2123 (corr.
1482 2084 1541 2121 B2)

220 2133 388 2172 quomodo
405 2132 469 2163 cod.
484 2145 489 2162 t
514 2132 705 2162 commodos
723 2129 862 2160 Mueller
960 2131 1023 2167 645
1049 2128 1275 2159 commeminit
1292 2127 1356 2158 cod.
1434 2138 1543 2158 meam

221 2177 262 2217 (Ζ)
279 2177 362 2206 Leo:
388 2186 485 2206 meae
503 2175 580 2213 rod„
600 2174 657 2204 sed
671 2174 800 2213 me(ae)
818 2173 955 2213 displicet
1067 2174 1131 2211 646
1156 2176 1282 2202 taceret
1299 2171 1364 2202 cod.
1479 2173 1543 2210 647

220 2220 366 2250 minimis
385 2221 477 2259 (corr.
496 2219 558 2255 3²)
579 2222 715 2257 putatur
728 2217 901 2248 scrahator
921 2215 986 2247 cod.
1075 2217 1140 2254 648
1157 2214 1316 2246 Animula
1331 2214 1437 2245 Sclzol.
1456 2214 1542 2255 Vivg.

223 2263 259 2294 G.
273 2274 302 2301 2,
322 2273 382 2302 134
398 2274 405 2293 ε
429 2263 462 2292 in
481 2262 581 2292 imula
592 2261 658 2292 cod.
673 2273 680 2291 τ
704 2260 880 2291 Animulas
892 2259 1073 2300 Scioppius:
1097 2258 1276 2289 Animulae
1288 2258 1393 2288 Bothe
1479 2260 1545 2298 649

221 2307 423 2337 semisenem
448 2306 521 2336 Ital.
543 2316 549 2335 :
584 2305 786 2335 semisemne
809 2304 954 2343 (semine
973 2303 1020 2344 B)
1041 2302 1105 2333 cod.
1196 2302 1329 2332 uirtutis
1351 2300 1544 2332 scutarius:

222 2361 261 2380 ur
292 2350 358 2381 tuis
390 2348 454 2380 cod.
603 2350 668 2386 650
692 2348 740 2378 vel
769 2348 903 2387 quidem
1007 2348 1163 2377 eductum
1189 2345 1277 2376 cod.:
1306 2355 1382 2376 corr.
1415 2345 1546 2383 Bentlay

221 2395 286 2432 652
310 2402 491 2432 numquam
509 2391 656 2422 Merula:
683 2401 839 2430 umquam
857 2390 922 2421 cod.
1013 2390 1232 2431 subigit0[m]
1254 2389 1287 2420 in
1307 2390 1347 2430 (s.
1367 2388 1410 2418 mi
1428 2389 1463 2418 in
1479 2387 1541 2429 ΒΞ)

208 2437 285 2476 cod.
308 2437 358 2477 (cf
378 2435 423 2467 ad
436 2446 485 2466 vv.
505 2445 578 2474 323,
599 2434 677 2476 784)

1003 2523 1026 2534 l
