1783 2707
212 137 242 174 I,

183 261 242 294 125

180 719 240 750 ¹30

171 1638 233 1671 140

264 136 309 174 iii
687 138 733 176 T.
767 137 947 177 MACCI
979 139 1122 176 PLAV
1125 140 1181 178 TI

263 247 405 298 quibus
426 261 523 286 anus
545 247 654 287 domi
676 251 766 287 sunt
786 262 936 296 uxores,
960 263 1061 300 quae
1082 264 1154 289 uos
1175 252 1268 290 dote
1290 260 1525 292 meruerunt.

262 314 442 351 Pirum.
475 315 642 364 agedum
675 316 900 364 contempla
929 328 1066 353 aurum
1102 324 1139 354 et
1171 318 1326 366 pallam,
1360 317 1459 356 satin
1493 319 1589 357 haec

1130 378 1229 432 (me)
1249 382 1396 428 deceat,
1421 384 1587 433 Scapha.

259 445 319 482 Sc.
354 457 433 481 non
462 457 525 482 me
552 443 651 482 istuc
678 457 812 482 curare
840 452 1005 495 oportet.
1066 447 1245 483 PfflLEM.
1279 446 1396 495 que'm
1424 460 1588 497 opsecro

1109 510 1252 560 igitur?
1309 512 1370 549 Sc.
1403 513 1586 562 eloquar:

259 574 540 621 Philolachem,
559 574 589 612 is
612 588 660 613 ne
677 574 771 624 quid
793 582 907 621 emat,
927 574 999 612 nisi
1022 576 1130 624 quod
1156 575 1225 613 tibi
1247 577 1398 626 placere
1415 586 1582 618 censeat.
1606 584 1712 630 284-5

259 640 349 678 nzim
371 648 521 678 amator
542 639 754 677 meretricis
776 653 903 678 mores
925 639 997 678 sibi
1020 640 1114 678 emit
1134 654 1229 678 auro
1250 648 1287 679 et
1309 655 1487 691 purpura.

259 705 355 756 quid
376 713 502 755 opust,
527 705 634 754 quod
657 718 769 742 suom
791 718 876 743 esse
898 704 1006 752 nolit,
1031 704 1065 743 ei
1087 707 1188 744 ultro
1209 706 1467 746 ostentm-ier?

258 784 427 821 purpura
448 769 564 808 aetati
587 770 896 817 occultandaest‚
919 783 1057 808 aurum
1079 770 1181 819 turpi
1204 770 1366 810 mulieri.

256 837 419 886 pulchra
440 834 577 873 mulier
598 836 704 872 nuda
725 834 795 872 erit
817 848 935 884 quam
957 843 1169 884 purpurata
1190 836 1410 886 pulchrior:

256 909 367 952 poste
389 900 631 951 nequiquam
652 908 837 938 exornata
858 908 916 938 est
937 900 1051 947 bene,
1074 900 1104 938 si
1128 910 1276 940 morata
1297 910 1354 941 est
1376 905 1488 943 male.
1606 917 1675 953 290

256 968 462 1018 pulchrum
485 974 666 1004 ornatum
688 973 819 1015 turpes
842 979 969 1004 mores
990 965 1101 1016 peius
1123 980 1247 1005 caeno
1267 968 1484 1009 conlinunt.

223 1048 234 1055 ·
257 1047 346 1071 nam
379 1034 409 1072 si
440 1035 601 1084 pulchra
632 1041 689 1072 est
719 1033 836 1071 nimis
870 1041 1007 1071 ornata
1041 1042 1109 1071 est.
1172 1036 1344 1073 PHILOL.
1382 1035 1489 1075 nimi'
1518 1037 1586 1076 diu

1210 1099 1390 1149 apstineo
1411 1114 1583 1140 manum.

254 1165 350 1216 quid
390 1165 453 1203 hic
492 1178 563 1202 uos
602 1164 669 1202 diu
708 1163 850 1213 agitis?
922 1165 1102 1201 PH1LEM.
1147 1163 1218 1202 tibi
1258 1177 1321 1203 me
1359 1178 1506 1205 exorno
1544 1175 1586 1205 ut

806 1229 993 1278 placeam.
1056 1230 1227 1266 PH1L0L.
1261 1237 1398 1268 ornata
1418 1244 1459 1269 es
1480 1231 1582 1271 satis.

252 1295 316 1334 abi
345 1303 386 1334 tu
414 1295 506 1333 hinc
533 1294 635 1333 intro
656 1301 775 1344 atque
797 1300 1028 1331 ornamenta
1048 1294 1146 1332 haec
1167 1295 1284 1333 aufer.
1344 1296 1426 1343 sed,
1449 1298 1586 1348 uolup-

1405 1368 1462 1399 tas
1483 1375 1581 1410 mea,

253 1439 341 1465 mea
363 1425 654 1472 Philematium,
675 1432 810 1475 potare
831 1432 961 1462 tecum
984 1424 1217 1463 conlibitum
1240 1433 1298 1464 est
1320 1425 1426 1464 mihi.
1602 1434 1668 1471 295

253 1493 433 1530 PHILEM.
466 1499 503 1530 et
531 1492 673 1541 edepol
702 1490 795 1528 mihi
822 1497 964 1536 tecum,
989 1503 1079 1527 nam
1108 1491 1216 1540 quod
1245 1490 1315 1529 tibi
1344 1491 1452 1530 lubet
1476 1492 1582 1531 idem

1344 1557 1439 1595 mihi
1460 1558 1579 1605 lubet,

252 1637 339 1662 mea
369 1624 561 1673 uoluptas
623 1624 793 1659 I’HILOL.
827 1621 888 1659 e'm
920 1621 1019 1659 istuc
1050 1622 1214 1660 uerbum
1246 1621 1323 1660 uile
1353 1630 1410 1660 est
1445 1622 1581 1673 uiginti

1451 1702 1578 1727 mnus.

251 1756 430 1792 PmLEM.
464 1754 575 1799 cedo,
599 1752 756 1795 amabo,
778 1753 917 1790 decem
936 1767 942 1789 2
974 1752 1074 1790 bene
1096 1760 1273 1803 emptum
1300 1753 1369 1790 tibi
1391 1754 1483 1792 dare
1504 1753 1585 1792 hoc⁴

1286 1818 1451 1856 uerbum
1473 1820 1576 1858 uolo.

249 1886 419 1922 PH1LOL.
471 1883 588 1922 etiam
636 1895 742 1921 nunc
787 1883 927 1921 decem
967 1881 1097 1920 minae
1135 1883 1243 1931 apud
1281 1890 1319 1920 te
1358 1890 1472 1931 sunt;
1515 1885 1578 1923 uel

1258 1947 1448 1986 rationem
1470 1956 1574 1999 puta.
1598 1944 1602 1948 ’

246 2014 401 2065 triginta
422 2014 547 2052 minas
563 2027 634 2064 pro
650 2012 777 2062 capite
797 2019 866 2050 tuo
882 2011 986 2050 dedi.
1038 2013 1218 2050 PHILEM.
1251 2025 1323 2062 qur
1339 2013 1578 2062 exprobras?
1597 2023 1667 2057 300

290 2120 353 2149 282
378 2129 430 2148 me
452 2118 526 2148 add.
550 2117 762 2148 Camerarius
892 2116 955 2153 283
981 2125 1097 2145 curare
1120 2116 1206 2146 istuc
1231 2115 1296 2147 cod.
1317 2127 1322 2146 :
1349 2116 1419 2147 irai.
1442 2116 1578 2148 Gm'etns

245 2164 318 2202 284,
337 2163 400 2201 285
417 2163 446 2192 is
462 2160 556 2192 ΒΖΙ)Ε
573 2173 580 2192 :
605 2171 644 2191 us
661 2159 726 2190 cod.
794 2159 856 2189 sibi
873 2158 1019 2190 Schoell:
1044 2159 1102 2189 tibi
1122 2158 1188 2190 cod.
1279 2160 1341 2199 287
1367 2160 1398 2190 ei
1415 2160 1554 2199 Pylades
1569 2173 1576 2191 ε

245 2217 263 2236 6
277 2206 343 2238 cod.
361 2211 408 2246 (te
421 2204 558 2246 B‘2PCD)
650 2205 713 2234 288
737 2207 847 2234 aetate
859 2202 926 2233 cod.
946 2202 1056 2242 (aetas
1068 2201 1129 2241 B2)
1145 2203 1284 2243 (vr'xpro
1300 2203 1370 2244 -tis)
1419 2207 1516 2243 turpe
1529 2203 1574 2234 Β2

243 2260 309 2289 29ο
325 2254 442 2289 postea
459 2248 523 2279 cod.
616 2258 675 2287 291
702 2247 739 2287 cf
758 2246 856 2277 Poen.
876 2247 941 2285 306
987 2246 1164 2276 continunt
1181 2246 1246 2277 cod.
1323 2257 1386 2285 292
1411 2247 1437 2277 si
1456 2246 1573 2278 Came-

244 2294 374 2324 rarius:
399 2293 470 2323 nesi
488 2291 555 2323 cod.
646 2301 746 2321 manu
764 2289 829 2321 cod,
963 2299 1026 2328 293
1051 2290 1106 2319 diu
1123 2289 1182 2320 del.
1207 2289 1308 2320 Weise
1323 2302 1329 2321 :
1354 2291 1439 2320 duae
1457 2290 1572 2320 Came-

243 2338 352 2366 rarius
452 2345 515 2375 295
539 2335 619 2365 mihi
637 2334 769 2374 Bentley
785 2345 791 2364 ε
816 2333 894 2363 mihi
912 2332 1026 2375 [libet]
1044 2332 1108 2364 cod.
1130 2333 1182 2372 (ch
1197 2335 1276 2372 296)
1378 2334 1442 2373 296
1465 2333 1570 2375 idem]

243 2381 277 2410 id
292 2378 338 2409 Β2
415 2390 476 2419 297
503 2390 575 2409 eam
597 2379 648 2409 ist.
669 2378 733 2409 cod.
769 2387 847 2407 corr.
859 2376 919 2416 3²)
1010 2377 1074 2415 298
1098 2377 1215 2406 decem
1229 2376 1427 2408 Aa'dalius:
1451 2378 1571 2407 decum

242 2423 306 2454 cod.
330 2423 404 2465 (pro
421 2424 491 2463 dee,
508 2423 526 2453 ι’.
544 2433 566 2452 e.
588 2423 701 2452 decem
717 2433 723 2459 ;
748 2421 784 2460 cs.
805 2420 852 2450 ad
865 2431 892 2452 v.
915 2421 992 2459 238]
1128 2430 1192 2458 299
1206 2421 1286 2460 fort.
1302 2421 1464 2451 decemne
1482 2431 1534 2460 ap.

955 2512 977 2522 A
