1731 2713
94 276 158 346 203

101 635 169 661 210

103 960 168 998 215

106 1284 175 1309 220

114 1874 179 1912 225

657 108 1003 150 TRINVMMVS
1468 101 1497 137 Ι.
1519 99 1550 136 ii

233 228 299 280 qui
322 228 475 267 illorum
497 224 626 264 uerbis
649 222 753 261 falsis
774 228 957 270 acceptor
978 218 1043 265 sui,

233 294 300 345 qui
322 293 454 331 onmia
475 305 516 330 se
537 290 722 329 simulant
743 286 840 325 scire
862 298 990 334 neque
1012 282 1223 333 quicquam
1248 279 1385 317 sciunt.

234 360 342 409 quod
363 358 529 408 quisque
550 356 589 394 in
609 354 743 393 animo
764 352 883 390 habet
903 359 969 388 aut
991 348 1211 387 habiturust
1233 344 1371 390 sciunt,

234 425 363 463 sciunt
385 425 424 461 id
445 423 553 472 quod
575 421 613 459 in
635 432 768 458 aurem
791 431 855 456 rex
875 415 1030 466 reginae
1052 412 1201 459 dixerit,

237 489 364 528 sciunt
386 488 493 537 quod
516 488 619 524 Iuno
641 485 849 522 fabulatast
870 495 960 519 cum
984 482 1105 525 Ioue3

239 568 340 604 quae
362 566 490 603 neque
511 553 638 589 futura
660 562 789 599 neque
811 554 912 594 sunt,
935 554 1066 584 tamen
1089 543 1142 581 illi
1164 541 1304 581 sciunt.

241 621 366 658 falson
387 631 437 655 an
458 629 551 655 uero
572 616 745 661 laudent,
770 614 929 662 culpent
951 623 1069 660 quem
1092 608 1226 654 uelint,

241 697 321 722 non
343 682 455 721 flocci
475 681 633 727 faciunt,
657 681 753 718 dum
775 678 871 716 illud
893 677 1000 727 quod
1022 675 1183 713 lubeant
1205 671 1339 711 sciant.

241 761 380 788 ornnes
402 747 584 785 mortales
605 746 710 783 hunc
731 743 889 782 aiebant
911 740 1114 781 Calliclem

242 814 448 864 indignum
469 811 627 850 ciuitate
648 811 722 847 hac
744 822 829 847 esse
849 815 887 846 et
909 806 1053 852 uiuere,

244 879 359 919 bonis
381 878 447 929 qui
468 880 574 916 hunc
595 878 889 915 adulescentem
912 871 1117 912 euortisset
1139 869 1227 908 suis.

244 959 317 996 ego
338 946 387 984 de
409 945 545 983 eorum
566 941 696 981 uerbis
718 940 1034 990 famigeratorum
1056 935 1226 974 insciens

243 1009 405 1061 prosilui
425 1008 597 1046 amicum
618 1005 849 1055 castigatum
870 1002 1087 1042 innoxium.

244 1076 353 1126 quod
374 1074 405 1113 si
426 1073 648 1123 exquiratur
668 1084 793 1121 usque
813 1070 863 1108 ab
886 1068 1003 1118 stirpe
1027 1065 1250 1111 auctoritas,

245 1142 338 1179 und'
359 1138 550 1190 quicquid
570 1138 749 1176 auditum
771 1135 915 1181 dicant,
938 1133 1012 1171 nisi
1033 1132 1073 1170 id
1094 1136 1289 1181 appareat,

245 1203 506 1255 famigeratori
527 1217 585 1242 res
607 1202 655 1242 sit
676 1215 766 1241 cum
787 1202 935 1240 damno
956 1206 994 1237 et
1015 1198 1131 1244 malo,

246 1273 323 1310 hoc
344 1270 396 1308 ita
417 1269 447 1308 si
469 1271 545 1316 fiat,
568 1267 729 1319 publico
750 1267 816 1304 fiat
836 1266 956 1312 bono,

246 1334 361 1386 pauci
382 1334 458 1373 sint
480 1333 596 1372 faxim
617 1331 685 1382 qui
706 1331 830 1370 sciant
850 1329 960 1380 quod
980 1326 1172 1373 nesciunt,

249 1399 590 1449 occlusioremque
609 1397 782 1436 habeant
805 1391 1228 1444 stultiloquentiam.—

698 1552 934 1602 ACTVS
988 1551 1037 1598 II

710 1650 1026 1687 LvsiTELEs

308 1731 456 1768 Multas
477 1741 537 1767 res
558 1727 690 1766 simitu
711 1726 751 1764 in
772 1738 863 1763 meo
884 1725 1003 1763 corde
1023 1734 1152 1769 uorso,

307 1797 476 1834 multum
497 1793 537 1832 in
554 1792 765 1843 cogitando
787 1792 963 1829 dolorem
986 1787 1202 1838 indipiscor
1220 1800 1228 1824 z

307 1867 463 1911 egomet
485 1872 547 1897 me
568 1870 698 1908 coquo
719 1864 756 1895 et
777 1869 933 1894 macero
954 1861 991 1893 et
1012 1852 1197 1902 defetigo,

307 1925 490 1976 magister
511 1923 607 1962 mihi
629 1923 817 1962 exercitor
841 1920 986 1959 animu’
1009 1931 1114 1957 nunc
1135 1924 1204 1956 est.

307 1992 377 2030 sed
398 1992 474 2029 hoc
495 2003 576 2028 non
597 1989 720 2039 liquet
740 2001 813 2026 nec
834 1986 925 2025 satis
947 1984 1198 2035 cogitatumst

244 2096 308 2126 208
332 2095 412 2125 item
430 2094 542 2124 sciunt
559 2093 592 2123 id
608 2092 698 2132 quod
715 2090 748 2121 A
768 2092 793 2129 (2
811 2091 852 2122 iv.
872 2090 908 2130 2)
1058 2098 1124 2127 209
1149 2085 1269 2128 [facta]
1287 2089 1364 2115 sunt
1381 2083 1478 2123 P(iv.
1495 2082 1530 2124 2)

202 2148 261 2169 211
288 2137 400 2169 lubeat
419 2137 452 2168 P
580 2146 643 2174 213
667 2135 728 2165 hac
753 2144 829 2165 esse
855 2138 888 2164 et
920 2132 1147 2164 Taubmann:
1180 2130 1243 2160 hac
1269 2133 1361 2159 esset
1379 2127 1430 2158 P:
1455 2127 1533 2157 hae-

203 2182 327 2221 cesciet
343 2181 376 2211 A
397 2192 404 2211 τ
429 2191 467 2211 ac
484 2190 561 2211 sese
582 2179 778 2210 Gulielmius
794 2188 801 2208 :
826 2188 870 2208 an
889 2178 980 2208 uesci
997 2178 1052 2207 etl
1187 2184 1249 2211 214
1274 2171 1358 2212 suis]
1377 2170 1534 2202 omnibus

205 2226 237 2255 A
371 2234 434 2264 2¹5
459 2225 501 2254 de
518 2224 562 2264 e.]
581 2223 718 2253 deorum
737 2221 770 2251 A
861 2221 985 2252 inscius
1001 2219 1035 2250 P
1177 2227 1239 2256 217
1265 2215 1483 2255 exequiratur
1498 2213 1531 2243 A

204 2269 353 2309 apstirpe
369 2268 402 2298 P
413 2267 566 2309 (antiqua
582 2264 831 2306 orthographia)
943 2265 1007 2294 218
1032 2262 1174 2302 quicque
1188 2260 1362 2291 Acz'dalius
1471 2267 1535 2296 219

205 2323 241 2344 re
257 2312 291 2343 P
427 2321 488 2342 221
514 2310 598 2351 sint]
616 2310 680 2341 sini
698 2309 730 2340 P
870 2318 932 2346 223
958 2307 1060 2338 corde
1078 2316 1154 2336 meo
1170 2305 1203 2335 A
1342 2313 1405 2341 224
1430 2301 1535 2332 multa

204 2356 237 2387 A
341 2355 525 2395 indispicor
539 2354 572 2384 A
706 2361 768 2391 225
793 2362 901 2391 coquo
926 2351 1025 2392 [quo]
1044 2349 1077 2380 P
1206 2348 1269 2378 226
1294 2347 1383 2378 hunc
1400 2345 1433 2376 P

1532 418 1593 452 170

1541 742 1602 777 175

1544 1062 1604 1094 180

1547 1388 1609 1430 185

1550 1638 1605 1675 II.
1628 1637 1643 1674 i

1548 1991 1567 2024 5
