1783 2707
156 114 210 152 II.
231 113 276 150 iii
648 112 694 150 T.
729 111 910 150 MACCI
942 111 1147 148 PLAVTI

339 236 412 273 ego
433 221 526 260 istos
547 220 614 271 qui
636 234 741 258 nunc
763 233 825 258 me
847 221 1007 269 culpant
1028 218 1326 257 confutauerim.

339 288 410 326 sed
429 294 629 325 aestuosas
651 285 777 324 sentio
798 284 936 334 aperiri
958 286 1069 330 fores,
1578 292 1647 330 350

172 366 214 397 30
293 367 298 371 ·
340 366 441 403 quae
462 352 676 402 opsorbent
697 349 892 400 quidquid
914 349 1022 388 uenit
1043 349 1141 387 intra
1162 350 1348 400 pessulos.

166 506 214 543 iv
468 506 847 543 PHRONESIVM
962 504 1329 540 D1N1ARCHvs

234 606 308 643 PH.
343 605 449 643 Num
472 603 541 642 tibi
562 616 665 649 nam,
688 602 845 650 amabo.
866 602 983 639 ianua
1003 608 1060 639 est
1082 602 1244 639 mordax
1264 615 1364 649 mea,

233 683 313 720 quo
334 669 436 707 intro
457 668 509 707 ire
531 676 692 715 metuas,
717 681 803 705 mea
828 668 1043 717 uoluptas?
1100 668 1166 704 D1.
1199 680 1266 704 uer
1287 666 1402 705 uide:

235 742 278 773 ut
299 742 381 772 tota
400 735 521 779 floret,
546 740 587 771 ut
607 734 695 779 olet,
720 740 761 770 ut
783 732 905 770 nitide
927 731 1023 769 nitet
1044 734 1049 769 1

237 802 310 838 PH.
344 799 439 849 quid
460 806 539 837 tam
561 797 751 836 inficetu's
774 799 926 836 Lemno
946 796 1163 835 adueniens
1184 796 1251 847 qui
1272 804 1361 835 tuae
1583 802 1648 840 355

197 881 214 912 5
236 878 315 903 non
337 866 406 903 des
427 864 587 911 amicae,
614 863 836 909 Diniarche,
861 862 1046 900 sauium?

237 932 302 968 D1.
335 931 412 967 uah
430 933 436 967 Ι
467 930 612 979 uapulo
633 929 763 966 hercle
784 941 857 978 ego
878 941 994 974 nunc,
1018 935 1136 977 atque
1156 929 1257 966 adeo
1279 928 1390 965 male.

236 997 309 1034 PH.
343 1008 422 1045 quo
444 1002 481 1032 te
501 993 708 1032 auortisti?
768 995 832 1031 DI.
865 995 973 1031 salua
994 993 1055 1040 sis,
1081 993 1352 1031 Phronesium.

239 1064 313 1100 PH.
349 1063 465 1099 salue.
526 1059 655 1098 hicine
676 1059 796 1098 hodie
817 1072 946 1106 cenas,
969 1060 1098 1097 saluos
1120 1072 1240 1108 quom
1261 1058 1458 1096 aduenis?

239 1129 304 1166 D1.
338 1125 507 1177 promisi.
568 1127 641 1163 PH.
675 1124 743 1163 ubi
763 1124 955 1163 cenabis?
1013 1127 1078 1162 D1.
1110 1123 1178 1162 ubi
1199 1132 1239 1162 tu
1261 1123 1426 1162 iusseris.
1586 1126 1654 1170 360

179 1204 220 1227 10
240 1194 314 1230 PH.
347 1191 411 1230 hic
432 1205 494 1229 me
514 1190 675 1229 lubente
695 1189 823 1228 facies.
885 1191 950 1227 D1.
982 1190 1124 1239 edepol
1146 1203 1208 1227 me
1230 1189 1361 1239 magis.

237 1258 366 1307 nemp’
388 1258 429 1295 t'u
450 1255 523 1294 eris
543 1255 662 1294 hodie
685 1268 851 1302 mecum,
875 1268 963 1293 mea
984 1254 1276 1293 Phronesium?

237 1324 311 1360 PH.
344 1321 474 1369 uelim,
499 1321 529 1359 si
550 1320 630 1359 fieri
652 1320 785 1371 possit.
847 1322 912 1358 D1.
946 1321 1046 1358 cedo
1067 1321 1192 1358 soleas
1213 1320 1320 1367 mihi,

238 1395 454 1438 properate,
476 1388 625 1425 auferte
646 1399 834 1425 mensam.
894 1387 968 1423 PH.
1001 1386 1155 1432 amabo,
1178 1399 1303 1423 sanun
1324 1388 1394 1424 es?

242 1455 307 1491 D1.
340 1466 420 1491 non
441 1453 582 1502 edepol
603 1451 737 1490 bibere
758 1465 920 1502 possum
941 1450 1032 1499 iam,
1053 1451 1105 1489 ita
1124 1451 1257 1489 animo
1280 1453 1426 1489 malest.
1588 1457 1653 1502 365

181 1532 218 1564 15
241 1520 315 1556 PH.
349 1532 474 1564 mane,
497 1517 646 1567 aliquid
667 1518 744 1564 fiet,
767 1517 817 1555 ne
836 1516 912 1555 abi.
973 1518 1038 1555 D1.
1070 1518 1144 1555 ah!
1178 1516 1373 1567 aspersisti
1393 1530 1547 1567 aquam.

239 1583 316 1622 iam
338 1583 451 1622 rediit
470 1583 635 1621 animus.
694 1584 810 1621 deme
831 1584 967 1629 soleas,
991 1584 1091 1621 cedo
1112 1582 1258 1621 bibam.

240 1651 313 1687 PH.
346 1649 451 1688 idem
473 1662 513 1687 es
534 1656 727 1687 mecastor
747 1647 814 1698 qui
835 1650 946 1687 soleS.
1006 1650 1076 1687 sed
1100 1648 1164 1687 dic
1191 1648 1300 1696 mihi,

240 1715 394 1753 benene
414 1714 728 1752 ambulatumst?
786 1715 851 1751 D1.
884 1715 962 1752 huc
983 1713 1144 1764 quidem
1171 1715 1301 1752 hercle
1322 1715 1372 1752 ad
1393 1721 1431 1753 te
1453 1715 1567 1762 bene,
1588 1741 1589 1744 =

240 1779 332 1830 quia
353 1778 408 1817 tui
429 1777 591 1816 uidendi
611 1777 725 1828 copia
745 1786 813 1816 est.
873 1780 948 1817 PH.
980 1781 1251 1830 complectere.
1588 1791 1656 1827 370

284 1895 349 1926 349
372 1886 634 1917 confutauerunt
659 1886 724 1918 cod.
751 1888 827 1928 (pro
850 1889 936 1927 -uef,
963 1889 982 1919 i.
997 1899 1020 1919 e.
1047 1889 1222 1920 -uerumlt
1255 1899 1331 1920 corr.
1360 1888 1570 1919 Camerarius

241 1939 306 1969 350
329 1934 502 1960 aestuosas
518 1930 643 1961 Bothe:
669 1934 721 1961 est
739 1941 799 1962 uos
820 1933 860 1962 ad
883 1931 950 1963 cod.
1093 1943 1153 1971 351
1182 1933 1267 1963 infra
1286 1931 1351 1963 cod.
1380 1934 1473 1971 (corr.
1501 1930 1566 1972 D¹)

241 1983 304 2012 353
329 1973 445 2004 accedit
460 1973 491 2003 A
549 1974 705 2004 uoluntas
719 1973 752 2004 Ρ
851 1985 913 2014 354
939 1975 1008 2006 olet
1021 1976 1071 2017 ut]
1091 1977 1144 2006 ole
1162 1977 1205 2006 lui
1223 1976 1255 2006 P
1349 1986 1410 2014 355
1428 1975 1483 2014 qui
1501 1981 1567 2006 tam

241 2016 274 2047 Ρ
290 2018 364 2056 (pro
380 2017 536 2056 quittam)
614 2018 743 2048 facetus
761 2018 793 2048 A
866 2020 922 2058 qui
941 2019 1034 2061 tuae]
1054 2020 1134 2059 quid
1153 2022 1228 2060 (pro
1241 2020 1324 2060 quit}
1343 2031 1385 2050 ue
1401 2019 1434 2050 P
1505 2020 1570 2058 356

242 2060 311 2090 dini
328 2061 438 2091 archis
456 2062 593 2091 auiuum
612 2061 644 2092 P
710 2072 771 2101 357
791 2062 925 2093 hercule
943 2065 973 2094 A
1065 2064 1129 2102 358
1152 2064 1325 2095 auortistis
1344 2064 1374 2094 Ρ
1460 2063 1523 2093 sim
1541 2062 1574 2093 P

242 2114 306 2143 359
323 2115 424 2135 cenas
442 2105 543 2135 hodie
560 2105 592 2134 A
684 2108 748 2144 360
772 2116 873 2137 cenas
890 2106 920 2136 A
944 2118 950 2137 :
975 2108 1125 2138 cenabist
1142 2108 1174 2138 Ρ
1246 2108 1366 2138 luseris
1382 2108 1415 2138 P
1431 2107 1454 2146 (l
1468 2113 1527 2147 pro
1544 2107 1569 2141 i)

242 2149 303 2187 361
330 2148 464 2179 iubente
482 2148 514 2178 Β
530 2148 645 2188 etfort.
670 2149 703 2179 A
837 2152 900 2189 362
924 2156 1127 2190 promestum
1146 2151 1179 2181 P
1307 2153 1370 2190 363
1395 2152 1516 2182 uellem
1534 2150 1567 2180 A

243 2196 360 2231 posset
376 2193 408 2222 A
502 2191 647 2223 credoP
733 2193 828 2223 mihil
849 2204 935 2233 puer
951 2194 1086 2234 A‚s01s1⁴.
1107 2199 1191 2230 recle,
1212 2207 1291 2226 nam
1310 2206 1393 2234 puer
1409 2206 1471 2226 voc.
1493 2205 1569 2225 casu

243 2236 356 2275 infine
370 2246 482 2266 versus
502 2246 568 2266 non
585 2235 725 2276 displicet
811 2239 875 2275 366
900 2238 958 2268 fiet
975 2238 1032 2279 ne]
1053 2239 1120 2269 fine
1137 2239 1170 2269 Ρ
1185 2241 1284 2279 &pro
1298 2239 1330 2277 fi,
1347 2240 1366 2270 ι’.
1379 2250 1402 2270 e.
1423 2239 1491 2272 fiet.
1509 2239 1567 2276 ne)

243 2279 301 2320 ah]
321 2280 361 2310 ab
378 2279 411 2309 P
539 2281 602 2319 367
627 2280 738 2310 uiuam
755 2279 789 2309 P
915 2281 979 2320 368
1004 2286 1136 2313 ecastor
1152 2282 1184 2312 P
1268 2284 1355 2314 dicat
1375 2282 1405 2312 Ρ
1485 2273 1569 2321 ’369

244 2323 419 2354 ambulasti
436 2323 469 2354 P
554 2324 596 2353 ad
613 2327 645 2354 te
663 2323 765 2365 bene]
786 2324 930 2355 attibent
947 2324 981 2354 P
1106 2336 1171 2365 370
1194 2337 1292 2366 quam
1309 2326 1343 2357 P
1358 2326 1411 2368 (cf.
1429 2326 1476 2357 (ια’
1488 2326 1565 2366 488)

245 2372 279 2397 tu
297 2367 328 2397 A
421 2367 603 2398 uidendum
622 2371 673 2398 est
691 2368 788 2406 copia
805 2367 838 2397 P
922 2368 972 2399 vel
984 2370 1112 2409 copiast

981 2514 1003 2525 A
