1783 2707
159 133 274 170 III.i
671 131 717 168 T.
751 130 931 169 MACCI
963 129 1167 166 PLAVTI

264 245 332 280 PE.
364 242 493 281 habeo
520 240 698 280 eccillam
726 253 855 277 meam
882 239 1078 288 clientam,
1101 236 1346 276 meretricem
1366 237 1592 274 adulescen-

1454 303 1588 338 tularn.

263 374 332 412 sed
365 372 460 423 quid
492 385 537 411 ea
572 384 664 409 usus
697 372 786 408 est?
855 371 924 407 ΡΑ.
956 376 998 407 ut
1029 370 1080 407 ad
1115 376 1152 407 te
1186 381 1273 406 eam
1304 367 1382 404 iam
1416 367 1589 404 deducas
1609 378 1678 414 790

1426 432 1590 469 domum

266 503 397 553 itaque
418 516 504 541 eam
521 504 599 540 huc
620 509 797 540 ornatam
818 501 1002 546 adducas,
1027 513 1073 538 ex
1093 506 1358 543 matronarum
1380 497 1512 543 modo,

188 587 245 619 ¹95
266 568 393 618 capite
415 575 587 617 compto,
611 566 726 605 crinis
748 565 944 615 uittasque
965 565 1108 602 habeat
1129 563 1419 611 adsimuletque
1439 575 1480 598 se

266 642 373 672 tuam
395 647 480 671 esse
500 645 661 671 uxorem
682 647 688 669 z
720 631 773 669 ita
794 629 1119 681 praecipiundum
1142 637 1210 667 est.
1272 630 1338 665 PL.
1372 641 1455 665 erro
1476 639 1595 676 quam

1301 692 1456 730 insistas
1477 691 1592 729 uiam.

268 767 336 803 PA.
369 771 407 802 at
441 762 581 801 scietis.
641 763 712 800 sed
748 774 873 811 ecqua
907 759 1087 798 ancillast
1123 758 1206 797 illi?
1274 760 1341 795 PE.
1384 756 1441 795 est
1473 756 1596 806 prime

1497 828 1594 859 cata.

270 898 338 934 ΡΑ.
371 909 417 934 ea
441 906 601 945 quoque
631 905 729 943 opus
754 899 822 930 est.
882 891 935 929 ita
959 888 1174 940 praecipito
1205 886 1356 926 mulieri
1385 894 1503 937 atque
1532 899 1597 924 an·
1616 896 1680 933 795

1431 953 1595 999 cillulae,

271 1036 312 1067 ut
334 1027 489 1066 simulet
510 1039 551 1064 se
571 1033 679 1063 tuam
700 1037 785 1062 esse
804 1035 966 1061 uxorem
986 1028 1024 1060 et
1045 1019 1221 1071 deperire
1241 1021 1347 1058 hunc
1369 1018 1542 1064 militem,

192 1115 254 1137 200
273 1093 464 1144 quasique
485 1089 624 1142 hu<n)c
643 1091 805 1128 anulum
827 1089 964 1126 faueae
989 1100 1082 1125 suae
1103 1085 1268 1133 dederit,
1289 1099 1335 1123 ea
1355 1097 1469 1135 porro
1491 1083 1597 1131 mihi,

274 1158 385 1196 militi
406 1165 447 1195 ut
468 1158 613 1201 darem,
633 1154 824 1205 quasique
845 1166 917 1203 ego
938 1151 991 1190 rei
1013 1151 1085 1189 sim
1107 1150 1306 1201 interpres.
1367 1152 1435 1188 PE.
1467 1148 1597 1187 audio.

271 1239 321 1262 ne
343 1237 404 1262 me
426 1223 587 1261 surdum
609 1219 853 1259 uerberauit!
885 1218 916 1256 si
937 1218 1070 1264 audes,
1094 1230 1166 1267 ego
1187 1224 1291 1255 recte
1313 1215 1410 1254 meis

270 1290 372 1329 auris
394 1297 435 1327 ut
655 1301 673 1321 21<
865 1283 973 1336 (ΡΑ.)
1164 1296 1182 1316 *
1618 1284 1705 1324 799a

274 1355 309 1394 ei
330 1354 446 1401 dabo,
469 1352 525 1404 (a)
545 1360 610 1390 tua
632 1351 684 1389 mi
705 1364 824 1389 uxore
846 1349 975 1389 dicarn
997 1349 1171 1387 delatum
1193 1354 1231 1385 et
1253 1347 1402 1394 datum,
1621 1351 1691 1385 800

195 1437 256 1468 205
275 1429 317 1459 ut
339 1433 423 1459 sese
443 1420 494 1457 ad
515 1431 604 1456 eum
622 1416 872 1455 conciliarem
891 1429 901 1463 3
930 1413 993 1452 ille
1007 1412 1202 1452 eiusmodi
1217 1420 1274 1450 est
1292 1427 1298 1449 z
1329 1411 1459 1461 cupiet
1474 1410 1599 1457 miser,

277 1486 343 1536 qui
365 1485 438 1523 nisi
459 1482 651 1522 adulterio
674 1481 873 1521 studiosus
896 1479 950 1518 rei
972 1478 1068 1517 nulli
1091 1478 1225 1517 aliaest
1248 1477 1447 1528 inprobus.

278 1554 346 1589 PE.
379 1563 459 1588 non
480 1548 607 1600 potuit
627 1547 804 1597 reperire,
828 1545 859 1584 si
880 1544 954 1594 ipsi
976 1543 1056 1582 Soli
1079 1544 1323 1594 quaerendas
1345 1544 1467 1588 clares,

277 1615 486 1667 lepidiores
520 1615 618 1653 duas
652 1614 703 1651 ad
736 1613 839 1650 hanc
874 1623 955 1648 rem
995 1610 1114 1659 quam
1153 1622 1236 1659 ego.
1296 1608 1398 1646 habe
1429 1608 1602 1647 animum

1442 1674 1601 1712 bonum.

323 1789 450 1827 789-91
473 1789 601 1826 praesto
633 1788 679 1815 est
703 1784 736 1814 A
906 1784 968 1823 789
992 1782 1149 1813 clientam
1174 1790 1281 1810 meam
1313 1780 1524 1811 meretricem
1547 1781 1605 1811 A:

280 1842 386 1863 meam
419 1829 751 1860 clientarneletricem
780 1827 812 1858 P
836 1827 926 1868 (mel.
945 1828 1064 1867 forma
1091 1825 1254 1865 vulgaris>
1406 1835 1468 1864 790
1492 1829 1549 1855 aut
1572 1824 1604 1854 A

283 1875 346 1911 (vel
359 1875 400 1911 A,
423 1874 442 1905 i.
458 1885 481 1904 e.
498 1879 579 1914 pers.
601 1876 686 1907 nota,
706 1873 757 1908 ut)
893 1881 952 1911 791
973 1881 1015 1901 ex
1033 1881 1097 1900 om.
1117 1868 1149 1898 P
1280 1870 1430 1907 792-804
1455 1879 1606 1898 versumn

281 1920 373 1949 inilia
401 1918 556 1958 leguntur
576 1917 609 1946 A
753 1927 815 1956 793
839 1914 947 1955 tuam]
977 1919 1042 1944 tarn
1064 1912 1097 1942 P
1228 1922 1289 1951 794
1314 1913 1462 1952 haecque
1486 1911 1520 1942 P
1537 1913 1606 1945 (tle.

283 1962 426 2002 ecquae)
532 1961 580 1991 vel
602 1960 668 1991 illic
768 1960 874 2000 prime
892 1965 965 1990 cata
989 1956 1202 1988 Salmasius:
1228 1956 1401 1995 primicata
1422 1955 1462 1995 P,
1481 1955 1513 1985 A
1534 1967 1563 1986 u.
1583 1955 1603 1986 l.

284 2016 345 2046 795
371 2005 555 2045 praecipito
573 2004 760 2035 Saracenas
778 2016 783 2035 :
809 2003 978 2044 praecipio
994 2001 1033 2038 P,
1053 2001 1085 2030 A
1105 2011 1137 2031 n.
1155 1999 1175 2030 Ι.
1312 2009 1371 2038 797
1399 1999 1487 2030 hunc
1508 1999 1582 2029 Ital.
1602 2011 1608 2029 :

283 2052 346 2081 hoc
365 2049 446 2080 AB:
464 2049 529 2079 huc
545 2047 617 2078 PCD
706 2049 821 2079 saueae
835 2058 918 2078 suae
932 2045 1096 2085 Scaliger:
1118 2044 1282 2073 famaesae
1302 2042 1449 2084 [ancille]
1466 2043 1608 2083 (famose

284 2094 403 2125 ancille
419 2093 463 2125 B)
484 2092 515 2122 Ρ
530 2093 586 2125 (iv.
610 2103 637 2128 Ι,
656 2104 687 2132 p.
709 2093 777 2128 61),
798 2091 829 2121 A
843 2102 874 2123 u.
892 2091 911 2121 l.
1051 2089 1112 2127 798
1136 2086 1211 2128 (ei)
1229 2087 1276 2116 rei
1294 2085 1420 2116 Ritsclzl
1548 2097 1611 2125 799

285 2142 441 2169 uei-uerat
469 2137 515 2167 uit
544 2136 749 2166 (uerberauit
780 2135 826 2167 B)
859 2135 885 2164 si
914 2133 1010 2164 audis
1038 2131 1124 2162 cod.:
1145 2140 1220 2160 esse
1239 2130 1411 2161 arbitreris
1435 2130 1555 2169 (innuo
1575 2135 1610 2159 tu

1378 2179 1418 2199 uit

286 2215 466 2253 arbitrere)
485 2215 585 2245 sodes
603 2214 737 2254 Seyffi’rt
803 2213 878 2252 sort
904 2210 1047 2242 uerbera
1067 2207 1166 2249 (unde
1178 2206 1244 2238 cod.
1262 2207 1430 2245 uerberat)
1534 2209 1611 2246 799³

288 2271 351 2290 om.
370 2259 404 2289 P
418 2260 466 2298 (si
479 2259 512 2288 in
529 2258 559 2288 ei
580 2258 630 2297 (ef.
649 2268 676 2288 v.
697 2257 775 2290 800)
794 2266 905 2286 versus
922 2254 1020 2291 desiit,
1037 2255 1169 2293 propter
1182 2251 1383 2287 homoeotel.)
1485 2252 1609 2287 (meas)

289 2304 392 2334 Auris
416 2307 491 2333 utor
516 2301 672 2341 Sejffcrt:
697 2300 845 2331 Auribus
869 2304 943 2329 utor
966 2297 1032 2327 Leo
1164 2295 1229 2324 800
1255 2294 1316 2334 (ei)
1335 2294 1422 2325 dabo
1438 2294 1471 2323 A
1493 2294 1610 2334 (suppl.

290 2346 440 2383 Ribbeck)
456 2358 462 2378 :
488 2345 573 2376 dabo
590 2344 623 2374 P
767 2355 786 2374 a
804 2342 879 2374 add.
903 2340 1113 2373 Camerarius
1130 2338 1178 2377 (A
1198 2348 1229 2369 n.
1249 2337 1285 2375 l.)
1425 2348 1565 2368 uxorem
1582 2337 1616 2367 P

294 2391 339 2425 (A
360 2402 394 2420 n.
414 2390 454 2424 l.)
558 2390 621 2427 803
647 2387 739 2427 potui
755 2386 795 2423 P,
807 2386 839 2416 A
853 2397 884 2416 n.
900 2386 918 2417 Ι.
1016 2382 1156 2423 reperiri
1171 2380 1203 2410 Β
1300 2382 1362 2420 804
1387 2380 1513 2424 (ergo)
1526 2381 1612 2411 habe

293 2433 430 2465 Pradel:
458 2431 603 2474 (dabo.)
620 2431 703 2461 habe
721 2430 831 2461 Luclzs
848 2429 895 2469 <A
916 2440 945 2459 n.
970 2428 1006 2466 l.)

999 2519 1021 2530 l
