<?xml version="1.0" encoding="UTF-8"?>
<!DOCTYPE html PUBLIC "-//W3C//DTD XHTML 1.0 Transitional//EN"
    "http://www.w3.org/TR/xhtml1/DTD/xhtml1-transitional.dtd">
<html xmlns="http://www.w3.org/1999/xhtml" xml:lang="en" lang="en">
 <head>
  <title>
</title>
<meta http-equiv="Content-Type" content="text/html;charset=utf-8" />
  <meta name='ocr-system' content='tesseract 3.04.00' />
  <meta name='ocr-capabilities' content='ocr_page ocr_carea ocr_par ocr_line ocrx_word'/>
</head>
<body>
  <div class='ocr_page' id='page_1' title='image "./tmacciplauticomo02plauuoft_0167.png"; bbox 0 0 1731 2713; ppageno 0'>
   <div class='ocr_carea' id='block_1_1' title="bbox 740 115 1522 156">
    <p class='ocr_par' dir='ltr' id='par_1_1' title="bbox 740 115 1522 156">
     <span class='ocr_line' id='line_1_1' title="bbox 740 115 1522 156; baseline -0.005 0"><span class='ocrx_word' id='word_1_1' title='bbox 740 120 914 156; x_wconf 72' lang='lat' dir='ltr'>PERSA</span> <span class='ocrx_word' id='word_1_2' title='bbox 1435 117 1485 153; x_wconf 88' lang='lat'>11.</span> <span class='ocrx_word' id='word_1_3' title='bbox 1509 115 1522 152; x_wconf 95' lang='lat' dir='ltr'>i</span> 
     </span>
    </p>
   </div>
   <div class='ocr_carea' id='block_1_2' title="bbox 84 228 1554 1245">
    <p class='ocr_par' dir='ltr' id='par_1_2' title="bbox 84 228 1554 1245">
     <span class='ocr_line' id='line_1_2' title="bbox 155 228 1528 282; baseline -0.007 -11"><span class='ocrx_word' id='word_1_4' title='bbox 155 247 256 282; x_wconf 18' lang='lat' dir='ltr'>*nam</span> <span class='ocrx_word' id='word_1_5' title='bbox 287 232 470 282; x_wconf 73' lang='lat' dir='ltr'>equidem</span> <span class='ocrx_word' id='word_1_6' title='bbox 502 239 538 269; x_wconf 73' lang='lat' dir='ltr'>tc</span> <span class='ocrx_word' id='word_1_7' title='bbox 569 230 644 268; x_wconf 74' lang='lat' dir='ltr'>iam</span> <span class='ocrx_word' id='word_1_8' title='bbox 676 236 802 268; x_wconf 81' lang='lat' dir='ltr'>sector</span> <span class='ocrx_word' id='word_1_9' title='bbox 831 228 1011 278; x_wconf 81' lang='lat' dir='ltr'>quintum</span> <span class='ocrx_word' id='word_1_10' title='bbox 1044 228 1148 264; x_wconf 74' lang='lat' dir='ltr'>litme</span> <span class='ocrx_word' id='word_1_11' title='bbox 1176 239 1335 272; x_wconf 72' lang='lat' dir='ltr'>annum,</span> <span class='ocrx_word' id='word_1_12' title='bbox 1368 238 1488 274; x_wconf 75' lang='lat' dir='ltr'>quom</span> <span class='ocrx_word' id='word_1_13' title='bbox 1512 238 1528 270; x_wconf 80' lang='lat'>5</span> 
     </span>
     <span class='ocr_line' id='line_1_3' title="bbox 1179 291 1488 337; baseline -0.003 -8"><span class='ocrx_word' id='word_1_14' title='bbox 1179 291 1335 337; x_wconf 70' lang='lat' dir='ltr'>interca,</span> <span class='ocrx_word' id='word_1_15' title='bbox 1360 291 1488 337; x_wconf 68' lang='lat' dir='ltr'>credo,</span> 
     </span>
     <span class='ocr_line' id='line_1_4' title="bbox 167 354 1491 409; baseline -0.005 -10"><span class='ocrx_word' id='word_1_16' title='bbox 167 362 242 401; x_wconf 69' lang='lat' dir='ltr'>oui*</span> <span class='ocrx_word' id='word_1_17' title='bbox 273 362 303 399; x_wconf 70' lang='lat' dir='ltr'>si</span> <span class='ocrx_word' id='word_1_18' title='bbox 335 362 372 399; x_wconf 78' lang='lat' dir='ltr'>in</span> <span class='ocrx_word' id='word_1_19' title='bbox 404 362 538 399; x_wconf 81' lang='lat' dir='ltr'>ludum</span> <span class='ocrx_word' id='word_1_20' title='bbox 572 361 651 407; x_wconf 72' lang='lat' dir='ltr'>iret,</span> <span class='ocrx_word' id='word_1_21' title='bbox 685 359 874 409; x_wconf 68' lang='lat' dir='ltr'>potuisset</span> <span class='ocrx_word' id='word_1_22' title='bbox 904 358 979 396; x_wconf 74' lang='lat' dir='ltr'>iam</span> <span class='ocrx_word' id='word_1_23' title='bbox 1013 357 1092 395; x_wconf 77' lang='lat' dir='ltr'>ficri</span> <span class='ocrx_word' id='word_1_24' title='bbox 1123 364 1164 395; x_wconf 85' lang='lat' dir='ltr'>ut</span> <span class='ocrx_word' id='word_1_25' title='bbox 1195 356 1316 406; x_wconf 78' lang='lat' dir='ltr'>probo</span> <span class='ocrx_word' id='word_1_26' title='bbox 1347 354 1491 393; x_wconf 73' lang='lat' dir='ltr'>litteras</span> 
     </span>
     <span class='ocr_line' id='line_1_5' title="bbox 1365 420 1488 467; baseline 0 -10"><span class='ocrx_word' id='word_1_27' title='bbox 1365 420 1488 467; x_wconf 74' lang='lat' dir='ltr'>sciret,</span> 
     </span>
     <span class='ocr_line' id='line_1_6' title="bbox 155 487 1490 542; baseline -0.006 -11"><span class='ocrx_word' id='word_1_28' title='bbox 155 497 287 542; x_wconf 74' lang='lat' dir='ltr'>&#39;quom</span> <span class='ocrx_word' id='word_1_29' title='bbox 309 491 461 530; x_wconf 73' lang='lat' dir='ltr'>interim</span> <span class='ocrx_word' id='word_1_30' title='bbox 484 501 524 529; x_wconf 83' lang='lat' dir='ltr'>tu</span> <span class='ocrx_word' id='word_1_31' title='bbox 547 504 676 529; x_wconf 75' lang='lat' dir='ltr'>meum</span> <span class='ocrx_word' id='word_1_32' title='bbox 699 489 898 540; x_wconf 75' lang='lat' dir='ltr'>ingenium</span> <span class='ocrx_word' id='word_1_33' title='bbox 922 491 1005 527; x_wconf 79' lang='lat' dir='ltr'>fans</span> <span class='ocrx_word' id='word_1_34' title='bbox 1025 498 1143 538; x_wconf 76' lang='lat' dir='ltr'>atquo</span> <span class='ocrx_word' id='word_1_35' title='bbox 1164 488 1291 526; x_wconf 70' lang='lat' dir='ltr'>infans</span> <span class='ocrx_word' id='word_1_36' title='bbox 1312 487 1490 524; x_wconf 80' lang='lat' dir='ltr'>nondum</span> 
     </span>
     <span class='ocr_line' id='line_1_7' title="bbox 1145 550 1489 592; baseline -0.009 -1"><span class='ocrx_word' id='word_1_37' title='bbox 1145 552 1262 592; x_wconf 77' lang='lat' dir='ltr'>etiam</span> <span class='ocrx_word' id='word_1_38' title='bbox 1284 550 1489 591; x_wconf 62' lang='lat' dir='ltr'>edidicisti.</span> 
     </span>
     <span class='ocr_line' id='line_1_8' title="bbox 84 619 1157 671; baseline -0.005 -10"><span class='ocrx_word' id='word_1_39' title='bbox 84 634 146 671; x_wconf 85' lang='lat'>175</span> <span class='ocrx_word' id='word_1_40' title='bbox 382 622 492 671; x_wconf 81' lang='lat' dir='ltr'>potin</span> <span class='ocrx_word' id='word_1_41' title='bbox 514 630 555 660; x_wconf 85' lang='lat' dir='ltr'>ut</span> <span class='ocrx_word' id='word_1_42' title='bbox 576 622 733 659; x_wconf 76' lang='lat' dir='ltr'>taceas?</span> <span class='ocrx_word' id='word_1_43' title='bbox 763 619 874 670; x_wconf 82' lang='lat' dir='ltr'>potin</span> <span class='ocrx_word' id='word_1_44' title='bbox 896 632 944 658; x_wconf 81' lang='lat' dir='ltr'>ne</span> <span class='ocrx_word' id='word_1_45' title='bbox 967 619 1157 657; x_wconf 81' lang='lat' dir='ltr'>moneas?</span> 
     </span>
     <span class='ocr_line' id='line_1_9' title="bbox 383 682 1253 725; baseline -0.005 -1"><span class='ocrx_word' id='word_1_46' title='bbox 383 686 544 725; x_wconf 82' lang='lat' dir='ltr'>memini</span> <span class='ocrx_word' id='word_1_47' title='bbox 564 694 601 725; x_wconf 77' lang='lat' dir='ltr'>et</span> <span class='ocrx_word' id='word_1_48' title='bbox 623 685 703 724; x_wconf 79' lang='lat' dir='ltr'>scio</span> <span class='ocrx_word' id='word_1_49' title='bbox 725 694 762 724; x_wconf 79' lang='lat' dir='ltr'>et</span> <span class='ocrx_word' id='word_1_50' title='bbox 783 686 907 724; x_wconf 77' lang='lat' dir='ltr'>calleo</span> <span class='ocrx_word' id='word_1_51' title='bbox 928 692 966 723; x_wconf 79' lang='lat' dir='ltr'>et</span> <span class='ocrx_word' id='word_1_52' title='bbox 987 682 1253 723; x_wconf 77' lang='lat' dir='ltr'>commemini.</span> 
     </span>
     <span class='ocr_line' id='line_1_10' title="bbox 380 748 1554 803; baseline -0.007 -12"><span class='ocrx_word' id='word_1_53' title='bbox 380 766 487 791; x_wconf 79' lang='lat' dir='ltr'>amas</span> <span class='ocrx_word' id='word_1_54' title='bbox 509 753 574 803; x_wconf 87' lang='lat' dir='ltr'>pol</span> <span class='ocrx_word' id='word_1_55' title='bbox 596 751 757 790; x_wconf 73' lang='lat' dir='ltr'>misera:</span> <span class='ocrx_word' id='word_1_56' title='bbox 789 751 828 790; x_wconf 91' lang='lat' dir='ltr'>id</span> <span class='ocrx_word' id='word_1_57' title='bbox 850 752 927 789; x_wconf 86' lang='lat' dir='ltr'>tuo’</span> <span class='ocrx_word' id='word_1_58' title='bbox 950 758 1071 788; x_wconf 79' lang='lat' dir='ltr'>scatet</span> <span class='ocrx_word' id='word_1_59' title='bbox 1091 748 1256 788; x_wconf 79' lang='lat' dir='ltr'>animus.</span> <span class='ocrx_word' id='word_1_60' title='bbox 1517 759 1554 784; x_wconf 78' lang='grc' dir='ltr'>ιο</span> 
     </span>
     <span class='ocr_line' id='line_1_11' title="bbox 381 814 1191 868; baseline -0.005 -12"><span class='ocrx_word' id='word_1_61' title='bbox 381 831 454 868; x_wconf 78' lang='lat' dir='ltr'>ego</span> <span class='ocrx_word' id='word_1_62' title='bbox 474 817 573 856; x_wconf 80' lang='lat' dir='ltr'>istuc</span> <span class='ocrx_word' id='word_1_63' title='bbox 595 816 794 867; x_wconf 79' lang='lat' dir='ltr'>placidum</span> <span class='ocrx_word' id='word_1_64' title='bbox 817 815 886 854; x_wconf 90' lang='lat' dir='ltr'>tibi</span> <span class='ocrx_word' id='word_1_65' title='bbox 908 823 949 854; x_wconf 85' lang='lat' dir='ltr'>ut</span> <span class='ocrx_word' id='word_1_66' title='bbox 971 815 1019 854; x_wconf 84' lang='lat' dir='ltr'>sit</span> <span class='ocrx_word' id='word_1_67' title='bbox 1040 814 1191 853; x_wconf 79' lang='lat' dir='ltr'>faciam.</span> 
     </span>
     <span class='ocr_line' id='line_1_12' title="bbox 384 878 1373 932; baseline -0.003 -12"><span class='ocrx_word' id='word_1_68' title='bbox 384 883 499 921; x_wconf 79' lang='lat' dir='ltr'>miser</span> <span class='ocrx_word' id='word_1_69' title='bbox 520 890 576 920; x_wconf 77' lang='lat' dir='ltr'>est</span> <span class='ocrx_word' id='word_1_70' title='bbox 598 881 664 932; x_wconf 83' lang='lat' dir='ltr'>qui</span> <span class='ocrx_word' id='word_1_71' title='bbox 685 889 800 920; x_wconf 77' lang='lat' dir='ltr'>amat.</span> <span class='ocrx_word' id='word_1_72' title='bbox 862 888 968 919; x_wconf 77' lang='lat' dir='ltr'>certo</span> <span class='ocrx_word' id='word_1_73' title='bbox 990 880 1021 918; x_wconf 75' lang='lat' dir='ltr'>is</span> <span class='ocrx_word' id='word_1_74' title='bbox 1043 880 1203 930; x_wconf 83' lang='lat' dir='ltr'>quidem</span> <span class='ocrx_word' id='word_1_75' title='bbox 1225 878 1373 917; x_wconf 76' lang='lat' dir='ltr'>nihilist</span> 
     </span>
     <span class='ocr_line' id='line_1_13' title="bbox 87 944 1396 999; baseline -0.007 -8"><span class='ocrx_word' id='word_1_76' title='bbox 87 955 150 991; x_wconf 86' lang='lat'>180</span> <span class='ocrx_word' id='word_1_77' title='bbox 382 948 448 999; x_wconf 84' lang='lat' dir='ltr'>qui</span> <span class='ocrx_word' id='word_1_78' title='bbox 470 947 566 986; x_wconf 79' lang='lat' dir='ltr'>nihil</span> <span class='ocrx_word' id='word_1_79' title='bbox 588 955 692 986; x_wconf 79' lang='lat' dir='ltr'>amat</span> <span class='ocrx_word' id='word_1_80' title='bbox 710 963 716 985; x_wconf 90' lang='lat'>:</span> <span class='ocrx_word' id='word_1_81' title='bbox 748 947 844 997; x_wconf 87' lang='lat' dir='ltr'>quid</span> <span class='ocrx_word' id='word_1_82' title='bbox 865 946 900 985; x_wconf 73' lang='lat' dir='ltr'>ei</span> <span class='ocrx_word' id='word_1_83' title='bbox 922 945 1072 984; x_wconf 81' lang='lat' dir='ltr'>homini</span> <span class='ocrx_word' id='word_1_84' title='bbox 1096 947 1185 996; x_wconf 88' lang='lat' dir='ltr'>opu&#39;</span> <span class='ocrx_word' id='word_1_85' title='bbox 1208 944 1288 983; x_wconf 84' lang='lat' dir='ltr'>uita</span> <span class='ocrx_word' id='word_1_86' title='bbox 1309 946 1396 983; x_wconf 80' lang='lat' dir='ltr'>est?</span> 
     </span>
     <span class='ocr_line' id='line_1_14' title="bbox 221 1008 1495 1063; baseline -0.004 -10"><span class='ocrx_word' id='word_1_87' title='bbox 221 1014 275 1053; x_wconf 80' lang='lat' dir='ltr'>ire</span> <span class='ocrx_word' id='word_1_88' title='bbox 291 1015 405 1053; x_wconf 78' lang='lat' dir='ltr'>decet</span> <span class='ocrx_word' id='word_1_89' title='bbox 427 1026 499 1059; x_wconf 79' lang='lat' dir='ltr'>me,</span> <span class='ocrx_word' id='word_1_90' title='bbox 519 1020 560 1051; x_wconf 90' lang='lat' dir='ltr'>ut</span> <span class='ocrx_word' id='word_1_91' title='bbox 576 1026 664 1052; x_wconf 77' lang='lat' dir='ltr'><strong>erae</strong></span> <span class='ocrx_word' id='word_1_92' title='bbox 681 1025 905 1063; x_wconf 80' lang='lat' dir='ltr'>opsequens</span> <span class='ocrx_word' id='word_1_93' title='bbox 922 1012 1024 1059; x_wconf 83' lang='lat' dir='ltr'>fiam,</span> <span class='ocrx_word' id='word_1_94' title='bbox 1044 1011 1165 1050; x_wconf 79' lang='lat' dir='ltr'>libera</span> <span class='ocrx_word' id='word_1_95' title='bbox 1186 1023 1232 1049; x_wconf 84' lang='lat' dir='ltr'>ea</span> <span class='ocrx_word' id='word_1_96' title='bbox 1251 1022 1370 1060; x_wconf 79' lang='lat' dir='ltr'>opera</span> <span class='ocrx_word' id='word_1_97' title='bbox 1385 1008 1495 1048; x_wconf 81' lang='lat' dir='ltr'>ocius</span> 
     </span>
     <span class='ocr_line' id='line_1_15' title="bbox 1371 1073 1492 1113; baseline -0.008 0"><span class='ocrx_word' id='word_1_98' title='bbox 1371 1082 1413 1113; x_wconf 89' lang='lat' dir='ltr'>ut</span> <span class='ocrx_word' id='word_1_99' title='bbox 1433 1073 1492 1113; x_wconf 84' lang='lat' dir='ltr'>sit.</span> 
     </span>
     <span class='ocr_line' id='line_1_16' title="bbox 222 1141 1554 1192; baseline -0.004 -9"><span class='ocrx_word' id='word_1_100' title='bbox 222 1144 456 1184; x_wconf 82' lang='lat' dir='ltr'>conueniam</span> <span class='ocrx_word' id='word_1_101' title='bbox 479 1145 584 1183; x_wconf 82' lang='lat' dir='ltr'>hunc</span> <span class='ocrx_word' id='word_1_102' title='bbox 602 1143 786 1182; x_wconf 81' lang='lat' dir='ltr'>Toxilum</span> <span class='ocrx_word' id='word_1_103' title='bbox 805 1158 811 1182; x_wconf 91' lang='lat'>:</span> <span class='ocrx_word' id='word_1_104' title='bbox 841 1143 924 1182; x_wconf 81' lang='lat' dir='ltr'>eius</span> <span class='ocrx_word' id='word_1_105' title='bbox 941 1142 1053 1189; x_wconf 79' lang='lat' dir='ltr'>auris,</span> <span class='ocrx_word' id='word_1_106' title='bbox 1073 1154 1174 1192; x_wconf 82' lang='lat' dir='ltr'>quae</span> <span class='ocrx_word' id='word_1_107' title='bbox 1191 1141 1376 1180; x_wconf 81' lang='lat' dir='ltr'>mandata</span> <span class='ocrx_word' id='word_1_108' title='bbox 1391 1147 1492 1188; x_wconf 82' lang='lat' dir='ltr'>sunt,</span> <span class='ocrx_word' id='word_1_109' title='bbox 1517 1155 1554 1188; x_wconf 84' lang='lat'>¹5</span> 
     </span>
     <span class='ocr_line' id='line_1_17' title="bbox 1308 1205 1493 1245; baseline -0.011 0"><span class='ocrx_word' id='word_1_110' title='bbox 1308 1205 1493 1245; x_wconf 79' lang='lat' dir='ltr'>onerabo.</span> 
     </span>
    </p>
   </div>
   <div class='ocr_carea' id='block_1_3' title="bbox 214 1311 1545 1359">
    <p class='ocr_par' dir='ltr' id='par_1_3' title="bbox 214 1311 1545 1359">
     <span class='ocr_line' id='line_1_18' title="bbox 214 1311 1545 1359; baseline -0.005 0"><span class='ocrx_word' id='word_1_111' title='bbox 214 1323 463 1359; x_wconf 62' lang='lat' dir='ltr'>Toxnvs</span> <span class='ocrx_word' id='word_1_112' title='bbox 575 1321 876 1357; x_wconf 62' lang='lat' dir='ltr'>PAEGN1VM</span> <span class='ocrx_word' id='word_1_113' title='bbox 989 1319 1455 1356; x_wconf 76' lang='lat' dir='ltr'>SOPHOCLIDISCA</span> <span class='ocrx_word' id='word_1_114' title='bbox 1516 1311 1545 1348; x_wconf 87' lang='lat' dir='ltr'>ii</span> 
     </span>
    </p>
   </div>
   <div class='ocr_carea' id='block_1_4' title="bbox 89 1396 1536 1980">
    <p class='ocr_par' dir='ltr' id='par_1_4' title="bbox 89 1396 1499 1904">
     <span class='ocr_line' id='line_1_19' title="bbox 169 1396 1497 1450; baseline -0.005 -9"><span class='ocrx_word' id='word_1_115' title='bbox 169 1405 243 1441; x_wconf 87' lang='lat' dir='ltr'>To.</span> <span class='ocrx_word' id='word_1_116' title='bbox 275 1401 384 1441; x_wconf 85' lang='lat' dir='ltr'>Satin</span> <span class='ocrx_word' id='word_1_117' title='bbox 405 1403 502 1439; x_wconf 80' lang='lat' dir='ltr'>haec</span> <span class='ocrx_word' id='word_1_118' title='bbox 527 1400 597 1439; x_wconf 85' lang='lat' dir='ltr'>tibi</span> <span class='ocrx_word' id='word_1_119' title='bbox 619 1408 709 1439; x_wconf 79' lang='lat' dir='ltr'>sunt</span> <span class='ocrx_word' id='word_1_120' title='bbox 736 1401 854 1450; x_wconf 79' lang='lat' dir='ltr'>plana</span> <span class='ocrx_word' id='word_1_121' title='bbox 873 1407 911 1438; x_wconf 83' lang='lat' dir='ltr'>et</span> <span class='ocrx_word' id='word_1_122' title='bbox 938 1400 1072 1438; x_wconf 79' lang='lat' dir='ltr'>certa?</span> <span class='ocrx_word' id='word_1_123' title='bbox 1105 1397 1205 1437; x_wconf 84' lang='lat' dir='ltr'>satin</span> <span class='ocrx_word' id='word_1_124' title='bbox 1234 1399 1332 1437; x_wconf 82' lang='lat' dir='ltr'>haec</span> <span class='ocrx_word' id='word_1_125' title='bbox 1364 1396 1497 1436; x_wconf 81' lang='lat' dir='ltr'>memi-</span> 
     </span>
     <span class='ocr_line' id='line_1_20' title="bbox 1187 1462 1497 1502; baseline 0 -1"><span class='ocrx_word' id='word_1_126' title='bbox 1187 1462 1278 1502; x_wconf 84' lang='lat' dir='ltr'>nisti</span> <span class='ocrx_word' id='word_1_127' title='bbox 1299 1469 1337 1502; x_wconf 88' lang='lat' dir='ltr'>et</span> <span class='ocrx_word' id='word_1_128' title='bbox 1358 1463 1497 1502; x_wconf 83' lang='lat' dir='ltr'>tenes?</span> 
     </span>
     <span class='ocr_line' id='line_1_21' title="bbox 172 1528 1496 1582; baseline -0.005 -10"><span class='ocrx_word' id='word_1_129' title='bbox 172 1535 239 1572; x_wconf 26' lang='lat' dir='ltr'>Pis..</span> <span class='ocrx_word' id='word_1_130' title='bbox 272 1532 410 1572; x_wconf 84' lang='lat' dir='ltr'>melius</span> <span class='ocrx_word' id='word_1_131' title='bbox 427 1544 545 1582; x_wconf 81' lang='lat' dir='ltr'>quam</span> <span class='ocrx_word' id='word_1_132' title='bbox 567 1538 608 1569; x_wconf 88' lang='lat' dir='ltr'>tu</span> <span class='ocrx_word' id='word_1_133' title='bbox 626 1530 693 1581; x_wconf 88' lang='lat' dir='ltr'>qui</span> <span class='ocrx_word' id='word_1_134' title='bbox 709 1528 890 1570; x_wconf 84' lang='lat' dir='ltr'>docuisti.</span> <span class='ocrx_word' id='word_1_135' title='bbox 950 1531 1023 1568; x_wconf 91' lang='lat' dir='ltr'>To.</span> <span class='ocrx_word' id='word_1_136' title='bbox 1056 1529 1119 1568; x_wconf 83' lang='lat' dir='ltr'>ain</span> <span class='ocrx_word' id='word_1_137' title='bbox 1142 1541 1246 1576; x_wconf 82' lang='lat' dir='ltr'>uero,</span> <span class='ocrx_word' id='word_1_138' title='bbox 1265 1528 1496 1568; x_wconf 81' lang='lat' dir='ltr'>uerbereum</span> 
     </span>
     <span class='ocr_line' id='line_1_22' title="bbox 1351 1595 1498 1645; baseline -0.014 -11"><span class='ocrx_word' id='word_1_139' title='bbox 1351 1595 1498 1645; x_wconf 82' lang='lat' dir='ltr'>caput?</span> 
     </span>
     <span class='ocr_line' id='line_1_23' title="bbox 89 1660 1498 1716; baseline -0.004 -12"><span class='ocrx_word' id='word_1_140' title='bbox 89 1670 150 1716; x_wconf 84' lang='lat'>185</span> <span class='ocrx_word' id='word_1_141' title='bbox 173 1668 240 1705; x_wconf 68' lang='grc' dir='ltr'>ΡΑ.</span> <span class='ocrx_word' id='word_1_142' title='bbox 272 1665 335 1704; x_wconf 79' lang='lat' dir='ltr'>aio</span> <span class='ocrx_word' id='word_1_143' title='bbox 364 1664 469 1703; x_wconf 80' lang='lat' dir='ltr'>enim</span> <span class='ocrx_word' id='word_1_144' title='bbox 500 1677 604 1703; x_wconf 74' lang='lat' dir='ltr'>uero.</span> <span class='ocrx_word' id='word_1_145' title='bbox 664 1664 738 1701; x_wconf 90' lang='lat' dir='ltr'>To.</span> <span class='ocrx_word' id='word_1_146' title='bbox 772 1662 867 1712; x_wconf 86' lang='lat' dir='ltr'>quid</span> <span class='ocrx_word' id='word_1_147' title='bbox 899 1674 990 1711; x_wconf 77' lang='lat' dir='ltr'>ergo</span> <span class='ocrx_word' id='word_1_148' title='bbox 1020 1660 1128 1700; x_wconf 86' lang='lat' dir='ltr'>dixi?</span> <span class='ocrx_word' id='word_1_149' title='bbox 1186 1662 1254 1698; x_wconf 69' lang='grc' dir='ltr'>ΡΑ.</span> <span class='ocrx_word' id='word_1_150' title='bbox 1287 1672 1360 1710; x_wconf 83' lang='lat' dir='ltr'>ego</span> <span class='ocrx_word' id='word_1_151' title='bbox 1393 1666 1498 1698; x_wconf 78' lang='lat' dir='ltr'>reete</span> 
     </span>
     <span class='ocr_line' id='line_1_24' title="bbox 1097 1724 1496 1777; baseline 0 -14"><span class='ocrx_word' id='word_1_152' title='bbox 1097 1726 1203 1777; x_wconf 80' lang='lat' dir='ltr'>apud</span> <span class='ocrx_word' id='word_1_153' title='bbox 1225 1725 1329 1763; x_wconf 84' lang='lat' dir='ltr'>illam</span> <span class='ocrx_word' id='word_1_154' title='bbox 1350 1724 1496 1764; x_wconf 79' lang='lat' dir='ltr'>dixero.</span> 
     </span>
     <span class='ocr_line' id='line_1_25' title="bbox 171 1789 1499 1845; baseline -0.007 -8"><span class='ocrx_word' id='word_1_155' title='bbox 171 1799 243 1837; x_wconf 92' lang='lat' dir='ltr'>To.</span> <span class='ocrx_word' id='word_1_156' title='bbox 281 1810 362 1836; x_wconf 87' lang='lat' dir='ltr'>non</span> <span class='ocrx_word' id='word_1_157' title='bbox 400 1795 543 1845; x_wconf 80' lang='lat' dir='ltr'>edepol</span> <span class='ocrx_word' id='word_1_158' title='bbox 580 1793 667 1834; x_wconf 81' lang='lat' dir='ltr'>scis.</span> <span class='ocrx_word' id='word_1_159' title='bbox 729 1795 796 1832; x_wconf 62' lang='grc' dir='ltr'>ΡΑ.</span> <span class='ocrx_word' id='word_1_160' title='bbox 835 1793 886 1832; x_wconf 65' lang='lat' dir='ltr'>dei</span> <span class='ocrx_word' id='word_1_161' title='bbox 925 1793 1054 1831; x_wconf 74' lang='lat' dir='ltr'>hercle</span> <span class='ocrx_word' id='word_1_162' title='bbox 1093 1790 1244 1842; x_wconf 82' lang='lat' dir='ltr'>pignus,</span> <span class='ocrx_word' id='word_1_163' title='bbox 1286 1789 1326 1828; x_wconf 86' lang='lat' dir='ltr'>ni</span> <span class='ocrx_word' id='word_1_164' title='bbox 1365 1789 1499 1829; x_wconf 85' lang='lat' dir='ltr'>omnia</span> 
     </span>
     <span class='ocr_line' id='line_1_26' title="bbox 1161 1854 1495 1904; baseline 0 -10"><span class='ocrx_word' id='word_1_165' title='bbox 1161 1854 1323 1894; x_wconf 82' lang='lat' dir='ltr'>memini</span> <span class='ocrx_word' id='word_1_166' title='bbox 1344 1862 1382 1894; x_wconf 82' lang='lat' dir='ltr'>et</span> <span class='ocrx_word' id='word_1_167' title='bbox 1402 1854 1495 1904; x_wconf 84' lang='lat' dir='ltr'>scio,</span> 
     </span>
    </p>

    <p class='ocr_par' dir='ltr' id='par_1_5' title="bbox 171 1920 1536 1980">
     <span class='ocr_line' id='line_1_27' title="bbox 171 1920 1536 1980; baseline -0.008 -11"><span class='ocrx_word' id='word_1_168' title='bbox 171 1937 210 1969; x_wconf 80' lang='lat' dir='ltr'>et</span> <span class='ocrx_word' id='word_1_169' title='bbox 229 1928 390 1980; x_wconf 83' lang='lat' dir='ltr'>quidem</span> <span class='ocrx_word' id='word_1_170' title='bbox 412 1929 443 1967; x_wconf 77' lang='lat' dir='ltr'>si</span> <span class='ocrx_word' id='word_1_171' title='bbox 464 1926 539 1967; x_wconf 86' lang='lat' dir='ltr'>scis</span> <span class='ocrx_word' id='word_1_172' title='bbox 560 1933 643 1966; x_wconf 84' lang='lat' dir='ltr'>tute</span> <span class='ocrx_word' id='word_1_173' title='bbox 665 1931 763 1978; x_wconf 86' lang='lat' dir='ltr'>quot</span> <span class='ocrx_word' id='word_1_174' title='bbox 785 1923 904 1964; x_wconf 81' lang='lat' dir='ltr'>hodie</span> <span class='ocrx_word' id='word_1_175' title='bbox 926 1923 1072 1962; x_wconf 80' lang='lat' dir='ltr'>habeas</span> <span class='ocrx_word' id='word_1_176' title='bbox 1095 1921 1237 1972; x_wconf 84' lang='lat' dir='ltr'>digitos</span> <span class='ocrx_word' id='word_1_177' title='bbox 1258 1920 1298 1959; x_wconf 88' lang='lat' dir='ltr'>in</span> <span class='ocrx_word' id='word_1_178' title='bbox 1319 1933 1449 1960; x_wconf 83' lang='lat' dir='ltr'>manu.</span> <span class='ocrx_word' id='word_1_179' title='bbox 1518 1934 1536 1966; x_wconf 87' lang='lat'>5</span> 
     </span>
    </p>
   </div>
   <div class='ocr_carea' id='block_1_5' title="bbox 173 2024 1504 2335">
    <p class='ocr_par' dir='ltr' id='par_1_6' title="bbox 173 2024 1504 2335">
     <span class='ocr_line' id='line_1_28' title="bbox 218 2024 1501 2074; baseline -0.008 -10"><span class='ocrx_word' id='word_1_180' title='bbox 218 2043 277 2074; x_wconf 82' lang='lat'>172</span> <span class='ocrx_word' id='word_1_181' title='bbox 301 2034 364 2065; x_wconf 86' lang='lat' dir='ltr'>iam</span> <span class='ocrx_word' id='word_1_182' title='bbox 383 2033 459 2065; x_wconf 82' lang='lat' dir='ltr'>teA</span> <span class='ocrx_word' id='word_1_183' title='bbox 549 2031 694 2073; x_wconf 86' lang='lat' dir='ltr'>interea]</span> <span class='ocrx_word' id='word_1_184' title='bbox 715 2031 848 2062; x_wconf 85' lang='lat' dir='ltr'>interim</span> <span class='ocrx_word' id='word_1_185' title='bbox 869 2029 918 2071; x_wconf 76' lang='lat' dir='ltr'>(T</span> <span class='ocrx_word' id='word_1_186' title='bbox 939 2033 977 2060; x_wconf 81' lang='lat' dir='ltr'>ul</span> <span class='ocrx_word' id='word_1_187' title='bbox 1002 2027 1083 2065; x_wconf 73' lang='lat' dir='ltr'>vid.)</span> <span class='ocrx_word' id='word_1_188' title='bbox 1107 2026 1156 2057; x_wconf 80' lang='lat' dir='ltr'>vel</span> <span class='ocrx_word' id='word_1_189' title='bbox 1175 2026 1329 2057; x_wconf 80' lang='lat' dir='ltr'>interiam</span> <span class='ocrx_word' id='word_1_190' title='bbox 1347 2024 1447 2066; x_wconf 61' lang='lat' dir='ltr'>(PBG)</span> <span class='ocrx_word' id='word_1_191' title='bbox 1469 2025 1501 2055; x_wconf 90' lang='lat' dir='ltr'><em>P</em></span> 
     </span>
     <span class='ocr_line' id='line_1_29' title="bbox 176 2068 1498 2118; baseline -0.008 -10"><span class='ocrx_word' id='word_1_192' title='bbox 176 2087 234 2118; x_wconf 84' lang='lat'>173</span> <span class='ocrx_word' id='word_1_193' title='bbox 257 2078 332 2109; x_wconf 86' lang='lat' dir='ltr'>ouis</span> <span class='ocrx_word' id='word_1_194' title='bbox 348 2076 475 2118; x_wconf 79' lang='lat' dir='ltr'><em>Bergk:</em></span> <span class='ocrx_word' id='word_1_195' title='bbox 499 2076 574 2116; x_wconf 66' lang='lat' dir='ltr'>qui}</span> <span class='ocrx_word' id='word_1_196' title='bbox 596 2076 642 2117; x_wconf 85' lang='lat' dir='ltr'>A,</span> <span class='ocrx_word' id='word_1_197' title='bbox 659 2076 740 2115; x_wconf 62' lang='lat' dir='ltr'>fiart.</span> <span class='ocrx_word' id='word_1_198' title='bbox 770 2078 845 2106; x_wconf 81' lang='lat' dir='ltr'><em>recte</em></span> <span class='ocrx_word' id='word_1_199' title='bbox 871 2073 940 2115; x_wconf 63' lang='lat' dir='ltr'>[sed</span> <span class='ocrx_word' id='word_1_200' title='bbox 957 2073 996 2113; x_wconf 84' lang='lat' dir='ltr'>cf.</span> <span class='ocrx_word' id='word_1_201' title='bbox 1015 2071 1063 2103; x_wconf 83' lang='lat' dir='ltr'>ad</span> <span class='ocrx_word' id='word_1_202' title='bbox 1082 2071 1174 2102; x_wconf 67' lang='lat' dir='ltr'><em>Truc.</em></span> <span class='ocrx_word' id='word_1_203' title='bbox 1194 2071 1269 2109; x_wconf 87' lang='lat'><strong>655,</strong></span> <span class='ocrx_word' id='word_1_204' title='bbox 1287 2068 1382 2100; x_wconf 76' lang='lat' dir='ltr'><em>Merc.</em></span> <span class='ocrx_word' id='word_1_205' title='bbox 1396 2068 1474 2108; x_wconf 77' lang='lat'><strong>524)</strong></span> <span class='ocrx_word' id='word_1_206' title='bbox 1491 2079 1498 2099; x_wconf 74' lang='grc' dir='ltr'>ε</span> 
     </span>
     <span class='ocr_line' id='line_1_30' title="bbox 173 2113 1498 2163; baseline -0.008 -11"><span class='ocrx_word' id='word_1_207' title='bbox 173 2123 245 2153; x_wconf 87' lang='lat' dir='ltr'>cuis</span> <span class='ocrx_word' id='word_1_208' title='bbox 262 2121 374 2163; x_wconf 80' lang='lat' dir='ltr'>(cuius</span> <span class='ocrx_word' id='word_1_209' title='bbox 390 2120 507 2160; x_wconf 77' lang='lat' dir='ltr'>TPCD)</span> <span class='ocrx_word' id='word_1_210' title='bbox 520 2120 553 2151; x_wconf 88' lang='lat' dir='ltr'><em>P</em></span> <span class='ocrx_word' id='word_1_211' title='bbox 639 2119 788 2159; x_wconf 84' lang='lat' dir='ltr'>potuisse</span> <span class='ocrx_word' id='word_1_212' title='bbox 806 2118 837 2149; x_wconf 84' lang='lat' dir='ltr'><em>A</em></span> <span class='ocrx_word' id='word_1_213' title='bbox 955 2126 1014 2156; x_wconf 79' lang='lat'>174</span> <span class='ocrx_word' id='word_1_214' title='bbox 1039 2116 1114 2147; x_wconf 87' lang='lat' dir='ltr'>fans</span> <span class='ocrx_word' id='word_1_215' title='bbox 1132 2124 1199 2145; x_wconf 90' lang='lat' dir='ltr'>non</span> <span class='ocrx_word' id='word_1_216' title='bbox 1217 2113 1382 2144; x_wconf 86' lang='lat' dir='ltr'>edidicisti</span> <span class='ocrx_word' id='word_1_217' title='bbox 1398 2116 1498 2152; x_wconf 83' lang='lat' dir='ltr'>atque</span> 
     </span>
     <span class='ocr_line' id='line_1_31' title="bbox 175 2156 1499 2204; baseline -0.008 -8"><span class='ocrx_word' id='word_1_218' title='bbox 175 2165 282 2196; x_wconf 83' lang='lat' dir='ltr'>infans</span> <span class='ocrx_word' id='word_1_219' title='bbox 307 2165 340 2196; x_wconf 88' lang='lat' dir='ltr'><em>P</em></span> <span class='ocrx_word' id='word_1_220' title='bbox 507 2164 569 2203; x_wconf 88' lang='lat'>178</span> <span class='ocrx_word' id='word_1_221' title='bbox 592 2162 776 2204; x_wconf 86' lang='lat' dir='ltr'>placidum]</span> <span class='ocrx_word' id='word_1_222' title='bbox 806 2161 945 2202; x_wconf 82' lang='lat' dir='ltr'>pelagus</span> <span class='ocrx_word' id='word_1_223' title='bbox 970 2161 1003 2191; x_wconf 89' lang='lat' dir='ltr'><em>A</em></span> <span class='ocrx_word' id='word_1_224' title='bbox 1178 2168 1239 2198; x_wconf 87' lang='lat'>179</span> <span class='ocrx_word' id='word_1_225' title='bbox 1262 2156 1499 2188; x_wconf 80' lang='lat' dir='ltr'>miser—amat</span> 
     </span>
     <span class='ocr_line' id='line_1_32' title="bbox 175 2199 1496 2241; baseline -0.007 -3"><span class='ocrx_word' id='word_1_226' title='bbox 175 2207 430 2240; x_wconf 79' lang='lat' dir='ltr'>Lemm&#39;selem&#39;di</span> <span class='ocrx_word' id='word_1_227' title='bbox 443 2206 606 2239; x_wconf 79' lang='lat' dir='ltr'>dmztltal.</span> <span class='ocrx_word' id='word_1_228' title='bbox 713 2205 794 2237; x_wconf 83' lang='lat' dir='ltr'>nihil</span> <span class='ocrx_word' id='word_1_229' title='bbox 811 2210 861 2236; x_wconf 79' lang='lat' dir='ltr'>est</span> <span class='ocrx_word' id='word_1_230' title='bbox 879 2204 911 2235; x_wconf 86' lang='lat' dir='ltr'><em>P</em></span> <span class='ocrx_word' id='word_1_231' title='bbox 1030 2204 1091 2234; x_wconf 82' lang='lat'>180</span> <span class='ocrx_word' id='word_1_232' title='bbox 1116 2202 1212 2233; x_wconf 90' lang='lat' dir='ltr'>nihili</span> <span class='ocrx_word' id='word_1_233' title='bbox 1230 2201 1262 2232; x_wconf 84' lang='lat' dir='ltr'><em>A</em></span> <span class='ocrx_word' id='word_1_234' title='bbox 1347 2200 1394 2241; x_wconf 80' lang='lat' dir='ltr'>ei]</span> <span class='ocrx_word' id='word_1_235' title='bbox 1413 2204 1447 2230; x_wconf 89' lang='lat' dir='ltr'>et</span> <span class='ocrx_word' id='word_1_236' title='bbox 1462 2199 1496 2229; x_wconf 82' lang='lat' dir='ltr'><em>A</em></span> 
     </span>
     <span class='ocr_line' id='line_1_33' title="bbox 178 2244 1498 2291; baseline -0.008 -8"><span class='ocrx_word' id='word_1_237' title='bbox 178 2253 235 2284; x_wconf 88' lang='lat'>181</span> <span class='ocrx_word' id='word_1_238' title='bbox 262 2253 398 2284; x_wconf 85' lang='lat' dir='ltr'>liberam</span> <span class='ocrx_word' id='word_1_239' title='bbox 414 2262 454 2282; x_wconf 82' lang='lat' dir='ltr'>ea</span> <span class='ocrx_word' id='word_1_240' title='bbox 468 2250 500 2282; x_wconf 88' lang='lat' dir='ltr'><em>P</em></span> <span class='ocrx_word' id='word_1_241' title='bbox 513 2252 542 2291; x_wconf 70' lang='lat'>(3</span> <span class='ocrx_word' id='word_1_242' title='bbox 554 2251 573 2282; x_wconf 83' lang='lat' dir='ltr'>i.</span> <span class='ocrx_word' id='word_1_243' title='bbox 581 2261 605 2283; x_wconf 84' lang='lat' dir='ltr'>e.</span> <span class='ocrx_word' id='word_1_244' title='bbox 625 2250 731 2281; x_wconf 79' lang='lat' dir='ltr'>libera</span> <span class='ocrx_word' id='word_1_245' title='bbox 747 2249 836 2289; x_wconf 83' lang='lat' dir='ltr'>mea)</span> <span class='ocrx_word' id='word_1_246' title='bbox 974 2248 1033 2278; x_wconf 85' lang='lat'>182</span> <span class='ocrx_word' id='word_1_247' title='bbox 1057 2246 1170 2278; x_wconf 83' lang='lat' dir='ltr'>aureis</span> <span class='ocrx_word' id='word_1_248' title='bbox 1186 2244 1220 2276; x_wconf 85' lang='lat' dir='ltr'><em>A</em></span> <span class='ocrx_word' id='word_1_249' title='bbox 1312 2248 1391 2275; x_wconf 84' lang='lat' dir='ltr'>sunt</span> <span class='ocrx_word' id='word_1_250' title='bbox 1408 2252 1498 2274; x_wconf 88' lang='lat' dir='ltr'>man-</span> 
     </span>
     <span class='ocr_line' id='line_1_34' title="bbox 174 2285 1504 2335; baseline -0.008 -8"><span class='ocrx_word' id='word_1_251' title='bbox 174 2297 250 2328; x_wconf 86' lang='lat' dir='ltr'>data</span> <span class='ocrx_word' id='word_1_252' title='bbox 274 2295 410 2334; x_wconf 75' lang='lat' dir='ltr'>Ritschl,</span> <span class='ocrx_word' id='word_1_253' title='bbox 435 2299 472 2325; x_wconf 83' lang='lat' dir='ltr'>ut</span> <span class='ocrx_word' id='word_1_254' title='bbox 493 2304 604 2325; x_wconf 80' lang='lat' dir='ltr'><em>versus</em></span> <span class='ocrx_word' id='word_1_255' title='bbox 626 2294 850 2335; x_wconf 76' lang='lat' dir='ltr'>anapaesticus</span> <span class='ocrx_word' id='word_1_256' title='bbox 866 2292 935 2330; x_wconf 82' lang='lat' dir='ltr'>fiat</span> <span class='ocrx_word' id='word_1_257' title='bbox 1048 2291 1108 2329; x_wconf 88' lang='lat'>183</span> <span class='ocrx_word' id='word_1_258' title='bbox 1131 2289 1253 2330; x_wconf 80' lang='lat' dir='ltr'>planae</span> <span class='ocrx_word' id='word_1_259' title='bbox 1271 2287 1346 2328; x_wconf 87' lang='lat' dir='ltr'><strong>(·ne</strong></span> <span class='ocrx_word' id='word_1_260' title='bbox 1362 2286 1452 2326; x_wconf 70' lang='lat' dir='ltr'><strong>PCD)</strong></span> <span class='ocrx_word' id='word_1_261' title='bbox 1469 2285 1504 2317; x_wconf 86' lang='lat' dir='ltr'>P</span> 
     </span>
    </p>
   </div>
   <div class='ocr_carea' id='block_1_6' title="bbox 174 2329 1500 2424">
    <p class='ocr_par' dir='ltr' id='par_1_7' title="bbox 174 2329 1500 2424">
     <span class='ocr_line' id='line_1_35' title="bbox 174 2329 1500 2378; baseline -0.006 -7"><span class='ocrx_word' id='word_1_262' title='bbox 174 2340 236 2371; x_wconf 89' lang='lat' dir='ltr'>hac</span> <span class='ocrx_word' id='word_1_263' title='bbox 252 2339 285 2370; x_wconf 80' lang='lat' dir='ltr'><em>A</em></span> <span class='ocrx_word' id='word_1_264' title='bbox 380 2340 439 2378; x_wconf 85' lang='lat'>184</span> <span class='ocrx_word' id='word_1_265' title='bbox 463 2344 498 2369; x_wconf 88' lang='lat' dir='ltr'>tu</span> <span class='ocrx_word' id='word_1_266' title='bbox 515 2349 580 2369; x_wconf 81' lang='lat' dir='ltr'>om.</span> <span class='ocrx_word' id='word_1_267' title='bbox 601 2337 635 2368; x_wconf 89' lang='lat' dir='ltr'><em>P</em></span> <span class='ocrx_word' id='word_1_268' title='bbox 722 2337 780 2376; x_wconf 86' lang='lat'>187</span> <span class='ocrx_word' id='word_1_269' title='bbox 806 2335 971 2376; x_wconf 83' lang='lat' dir='ltr'>Equidem</span> <span class='ocrx_word' id='word_1_270' title='bbox 989 2333 1021 2364; x_wconf 88' lang='lat' dir='ltr'><em>P</em></span> <span class='ocrx_word' id='word_1_271' title='bbox 1108 2337 1179 2364; x_wconf 82' lang='lat' dir='ltr'>tute</span> <span class='ocrx_word' id='word_1_272' title='bbox 1204 2331 1280 2373; x_wconf 65' lang='lat'><em>(122.</em></span> <span class='ocrx_word' id='word_1_273' title='bbox 1307 2331 1385 2373; x_wconf 85' lang='lat' dir='ltr'>tut⁷)</span> <span class='ocrx_word' id='word_1_274' title='bbox 1409 2329 1500 2370; x_wconf 83' lang='lat' dir='ltr'>quod</span> 
     </span>
     <span class='ocr_line' id='line_1_36' title="bbox 177 2381 669 2424; baseline -0.006 -10"><span class='ocrx_word' id='word_1_275' title='bbox 177 2383 211 2424; x_wconf 76' lang='lat' dir='ltr'>(i.</span> <span class='ocrx_word' id='word_1_276' title='bbox 222 2394 245 2416; x_wconf 80' lang='lat' dir='ltr'>e.</span> <span class='ocrx_word' id='word_1_277' title='bbox 262 2384 358 2423; x_wconf 78' lang='lat' dir='ltr'>quot&gt;</span> <span class='ocrx_word' id='word_1_278' title='bbox 375 2382 501 2414; x_wconf 85' lang='lat' dir='ltr'>habeas</span> <span class='ocrx_word' id='word_1_279' title='bbox 519 2381 621 2413; x_wconf 87' lang='lat' dir='ltr'>hodie</span> <span class='ocrx_word' id='word_1_280' title='bbox 637 2381 669 2412; x_wconf 91' lang='lat' dir='ltr'>P</span> 
     </span>
    </p>
   </div>
  </div>
 </body>
</html>
