1783 2707
140 142 215 179 III.
240 142 284 178 iii
665 145 711 181 T.
746 145 925 183 MACCI
959 145 1160 182 PLAVTI

237 252 339 289 ADv.
372 266 461 290 cum
485 252 573 291 illoc
595 259 632 291 te
654 253 808 291 meliust
830 260 937 291 tuam
959 266 1051 299 rem,
1074 253 1316 301 adulescens,
1338 254 1469 304 loqui:

236 315 311 354 illic
332 324 389 355 est
410 318 460 356 ad
482 317 572 356 istas
594 331 653 356 res
674 318 821 367 probus
842 330 938 368 quas
960 318 1163 368 quaeritas.
1581 323 1651 361 680

235 382 307 420 Co.
340 381 473 421 uidere
495 382 679 433 equidem
702 396 773 421 uos
795 384 937 421 uellem
959 396 1079 433 quom
1102 383 1193 422 huic
1213 397 1350 422 aurum
1372 385 1515 423 darem.

234 448 337 485 ADv.
371 446 476 485 illinc
497 449 633 497 procul
655 461 727 486 nos
748 448 847 487 istuc
869 448 1186 499 inspectabimus:

177 528 213 561 70
235 513 305 551 CO.
340 513 486 551 bonam
508 512 671 552 dedistis
694 513 788 551 mihi
810 527 979 564 operam.
1042 515 1110 552 Lv.
1144 514 1171 552 it
1192 516 1242 553 ad
1265 528 1326 553 me
1347 516 1507 553 lucrum.

235 578 305 616 Co.
340 577 435 617 illud
456 578 618 629 quidem
640 591 827 629 quorsum
848 579 980 618 asinus
1002 579 1130 618 caedit
1152 579 1334 618 calcibus.

234 643 301 680 Lv.
335 643 480 682 blande
503 643 707 682 hominem
730 645 990 694 compellabo.
1052 645 1194 694 hospes
1216 643 1412 695 hospitem
1578 651 1645 697 685

231 709 381 746 salutat.
441 711 592 747 saluom
615 717 652 748 te
674 709 861 748 aduenire
882 711 1046 759 gaudeo.

232 774 304 812 Co.
338 775 459 812 multa
481 774 549 813 tibi
572 774 611 814 di
634 776 729 813 dent
751 775 865 821 bona,
890 788 1010 824 quom
1036 789 1096 813 me
1118 776 1268 813 saluom
1291 789 1374 813 esse
1396 774 1464 814 uis.

173 851 209 885 75
232 838 301 876 Lv.
335 839 549 889 hospitium
572 847 608 878 te
629 839 738 878 aiunt
759 840 984 889 quaeritare.
1045 842 1117 879 Co.
1150 840 1337 890 quaerito.

232 904 300 940 Lv.
336 903 388 942 ita
408 903 462 942 illi
483 904 664 943 dixerunt
687 904 777 955 quei
800 904 891 943 hinc
912 919 934 943 a
956 919 1017 944 me
1038 905 1218 944 abierunt
1240 907 1371 953 modo,

229 976 265 1006 tc
287 969 502 1018 quaeritare
523 984 545 1008 a
566 970 749 1008 muschis.
811 971 884 1010 Co.
918 970 1079 1009 minime
1099 970 1285 1020 gentium.
1577 980 1647 1023 (390

229 1035 297 1072 Lv.
335 1034 429 1085 quid
457 1035 539 1073 ita?
583 1037 653 1075 CO.
692 1035 783 1086 quia
807 1034 863 1088 (ἃ)
891 1035 1034 1074 muscis
1061 1034 1091 1074 si
1120 1036 1173 1074 mi
1201 1035 1413 1086 hospitium
1445 1049 1559 1087 quae-

1421 1115 1556 1148 rerem,

227 1165 442 1204 adueniens
465 1166 558 1205 irem
581 1166 619 1204 in
642 1180 836 1205 carcerem
860 1175 961 1206 recta
984 1167 1056 1205 uia.

166 1237 208 1267 80
227 1244 299 1281 ego
320 1231 360 1271 id
381 1245 527 1282 quaero
548 1232 763 1282 hospitium
784 1232 851 1271 ubi
872 1246 945 1282 ego
965 1246 1075 1271 curer
1096 1232 1251 1271 mollius

226 1309 345 1346 quam
366 1296 445 1347 regi
465 1296 667 1336 Antiocho
693 1297 697 1349 Ι
725 1297 828 1337 oculi
848 1297 971 1336 curari
993 1299 1130 1336 solent.

227 1362 295 1399 Lv.
329 1363 471 1412 edepol
492 1376 542 1401 ne
563 1362 632 1401 tibi
653 1362 762 1401 illum
784 1376 944 1413 possum
967 1362 1150 1400 festiuom
1172 1363 1276 1409 dare,
1575 1372 1642 1416 695

225 1425 419 1476 siquidem
442 1435 554 1478 potes
576 1440 660 1466 esse
682 1435 719 1466 te
740 1426 820 1477 pati
842 1427 880 1464 in
903 1426 1034 1477 lepido
1056 1428 1155 1474 loco,

226 1491 265 1529 in
286 1493 388 1531 lecto
409 1492 538 1543 lepide
560 1500 679 1531 strato
701 1492 872 1542 lepidam
895 1492 1097 1531 mulierem

164 1565 204 1604 85
225 1559 474 1608 complexum
496 1565 746 1597 contrectare.
809 1558 880 1597 CO.
914 1559 955 1604 is,
980 1559 1080 1605 leno,
1104 1557 1220 1596 uiam.

225 1624 294 1660 Lv.
327 1623 394 1661 ubi
415 1631 455 1661 tu
479 1623 689 1670 Leucadio,
714 1622 873 1670 Lesbio,
893 1622 1053 1669 Thasio,
1078 1622 1192 1669 Chio,

223 1689 417 1727 uetustate
437 1688 531 1729 uino
553 1690 739 1728 edentulo
759 1695 929 1727 aetatem
950 1688 1090 1738 inriges
1106 1703 1115 1736 3
1572 1700 1642 1734 700

223 1752 275 1792 ibi
296 1767 369 1804 ego
389 1760 427 1793 te
448 1754 635 1805 repplebo
656 1767 781 1804 usque
802 1760 1047 1804 unguentum
1068 1752 1271 1803 geumatis,

223 1818 319 1868 quid
341 1820 462 1858 multa
482 1819 632 1858 uerba?
661 1819 813 1866 faciam,
836 1818 904 1857 ubi
925 1826 965 1857 tu
986 1818 1137 1866 laueris,

161 1900 205 1932 90
224 1884 277 1922 ibi
298 1891 340 1923 ut
360 1884 577 1924 balineator
598 1884 713 1923 faciat
735 1883 1044 1935 unguentariam.

223 1950 291 1988 sed
313 1951 409 1988 haec
430 1949 710 1989 latrocinantur
730 1963 831 2000 quae
851 1962 924 1999 ego
945 1948 1023 1987 dixi
1044 1948 1187 1987 omnia.

222 2017 295 2055 Co.
327 2015 422 2066 quid
443 2015 525 2054 ita?
555 2017 624 2054 Lv.
657 2015 749 2065 quia
768 2028 906 2053 aurum
929 2022 1097 2064 poscunt
1119 2014 1435 2064 praesentarium.
1570 2025 1634 2062 705

264 2122 327 2160 679
351 2130 451 2160 quom
470 2119 503 2149 P
518 2120 811 2160 (antiquafomnal
903 2129 972 2149 rem
991 2122 1081 2149 tuam
1102 2118 1235 2150 Gm'etns
1342 2120 1406 2149 682
1433 2118 1498 2149 illic
1515 2117 1548 2147 A

221 2166 287 2204 690
310 2164 432 2195 muscis
449 2163 535 2195 codd.
562 2163 613 2203 (tf.
635 2163 738 2194 Class.
756 2162 834 2193 Rev.
859 2172 906 2199 10,
927 2163 1007 2201 333)
1108 2161 1182 2203 [ah]
1202 2162 1257 2193 mi.
1273 2161 1306 2192 A
1327 2163 1381 2203 (cx
1400 2173 1428 2193 v.
1448 2163 1548 2201 6912)

222 2210 282 2247 691
309 2218 328 2239 a
344 2207 418 2239 add.
435 2207 508 2238 Ital.
525 2207 575 2247 (cf
587 2206 634 2238 ad
644 2217 671 2237 v.
686 2206 764 2246 690)
855 2206 917 2245 692
944 2205 1040 2247 [huc]
1060 2204 1143 2236 irem
1156 2205 1189 2237 P
1274 2206 1337 2245 693
1362 2205 1507 2237 hostium
1520 2204 1551 2235 P

222 2254 286 2291 694
308 2261 408 2291 quam
424 2250 570 2294 (quom)
584 2250 710 2280 Sclaeoell
795 2249 895 2279 ocelli
912 2248 1017 2288 Goetz,
1034 2249 1146 2280 Loewe
1161 2248 1215 2288 (cs.
1231 2259 1260 2280 v.
1278 2249 1342 2287 366
1357 2249 1476 2280 oculus
1487 2253 1550 2289 pro

223 2294 387 2333 ocellus):
412 2294 521 2325 eculei
540 2291 825 2332 Mtteller(Rl1ez'n.
850 2291 939 2323 Mus.
967 2303 1018 2331 54,
1043 2292 1212 2332 529ysort.
1241 2297 1337 2323 recle:
1372 2292 1470 2323 loculi
1493 2291 1552 2322 alii

240 2339 276 2377 (s.
297 2338 384 2369 Men.
405 2339 465 2377 691
485 2337 600 2368 oculos
611 2342 674 2377 pro
691 2336 831 2375 loculos)
931 2337 994 2376 695
1020 2336 1101 2367 illud
1117 2335 1190 2367 Ital.
1300 2337 1365 2374 696
1389 2340 1420 2366 te
1438 2346 1502 2366 om.
1519 2334 1553 2366 P

223 2385 285 2421 697
313 2381 377 2422 [et]
397 2381 544 2420 lepidam
562 2380 594 2410 A
729 2380 794 2419 699
818 2380 903 2410 choo
920 2379 953 2410 P
1076 2390 1136 2419 701
1163 2390 1226 2419 ego
1242 2390 1306 2409 0111.
1326 2378 1361 2409 P
1445 2389 1548 2418 egeu-

224 2424 321 2456 matis
345 2425 378 2455 P
395 2426 487 2465 &pro
504 2428 536 2454 te
556 2434 585 2462 g.
594 2424 605 2463 {i
621 2435 627 2453 :
654 2423 840 2453 cheumatis
859 2423 981 2453 Rstsclzc
1115 2433 1177 2462 702
1202 2423 1334 2453 laueres
1350 2422 1383 2453 A

941 2522 963 2532 A
