1731 2713
680 127 971 165 POENVLVS
1460 125 1484 159 Ι.
1509 122 1536 159 ii

166 242 296 278 ANTE.
316 239 399 278 sati'
420 252 524 277 nunc
539 238 668 288 lepide
682 245 859 275 ornatam
876 237 1005 282 credo,
1025 248 1142 281 soror,
1161 243 1198 273 te
1215 234 1283 273 tibi
1301 233 1466 272 uiderier
1481 248 1491 280 3
1508 246 1551 278 90

167 306 235 343 sed
257 304 324 342 ubi
345 305 524 354 exempla
544 303 793 341 conferentur
815 300 1061 340 meretricum
1082 300 1255 345 aliarum,
1280 298 1331 337 ibi
1354 298 1422 337 tibi

167 369 236 408 erit
258 368 476 408 cordolium
498 368 529 406 si
550 381 668 417 quam
691 375 867 405 ornatam
890 365 1029 404 melius
1050 366 1147 403 sorte
1171 364 1375 414 aspexeris.

80 449 149 483 300
168 437 271 473 ΑΒΕ.
303 433 451 472 inuidia
482 433 521 471 in
552 446 615 471 me
636 445 852 482 numquam
876 430 1045 468 innatast
1067 442 1194 479 neque
1220 428 1376 476 malitia,
1406 442 1493 466 mea

1372 506 1490 532 soror.

166 566 274 604 bono
295 566 386 603 med
408 577 492 603 esse
513 562 672 614 ingenio
692 570 870 600 ornatam
889 574 1007 611 quam
1028 574 1123 598 auro
1147 561 1269 597 multo
1291 559 1472 597 mauolo:

163 644 312 677 aurum,
337 629 376 668 id
397 631 552 668 fortuna
572 627 780 674 inuenitur,
804 634 941 664 natura
962 624 1162 675 ingenium
1182 625 1345 663 bonum.
1511 638 1552 670 95

166 697 310 735 bonam
333 708 406 745 ego
425 707 544 744 quam
565 694 722 732 beatam
744 706 807 731 me
828 706 913 730 csse
934 691 1056 729 nimio
1078 690 1154 729 dici
1177 690 1346 728 mauolo.

167 760 408 799 meretricem
430 760 622 809 pudorem
643 771 775 808 gerere
795 757 908 807 magi’
929 757 1044 795 decet
1064 768 1182 805 quam
1204 767 1413 805 purpuram
1431 769 1437 791 :

80 839 144 874 305
167 825 359 876 magi’que
380 825 419 863 id
441 824 694 871 meretricem,
720 824 912 874 pudorem
933 835 1051 872 quam
1076 833 1213 858 aurum
1240 832 1381 870 gerere,
1405 832 1495 856 con-

1368 885 1492 923 decet.

166 958 373 1008 pulchrum
394 964 575 995 ornatum
597 963 728 1005 turpes
751 967 878 993 mores
899 952 1010 1003 peius
1031 964 1154 990 caeno
1175 950 1391 995 conlinunt,

165 1022 285 1073 lepidi
306 1035 434 1060 mores
455 1029 609 1071 turpem
630 1028 812 1058 ornatum
834 1019 946 1057 facile
967 1017 1077 1056 factis
1099 1016 1369 1066 comprobant.
1518 1030 1578 1052 ico

166 1088 241 1125 AG.
264 1087 340 1125 eho
361 1094 413 1133 tu,
438 1085 505 1123 uin
527 1093 568 1123 tu
589 1084 740 1123 facinus
761 1085 887 1122 facere
904 1082 1079 1132 lepidum
1101 1089 1139 1119 et
1160 1080 1373 1119 festiuom?
1421 1081 1492 1118 M1.

1390 1146 1492 1182 uolo.

166 1218 239 1253 Ao.
264 1222 427 1265 potesne
448 1214 501 1252 mi
521 1215 769 1253 auscultare?
827 1215 899 1251 M1.
923 1226 1095 1262 possum.
1147 1214 1220 1249 Aa.
1245 1211 1308 1249 abi
1330 1211 1493 1249 domum

1158 1290 1204 1315 ac
1225 1277 1423 1326 suspende
1443 1283 1491 1314 te.

79 1359 149 1394 310
169 1347 241 1383 M1.
272 1345 560 1395 quamobrem?
616 1346 691 1382 AG.
724 1343 817 1394 quia
843 1343 919 1381 iarn
946 1354 1164 1391 numquam
1192 1339 1347 1379 audibis
1375 1340 1495 1378 uerba

1166 1414 1223 1444 tot
1246 1413 1324 1443 tam
1346 1404 1491 1443 suauia.

165 1474 261 1525 quid
281 1474 351 1513 tibi
372 1483 488 1525 opust
509 1474 683 1512 uixisse?
711 1475 888 1512 ausculta
909 1473 1004 1510 mihi
1027 1473 1146 1511 modo
1163 1484 1208 1509 ac
1225 1471 1422 1521 suspende
1443 1477 1490 1509 te.

167 1541 239 1578 M1.
271 1539 466 1590 siquidem
488 1548 529 1577 tu
550 1552 591 1577 es
613 1552 769 1577 mecum
790 1539 941 1576 futurus
962 1551 1032 1587 pro
1054 1550 1131 1576 uua
1151 1549 1264 1587 passa
1285 1535 1454 1586 pensilis.
1518 1548 1576 1580 ¹05

165 1606 241 1643 AG.
262 1612 301 1643 at
321 1617 393 1654 ego
413 1616 504 1642 amo
524 1604 638 1642 hanc.
683 1605 754 1641 Mr.
778 1611 816 1641 at
837 1616 909 1653 ego
930 1616 1016 1641 esse
1036 1610 1074 1641 et
1094 1601 1240 1640 bibere.
1290 1603 1393 1638 ΑΒΕ.
1417 1602 1494 1639 eho
1586 1596 1591 1602 ’

732 1676 784 1714 tu,
809 1667 905 1718 quid
926 1667 1012 1705 ais?
1068 1668 1200 1704 ANTE.
1235 1665 1331 1716 quid
1350 1667 1494 1716 rogas?

166 1736 270 1772 ΑΒΕ.
294 1734 414 1773 uiden
441 1735 512 1772 tu?
541 1733 646 1784 pleni
669 1732 772 1772 oculi
794 1733 996 1771 sorderum
1019 1732 1087 1782 qui
1115 1738 1234 1778 erant,
1252 1730 1341 1769 >iam
1369 1731 1491 1780 splen-

1253 1796 1348 1834 dent
1369 1794 1494 1833 mihi?

81 1874 145 1910 315
166 1866 297 1903 ANTE.
329 1863 452 1903 immo
479 1863 596 1903 etiarn
624 1864 664 1903 in
693 1863 824 1903 medio
853 1864 969 1902 oculo
994 1863 1170 1913 paullum
1192 1862 1333 1900 sordet.
1394 1861 1493 1899 cedo

1208 1925 1260 1964 sis
1281 1927 1489 1965 dexteram.

209 2035 272 2075 298
297 2034 516 2066 conferuntur
530 2034 562 2064 Ρ
648 2043 712 2073 300
738 2032 898 2074 innatast]
921 2037 1023 2072 gnata
1034 2030 1146 2062 estA¹
1222 2039 1282 2069 301
1312 2029 1492 2069 velme11'ta

165 2078 248 2118 cod.)
337 2079 475 2118 ingenio
493 2088 568 2108 esse
586 2076 619 2107 P
719 2087 783 2116 302
801 2077 849 2118 id]
870 2076 902 2107 in
918 2076 951 2106 Ρ
1058 2085 1122 2114 303
1147 2077 1175 2104 et
1191 2083 1253 2113 304
1272 2074 1362 2112 (post
1377 2081 1440 2111 305
1457 2073 1489 2103 in

164 2122 215 2161 A)
234 2122 448 2153 retractatores
463 2131 528 2151 csse
538 2124 679 2162 possunt
776 2131 838 2159 304
863 2120 912 2150 vel
933 2129 1030 2158 mage
1119 2127 1182 2157 305
1208 2116 1382 2156 magisque
1399 2116 1431 2146 id
1447 2116 1489 2155 (3)

165 2163 254 2196 Leo:
277 2165 450 2205 magisque
468 2165 500 2195 A
520 2175 526 2194 :
552 2165 657 2203 magis
671 2164 751 2204 quid
771 2164 838 2201 (dt)
858 2163 890 2193 Ρ
904 2163 1003 2203 {ipro
1019 2162 1049 2193 ei
1063 2162 1088 2200 2)
1244 2161 1309 2199 306
1332 2159 1369 2198 cf
1390 2159 1488 2190 Most.

166 2218 226 2248 291
319 2214 450 2248 turpest
467 2207 499 2237 A
623 2218 688 2247 310
710 2207 804 2249 quia]
822 2207 878 2246 qui
895 2206 928 2236 Ρ
1034 2215 1094 2244 311
1121 2204 1175 2246 ac]
1191 2209 1224 2235 et
1241 2203 1273 2233 A
1365 2212 1428 2241 312
1452 2212 1489 2232 es

166 2256 202 2282 tu
217 2251 304 2283 codd.
324 2251 426 2282 Nonii
439 2261 470 2281 11
564 2251 682 2291 pensili
700 2250 787 2281 codd.
806 2249 912 2281 Nonii
1040 2258 1102 2288 313
1125 2248 1242 2279 amabo
1259 2247 1291 2277 A
1425 2255 1488 2284 314

166 2293 289 2336 plessli)
307 2295 443 2334 A.sort.
463 2298 538 2325 recte
668 2294 848 2325 sorderum:
879 2292 912 2323 P
1063 2301 1126 2331 315
1150 2288 1286 2332 (Ana.)
1305 2290 1388 2319 cedo
1413 2288 1487 2319 Ital.

165 2338 193 2378 si
210 2338 243 2368 Α
334 2339 483 2369 deteram
499 2337 657 2378 Scaliger,
672 2337 730 2368 sed
743 2337 898 2367 ancillam
916 2334 1042 2375 alloqui
1055 2333 1266 2365 Anterastilis
1281 2333 1409 2363 videtur
