1783 2707
490 127 536 163 T.
571 126 751 165 MACCI
783 127 986 165 PLAVTI
1018 126 1335 165 VIDVLARIA

356 235 489 275 malim
511 236 641 275 moriri
663 250 773 277 meos
794 250 912 288 quam
935 237 1214 277 mendicarier:

357 301 451 340 boni
473 301 704 340 miserantur
725 302 849 351 illum,
869 303 976 341 hunc
997 302 1168 342 inrident
1188 303 1289 341 mali.

356 379 462 405 nunc
483 380 617 406 seruos
637 375 841 417 argentum
862 381 885 406 a
905 375 1014 418 patre
1034 367 1314 418 expalpabitur.

248 482 352 533 (N1.)
383 481 506 521 immo
526 482 566 520 id
588 483 696 532 quod
718 483 815 521 haec
836 489 969 521 nostra
989 489 1047 521 est
1068 481 1190 532 patria
1210 488 1248 521 et
1264 482 1373 533 quod
1393 481 1457 521 hie
1478 482 1580 520 meu'

1460 553 1579 597 pater,

249 611 326 650 illic
346 619 478 651 autem
500 611 688 652 Soterinis
708 619 766 651 est
786 619 905 662 pater.

249 691 340 716 nam
360 677 495 717 audiui
516 677 704 717 feminam
725 691 798 729 ego
818 679 974 716 leonem
996 679 1117 717 semel
1138 677 1262 728 parire

248 743 316 781 ubi
337 756 537 794 quamque
557 744 700 794 pedem
723 743 889 792 uiderat,
909 744 1184 782 subfurabatur
1204 743 1344 783 omnis.

292 856 337 878 xv
353 846 485 878 Nonius
504 847 565 887 138
582 847 839 887 (mendicarier)
973 858 993 878 2
1016 847 1097 879 boni
1118 847 1355 879 ministrantur
1379 846 1469 879 illum
1492 858 1581 880 nunc

248 890 391 922 irrident
408 891 484 922 mali
501 890 588 922 codd.
609 890 732 922 Nonii:
757 901 834 922 corr.
858 889 1002 932 Lipsius,
1024 890 1242 922 Studemund
1369 901 1428 922 xvx
1452 891 1583 923 Nonius

251 945 311 974 104
329 934 563 976 (expalpare);
590 936 656 974 476
674 934 942 976 (expalpabitur)
1018 945 1107 966 nunc
1124 946 1187 966 om.
1207 934 1295 967 codd.
1314 937 1378 975 476
1451 946 1470 967 a
1487 940 1582 976 patre

247 983 421 1018 argentum
453 977 541 1010 codd.
564 980 629 1019 476
762 988 837 1010 xvu
872 978 1066 1010 Priscianus
1092 990 1118 1020 1,
1139 989 1201 1019 3¹7
1231 979 1375 1019 (Soteris
1400 979 1580 1019 Soterinis)

248 1031 337 1053 xv111
361 1021 591 1063 Pln'largymzs
621 1021 670 1053 ad
694 1022 788 1064 Verg.
816 1022 879 1054 Ecl.
910 1034 940 1061 2,
970 1024 1013 1062 63
1042 1023 1189 1063 (leonem
1214 1023 1387 1062 seminam)
1521 1033 1582 1054 xm

248 1065 377 1098 Nonius
393 1076 458 1097 220
475 1066 680 1108 (pedisfem.
696 1068 788 1108 gen.)
875 1066 1005 1098 uiderat
1021 1066 1212 1098 Fleckeisen:
1229 1067 1366 1098 uidebat
1376 1065 1464 1099 codd.
1479 1065 1587 1098 Nonii

712 1242 957 1275 FRAGMENTVM
984 1243 1128 1274 Dvmvm

434 1307 516 1338 Aul.
525 1307 617 1348 frag.
639 1307 683 1338 vii
705 1306 894 1340 Vidulariae
907 1308 1060 1340 tribuunt
1077 1307 1220 1348 Guietus,
1240 1305 1402 1340 Mercerus

1597 256 1645 277 xv
1662 245 1734 289 (ιιι)

1598 382 1657 404 XVI

1600 494 1673 517 xvn
1692 486 1773 528 (xn)

1600 688 1687 710 xvm
1705 678 1780 722 (xv)

1600 758 1662 781 xxx
1681 748 1769 791 (xxv)
