1783 2707
177 516 212 548 15

174 849 214 871 20

179 1171 217 1203 25

180 1499 222 1530 30

132 1904 185 1942 ΙΙ,
209 1903 223 1940 i

202 145 263 172 ,ν
651 133 697 170 Τ.
732 131 912 171 MACCI
944 132 1146 168 PLAVTI

340 243 431 283 estis
466 243 632 282 uectae?
681 244 750 280 ΡΑ.
792 241 1020 280 admodum.
1080 242 1147 278 PT.
1179 253 1269 290 ergo
1292 239 1456 290 aequius
1486 253 1557 278 uos

1479 313 1559 344 erat

340 373 570 413 candidatas
592 371 725 411 uenire
746 371 1038 421 hostiatasque:
1067 372 1118 409 ad
1139 372 1215 409 hoc

341 441 474 478 fanum
494 440 545 477 ad
566 438 693 476 istunc
715 438 878 476 modum
901 450 981 475 non
1002 436 1124 475 ueniri
1147 438 1255 474 solet.

342 507 408 543 ΡΑ.
442 517 595 555 quaene
616 503 763 542 eiectae
784 516 805 541 e
827 502 922 540 mari
944 502 1065 539 simus
1085 502 1237 549 ambae,
1260 514 1434 552 opsecm,

340 571 446 609 unde
468 583 538 608 nos
560 568 707 607 hostias
728 581 841 618 agere
864 566 1021 605 uoluisti
1049 566 1052 618 Ι
1081 568 1187 605 huc?

342 648 447 673 nunc
469 635 539 673 tibi
559 633 833 684 amplectimur
854 646 982 683 genua
1003 639 1161 682 egentes
1182 645 1315 683 opum,

342 714 443 751 quae
464 700 503 738 in
524 700 619 739 locis
642 698 782 738 nesciis
805 698 936 736 nescia
957 711 1025 748 spe
1046 711 1195 745 sumuS,

342 773 384 804 ut
406 773 473 804 tuo
494 764 656 815 recipias
678 771 783 802 tecto
805 776 1017 813 seruesque
1038 776 1110 801 nos

343 830 663 880 miseriarumque
686 837 723 868 te
743 828 949 867 ambarum
970 828 1026 866 uti
1047 828 1238 874 misereat,

288 896 432 947 quibus
453 909 525 934 nec
546 897 673 933 locust
694 896 796 933 ullus
818 907 890 932 nec
911 907 1000 944 spes
1021 901 1164 944 parata,

289 975 418 1012 neque
439 963 514 999 hoc
534 960 702 1011 amplius
727 957 881 1013 [quam]
903 961 1011 1010 quod
1033 959 1144 998 uides
1166 959 1281 998 nobis
1302 958 1560 1010 quicquamst.

291 1028 357 1065 PT.
391 1039 529 1064 manus
551 1026 604 1064 mi
624 1027 726 1073 date,
751 1024 944 1076 exsurgite
964 1039 986 1063 a
1006 1024 1171 1075 genibus
1191 1025 1341 1063 ambae.

291 1091 576 1131 misericordior
593 1092 698 1129 nulla
720 1104 783 1130 me
804 1097 862 1129 est
883 1089 1126 1129 feminarum.

290 1158 360 1196 sed
381 1158 478 1195 haec
499 1169 689 1207 pauperes
711 1170 769 1195 res
792 1163 883 1194 sunt
904 1153 1170 1208 inopes[que],
1194 1157 1369 1206 puellae:

237 1230 392 1275 egomet
413 1222 478 1261 uix
498 1222 619 1260 uitam
641 1223 729 1260 colo
744 1237 754 1270 3
783 1221 929 1261 Veneri
949 1221 1040 1260 cibo
1061 1235 1150 1260 meo
1171 1221 1309 1260 seruio.

453 1290 535 1326 AM.
567 1287 732 1327 Veneris
755 1289 901 1334 fanum,
926 1300 1101 1337 opsecro,
1125 1287 1201 1324 hoc
1222 1287 1309 1324 est?

347 1356 413 1392 PT.
446 1355 579 1393 fateor.
629 1367 702 1404 ego
723 1353 839 1391 huius
861 1352 940 1391 fani
961 1353 1144 1391 sacerdos
1164 1353 1287 1390 clueo.

348 1432 485 1458 uerum
506 1418 701 1469 quidquid
722 1425 779 1457 est
800 1417 964 1457 comiter
985 1418 1051 1456 fiet
1071 1430 1093 1455 a
1114 1430 1187 1463 me,

403 1497 483 1534 quo
505 1497 608 1522 nunc
629 1483 744 1534 copia
764 1483 920 1522 ualebit.

348 1549 400 1588 ite
421 1550 494 1588 hac
516 1563 683 1588 mecum.
745 1551 813 1587 PA.
845 1548 972 1587 amice
993 1548 1242 1599 benigneque
1263 1549 1466 1595 honorem,

402 1622 535 1662 mater,
558 1622 735 1654 nostrum
756 1614 1017 1653 habes—PT.
1051 1621 1273 1664 oportet.—

736 1801 972 1849 ACTVS
1026 1802 1073 1848 ΙΙ

734 1904 1087 1941 PISCATORES

243 1991 432 2032 Omnibu'
455 1990 582 2030 modis
604 1990 671 2041 qui
692 2003 883 2041 pauperes
904 1998 994 2029 sunt
1015 1990 1196 2029 homines
1224 1990 1353 2028 miseri
1374 1989 1524 2038 uiuont‚

288 2106 350 2136 272
375 2106 461 2136 quae
479 2106 541 2127 nec
558 2096 624 2128 cod.
643 2096 737 2137 (corr.
760 2096 824 2136 B2')
899 2097 1005 2127 simus
1021 2095 1154 2135 Bentley
1170 2107 1176 2126 :
1201 2105 1316 2126 sumus
1331 2095 1396 2127 cod.
1510 2105 1573 2136 273

246 2139 400 2171 uoluistis
421 2139 602 2171 Hermann
707 2140 771 2171 huc
790 2151 856 2171 non
872 2139 963 2170 addit
977 2139 1043 2171 cod.
1065 2139 1206 2170 Charisii
1218 2150 1280 2178 224
1428 2149 1489 2179 274
1515 2140 1573 2170 tibi

247 2184 312 2215 iam
345 2184 523 2224 plectimur
550 2183 614 2214 cod.
766 2185 829 2223 278
864 2183 956 2214 Iocus
983 2188 1011 2214 et
1038 2188 1152 2223 parata
1180 2187 1232 2213 est
1256 2182 1347 2213 cod.:
1382 2193 1464 2214 corr.
1492 2183 1575 2214 Reiz

249 2228 301 2268 (cf.
325 2227 371 2258 ad
391 2226 486 2259 Merc.
509 2228 589 2267 330)
680 2227 773 2258 locus
797 2227 906 2258 nullus
931 2238 964 2257 n.
983 2238 1009 2258 s.
1033 2231 1149 2267 parata
1171 2232 1223 2257 est
1242 2226 1382 2267 Spengel
1510 2236 1574 2266 279

247 2281 346 2310 quam
369 2271 426 2302 del.
452 2271 542 2308 Reiz,
560 2282 641 2302 nam
662 2271 758 2302 uides
775 2272 807 2301 in
824 2282 918 2302 versu
940 2271 1103 2302 bacchiaco
1122 2270 1262 2311 displicet
1347 2274 1428 2310 quot
1453 2270 1573 2301 uidens

248 2314 344 2346 nobis
360 2315 415 2354 qui
432 2320 529 2355 quast
551 2315 614 2347 cod.
627 2318 638 2327 '
766 2316 828 2345 282
852 2315 973 2354 inopes
993 2314 1173 2345 Hermann
1190 2325 1197 2345 z
1221 2315 1276 2345 vix
1291 2313 1575 2354 inopesq'(pot1‘us

249 2356 393 2399 pffiellae)
519 2360 582 2398 283
599 2363 733 2398 egomet
749 2357 901 2400 (meam)
918 2358 1092 2388 Fleckeisen
1111 2361 1147 2388 ut
1163 2361 1303 2388 metrum
1323 2356 1500 2388 iambicum
1509 2356 1576 2396 fiat

249 2402 357 2434 ueniri
382 2401 448 2434 cod.
540 2403 676 2434 ser-uiuo
693 2401 759 2434 cod.
777 2403 871 2445 (corr.
888 2401 951 2443 D1)

977 2519 999 2529 l

1580 383 1649 418 270

1583 711 1648 748 275

1584 1029 1653 1063 280

1589 1355 1653 1399 285

1591 2005 1660 2041 290
