1731 2713
551 135 720 172 MILES
751 136 1063 175 GLORIOSVS
1406 141 1478 177 1v.-
1494 141 1538 178 vi

146 246 222 282 .M1.
255 245 419 295 aspicito
440 245 551 291 limis,
576 259 625 284 ne
646 245 710 283 ille
731 259 802 284 nos
824 259 865 284 se
887 246 1027 285 sentiat
1050 247 1194 286 uidere.

151 312 220 347 Ac.
253 309 380 349 uideo.
432 311 572 359 edepol
596 324 700 347 nunc
722 324 794 348 nos
811 318 966 360 tempus
989 319 1045 350 est
1067 313 1188 350 malas
1210 312 1360 363 peiores
1383 314 1474 353 fieri.

150 377 222 412 311.
256 382 401 413 tuomst
433 374 678 424 principium.
740 377 811 420 AC.
857 376 1032 425 opsecro,
1066 385 1148 415 tute
1178 376 1307 428 ipsum
1335 393 1477 418 conue-

1356 443 1443 481 nisti
1462 446 1478 482 ?

41 521 129 546 1220
148 518 197 543 ne
219 518 333 554 parce
352 518 504 551 uocem,
528 512 568 542 ut
588 504 732 543 audiat.
795 506 866 542 Μι.
901 519 990 543 cum
1014 505 1099 556 ipso
1120 508 1185 557 pol
1208 521 1293 546 sum
1316 509 1456 555 locuta,
1499 525 1516 556 5

148 569 313 618 placide,
337 569 443 618 ipsae
464 570 558 607 dum
581 569 748 607 lubitum
771 577 827 608 est
851 570 960 615 mihi,
977 571 1113 618 otiose,
1139 586 1228 611 meo
1248 574 1445 612 arbitratu.

149 635 218 672 ΡΥ,
247 633 368 672 audin
403 648 503 683 quae
536 634 739 684 loquitur?
811 637 879 673 ΡΑ.
925 636 1056 675 audio.
1127 651 1246 687 quarn
1286 640 1386 677 laeta
1418 648 1475 678 est

1153 703 1244 753 quia
1266 705 1330 743 ted
1351 705 1447 743 adiit
1468 708 1474 743 l

146 765 219 802 Ac.
252 778 286 811 o,
324 765 519 802 fortunata
552 764 690 802 mulier
719 779 760 802 es
778 767 784 803 1
844 767 912 804 ΡΥ.
945 773 987 804 ut
1022 767 1143 805 amari
1176 768 1336 807 uideor!
1405 771 1473 808 ΡΑ.

1309 833 1472 884 dignu's.

96 934 98 936 ,
145 896 216 932 Ac.
250 894 460 944 permirum
483 902 634 933 ecastor
654 895 858 945 praedicas
880 904 917 934 te
938 897 1081 936 adiisse
1101 906 1220 948 atque
1241 912 1420 938 exorasse
1437 914 1447 948 3

38 974 122 1011 1225
145 972 213 1009 per
228 959 434 1009 epistulam
455 968 522 997 aut
542 973 610 1010 per
631 960 825 1007 nuntium,
844 961 954 1011 quasi
972 976 1112 1013 regem,
1130 963 1226 1002 adiri
1243 978 1333 1002 eurn
1349 964 1470 1003 aiunt.
1497 979 1535 1000 ιε,

145 1026 217 1062 Mi.
251 1038 422 1075 namque
457 1026 598 1076 edepol
633 1025 698 1063 uix
732 1026 802 1064 fuit
842 1027 958 1077 copia
994 1029 1169 1068 adeundi
1203 1037 1321 1080 atque
1355 1029 1474 1081 impe-

1331 1096 1469 1136 trandi.

144 1156 211 1193 Pi.
245 1163 286 1193 ut
312 1164 351 1193 tu
374 1155 554 1194 inclutu's
575 1157 681 1206 apud
703 1157 885 1196 mulieres
906 1161 912 1196 l
972 1161 1038 1197 ΡΥ.
1073 1160 1206 1210 patiar,
1229 1163 1390 1211 quando
1420 1161 1473 1200 ita

1218 1228 1353 1265 Venus
1374 1227 1469 1266 uolt.

143 1289 212 1325 Ac.
246 1287 390 1326 Veneri
411 1289 477 1337 pol
499 1289 627 1326 habeo
647 1288 821 1338 gratiani,
846 1290 1094 1341 eandemque
1116 1300 1153 1330 et
1175 1306 1243 1330 oro
1264 1300 1301 1330 et
1323 1306 1470 1343 quaeso

142 1360 183 1390 ut
204 1352 300 1390 eiius
322 1352 418 1390 mihi
439 1352 488 1391 sit
508 1353 623 1402 copia
643 1367 761 1403 quern
783 1368 874 1392 anio
896 1369 1096 1406 quemque
1117 1365 1322 1407 expetesso

36 1432 124 1467 1230
143 1416 415 1466 benignusque
435 1431 524 1466 erga
546 1431 608 1455 me
629 1417 710 1464 siet,
730 1420 838 1468 quod
860 1419 1016 1470 cupiam
1038 1435 1088 1459 ne
1108 1430 1298 1471 grauetur.
1494 1441 1530 1473 15

143 1483 216 1519 M1.
248 1495 362 1531 spero
389 1481 442 1519 ita
465 1483 652 1530 futurum,
673 1496 914 1533 quamquam
943 1486 1089 1524 multae
1117 1486 1225 1524 illum
1254 1486 1329 1526 'sibi
1360 1501 1472 1539 expe-

1295 1560 1470 1592 tessunt:

142 1611 205 1650 ille
226 1612 309 1650 illas
331 1611 487 1662 spernit,
513 1620 687 1663 segregat
709 1614 826 1652 hasce
848 1614 988 1662 omnis,
1013 1623 1118 1654 extra
1140 1624 1176 1655 te
1198 1630 1328 1656 unam.

143 1679 214 1716 Ac.
247 1691 338 1728 ergo
359 1677 430 1715 iste
453 1685 579 1716 metus
602 1691 664 1716 me
686 1687 868 1727 macerat,
893 1681 1001 1729 quod
1023 1680 1086 1719 ille
1107 1681 1359 1730 fastidiosust‚

142 1756 191 1781 ne
212 1742 314 1781 oculi
336 1742 432 1781 eiius
454 1742 689 1781 sententiam
711 1751 876 1791 mutent,
899 1745 966 1784 ubi
989 1745 1129 1785 uiderit
1150 1760 1223 1795 me,
1243 1740 1251 1744 ’

33 1821 117 1857 ¹235
139 1815 258 1858 atque
279 1806 374 1846 eiius
396 1807 588 1858 elegantia
610 1823 738 1848 meam
761 1809 1153 1861 extemplo'speciern
1175 1821 1342 1862 spernat.
1489 1830 1529 1852 20

186 1922 266 1952 1217
299 1912 438 1952 aspicite
463 1913 526 1944 cod.
654 1914 742 1945 limis
761 1915 900 1956 [oculis]
931 1915 997 1948 cod.
1018 1917 1074 1955 (iv.
1100 1919 1156 1956 1):
1183 1928 1232 1949 oc,
1253 1917 1310 1949 del.
1336 1919 1469 1950 Gustatus

139 1957 255 1987 uidere
268 1957 414 1987 sentiant
430 1957 518 1988 cod.:
544 1968 623 1988 corr.
643 1958 730 1997 Ital„
752 1959 832 1989 Reiz
932 1961 1014 1990 1218
1039 1960 1119 1991 fiere
1135 1960 1168 1990 B
1268 1971 1351 2001 1219
1376 1967 1467 1993 tuom

138 1995 220 2040 espa
238 2001 395 2040 incipium
415 2004 450 2041 (t.
474 2006 526 2032 est
550 2002 678 2032 initium
703 2001 794 2041 PCD)
819 2002 909 2034 cod.:
933 2014 1012 2034 corr.
1040 2003 1251 2035 camemrius
1387 2016 1467 2036 1220

138 2053 256 2075 uocem
288 2047 424 2074 testatur
442 2045 536 2076 schol.
557 2045 643 2076 Aen.
670 2056 717 2085 10,
742 2056 825 2085 532:
853 2047 928 2077 uoci
953 2055 1067 2086 {parce
1096 2047 1185 2078 uictu
1205 2048 1317 2079 audiat
1335 2049 1382 2087 Β)
1400 2049 1465 2080 cod.

137 2087 248 2118 locuta
262 2087 468 2119 Saracenas:
494 2095 611 2120 secuta
623 2090 689 2120 cod.
796 2101 873 2121 1221
901 2101 976 2121 meo
994 2099 1062 2130 {me
1075 2091 1122 2128 Β)
1141 2092 1303 2123 arbitratu
1323 2093 1464 2124 (arbitrii

136 2130 182 2172 B)
194 2131 246 2172 [ut
264 2132 369 2172 uolui]
398 2132 464 2164 cod.
484 2134 540 2173 (iv.
561 2138 589 2171 1)
608 2145 614 2163 :
643 2140 677 2164 ut
694 2134 758 2165 uol.
780 2135 838 2166 del.
860 2134 941 2165 Reiz
1088 2145 1169 2166 1222
1186 2147 1217 2175 q.
1237 2137 1278 2166 ad
1291 2136 1366 2166 teB
1384 2139 1463 2171 (om,

136 2175 233 2211 adiit)
257 2177 352 2216 &pro
367 2177 448 2208 adiit
465 2178 513 2215 te)
616 2188 697 2218 1223
722 2180 843 2210 mulier
859 2180 910 2220 es]
935 2180 1085 2211 mulieris
1101 2180 1178 2220 BQ.
1199 2191 1218 2219 4
1235 2191 1241 2215 ;
1265 2191 1294 2212 ν.
1308 2191 1338 2220 9,
1359 2190 1389 2220 p.
1407 2182 1463 2222 70)

136 2217 247 2249 dubito
271 2229 314 2249 cm
340 2224 414 2251 recte
431 2221 676 2261 (nominativus
692 2223 861 2262 antiquus)
890 2235 988 2264 neque
1010 2229 1056 2255 est
1078 2235 1138 2256 cur
1151 2225 1295 2265 cormjgas
1317 2235 1336 2254 ο
1361 2224 1463 2254 fortu-

138 2267 236 2293 natae
254 2262 406 2294 mulieris
495 2265 615 2303 dignus
632 2270 685 2295 est
701 2266 766 2298 cod.
875 2277 967 2306 1224·
980 2269 1115 2299 audisse
1131 2268 1196 2300 cod.
1293 2269 1375 2298 1228
1393 2273 1462 2298 tan·

137 2306 282 2346 demque
298 2317 402 2338 exoro
420 2306 491 2337 PCD
642 2318 724 2348 1229
748 2314 891 2349 expetes
908 2316 985 2341 sunt
1001 2311 1033 2341 Β
1052 2313 1102 2352 (cf
1129 2313 1225 2353 1231)
1381 2322 1463 2351 1230

136 2348 216 2391 (ut)
232 2360 258 2381 s.
277 2349 407 2380 Merula
502 2361 579 2390 1231
606 2351 696 2382 illum
716 2352 839 2383 multae
855 2354 924 2385 cod.
941 2366 947 2384 :
972 2355 1042 2386 trai.
1069 2354 1208 2386 Mueller
1228 2356 1324 2387 metri
1343 2366 1461 2388 causa:

136 2403 212 2424 eum
229 2394 353 2424 multae
368 2394 502 2433 Bentley
627 2405 709 2434 1232
733 2396 836 2426 hasce
853 2398 908 2428 vix
917 2398 1037 2436 placet:
1063 2399 1104 2429 ab
1122 2410 1158 2430 se
1173 2399 1247 2431 Ital.
1380 2410 1462 2439 1233

134 2436 186 2467 vel
198 2436 243 2467 ill'
262 2437 311 2468 vel
325 2437 391 2467 illic
