1731 2713
88 398 153 426 160

88 782 148 826 165

88 1115 155 1150 170

88 1506 152 1544 175

91 1823 156 1858 180

680 133 970 174 POENVLVS
1463 131 1489 167 I.
1515 131 1526 166 i

279 256 351 292 M1.
384 252 449 291 uin
471 259 511 290 tu
534 250 585 288 illi
611 261 779 300 nequam
804 248 896 286 dare
921 247 1055 284 nunc?
1113 246 1186 282 Ac.
1219 244 1347 294 cupio.
1419 244 1491 280 M1.

1220 323 1280 347 eni
1304 322 1366 346 nic
1388 309 1490 346 (lato.

278 387 351 423 Ac..
384 381 448 421 abi
469 382 674 421 dierectus.
736 380 808 416 M1.
841 376 904 415 dic
926 375 1021 414 mihi
1043 388 1136 413 uero
1157 374 1256 412 serio
1274 389 1280 411 t

278 450 344 488 uin
375 451 467 487 dare
498 448 644 485 malum
675 445 761 482 illi?
817 445 892 481 AG.
925 441 1052 492 cupi0.
1126 442 1197 478 Mi.
1231 453 1291 478 em
1323 439 1493 477 cundem

1298 518 1358 542 nie
1380 505 1472 541 dato
1490 519 1496 541 :

276 588 485 629 utrumque
506 579 594 616 faxo
615 574 788 621 habebit,
811 582 848 612 et
869 585 1040 623 nequam
1063 580 1100 610 et
1122 572 1278 609 malurn.

278 648 349 684 AG.
384 645 522 683 iocare.
584 644 656 680 M1.
689 640 756 679 uin
779 647 820 678 tu
841 639 945 677 illam
969 638 1088 677 hodie
1109 637 1192 675 sine
1214 635 1424 686 dispendio
1516 643 1555 674 35

277 719 344 749 tuo
366 713 471 748 tuam
494 708 673 747 libertam
695 707 851 744 facere?
907 706 981 742 AG.
1015 702 1142 752 cupio,
1169 701 1349 751 Milphio.

279 779 351 814 M1.
384 788 457 825 ego
478 773 617 812 faciam
639 779 680 810 ut
702 771 830 810 facias.
890 777 980 807 sunt
1002 767 1071 806 tibi
1093 767 1197 805 intus
1218 766 1322 805 aurei

278 839 440 879 trecenti
462 837 614 876 nummi
638 835 837 886 Philippi?
894 837 969 873 AG.
1002 832 1169 872 sescenti
1192 845 1360 882 quoque.

280 907 351 943 M1.
369 904 452 943 sati'
467 910 557 942 sunt
572 901 744 940 trecenti.
782 903 857 938 AG.
878 899 972 950 quid
987 898 1043 937 eis
1060 899 1241 936 facturu’s
1257 898 1273 934 ?
1308 898 1381 934 M1.
1400 903 1495 934 tace.

279 977 405 1008 totum
427 970 610 1007 lenonem
633 966 702 1004 tibi
725 978 814 1003 cum
836 972 919 1002 tota
939 963 1084 1001 familia
1520 974 1562 1005 40

279 1036 384 1074 dabo
398 1033 517 1072 hodie
531 1034 649 1071 dono.
702 1033 775 1068 AG.
800 1031 867 1080 qui
884 1029 923 1067 id
938 1030 1149 1067 facturu's?
1198 1029 1269 1065 M1.
1295 1027 1369 1064 iam
1388 1026 1496 1064 scies.

280 1102 359 1139 tuo'
381 1098 628 1148 Collybiscus
652 1109 756 1134 nunc
779 1095 818 1133 in
840 1095 973 1133 urbest
995 1093 1133 1131 uilicus
1153 1108 1160 1136 ;

280 1179 370 1205 eum
391 1164 455 1202 hic
476 1176 555 1201 non
577 1161 687 1200 nouit
709 1162 810 1199 leno.
871 1159 970 1197 satin
992 1158 1215 1207 intellegis?

279 1233 353 1269 Ao.
386 1229 569 1277 intellego
590 1228 731 1273 hercle,
755 1226 824 1264 sed
845 1238 925 1275 quo
947 1225 1091 1263 euadas
1112 1222 1256 1261 nescio.

282 1298 354 1335 M1.
386 1308 467 1334 non
488 1293 594 1332 scis?
652 1294 725 1330 Aa.
756 1304 836 1329 non
858 1291 997 1329 hercle.
1059 1291 1131 1327 M1.
1164 1289 1201 1326 :it
1223 1301 1294 1337 ego
1316 1286 1392 1325 iani
1413 1288 1501 1324 faxo
1521 1297 1560 1328 45

1390 1351 1498 1390 scies,

281 1427 317 1465 ei
338 1425 495 1465 dabitur
514 1437 663 1470 aurum,
688 1430 729 1461 ut
749 1423 800 1461 ad
822 1423 1005 1460 lenonem
1027 1421 1175 1459 deferat

281 1492 466 1541 dicatque
487 1504 528 1529 se
548 1488 794 1540 peregrinum
817 1500 902 1526 esse
924 1500 970 1525 ex
990 1485 1066 1524 alio
1087 1484 1236 1535 oppido
1253 1499 1260 1522 :

281 1571 322 1596 se
341 1569 471 1595 amare
492 1556 592 1594 uelle
612 1561 732 1604 atque
753 1553 919 1603 opsequi
939 1550 1072 1589 animo
1092 1563 1164 1588 suo
1180 1564 1189 1596 3

280 1624 412 1661 locum
433 1620 506 1659 sibi
528 1621 629 1659 uelle
650 1619 817 1657 liberum
839 1616 1059 1667 praeberier

281 1687 349 1726 ubi
369 1699 540 1737 nequam
562 1684 677 1723 faciat
698 1684 809 1729 clam,
835 1695 884 1720 ne
905 1681 991 1731 quis
1012 1680 1060 1719 sit
1079 1679 1232 1718 arbiter.
1523 1690 1567 1720 50

282 1754 373 1791 leno
392 1752 443 1790 ad
464 1764 506 1790 se
525 1748 690 1800 accipiet
710 1747 793 1787 auri
814 1747 981 1799 cupidus
1003 1745 1091 1783 ilico
1111 1761 1117 1783 :
1257 1744 1264 1748 ”

282 1817 425 1857 celabit
445 1815 648 1854 hominem
670 1821 707 1853 et
728 1825 879 1852 aurum.
941 1813 1016 1849 AG.
1050 1809 1257 1848 consilium
1279 1809 1415 1858 placet.

283 1885 356 1922 M1.
388 1889 523 1933 rogato
544 1893 677 1920 seruos
698 1877 902 1918 ueneritne
923 1877 974 1915 ad
995 1888 1084 1914 eum
1106 1882 1204 1913 tuos.

281 1949 332 1987 ill'
353 1962 416 1987 me
437 1946 613 1987 censebit
634 1943 789 1997 quaeri:
820 1942 1011 1982 continuo
1032 1939 1101 1978 tibi

282 2013 450 2064 negabit.
509 2012 605 2064 quid
626 2020 668 2050 tu
688 2009 847 2050 dubitas
869 2008 964 2059 quin
985 2007 1209 2055 extempulo
1523 2013 1562 2044 55

283 2079 393 2131 dupli
413 2078 495 2126 tibi,
517 2078 600 2117 auri
621 2084 659 2116 et
680 2075 863 2122 hominis,
886 2075 946 2112 fur
966 2074 1056 2110 leno
1077 2070 1181 2109 siet?

222 2198 282 2228 159
305 2198 358 2218 em
374 2197 427 2218 me
445 2187 526 2218 dato
539 2185 615 2217 Ital.
632 2196 638 2215 z
665 2196 706 2216 en
725 2185 884 2215 mendato
902 2181 966 2214 cod.
989 2180 1057 2220 (vii.
1071 2179 1105 2219 4)
1242 2177 1301 2214 163
1325 2175 1501 2214 dispendio

177 2232 357 2264 Gruterus:
381 2232 505 2262 damno
526 2231 665 2270 (damno
690 2233 723 2259 et
747 2228 838 2266 PBC)
865 2225 1043 2266 dispendio
1069 2221 1136 2254 cod.
1161 2220 1218 2259 (iv.
1243 2221 1294 2257 12>
1314 2230 1320 2249 :
1343 2217 1501 2258 duplicem

175 2276 337 2306 lectionem
370 2275 495 2305 damno
526 2278 584 2304 tuo
613 2272 618 2314 Ι
648 2273 753 2303 Tuam
782 2275 811 2301 et
835 2268 1013 2310 dispendio
1043 2266 1047 2309 Ι
1079 2266 1151 2296 Tuo
1180 2269 1269 2294 tuam
1297 2265 1419 2292 eruum
1446 2260 1505 2289 alif

180 2320 240 2350 166
255 2318 408 2359 philippii
425 2317 491 2349 cod.
508 2319 584 2358 (pro
600 2316 669 2356 -pei
682 2318 705 2355 3)
780 2315 839 2345 168
855 2323 954 2352 quom
974 2311 1039 2342 cod.
1057 2306 1349 2351 (anliquasorma)
1444 2305 1503 2342 169

176 2363 231 2402 qui
249 2363 281 2393 id
301 2360 434 2392 Guietus
449 2373 455 2392 :
480 2361 560 2400 quid
578 2360 644 2391 cod.
752 2368 810 2397 173
835 2357 890 2388 vix
906 2355 1043 2386 hercule
1136 2362 1194 2390 174
1220 2350 1250 2381 ei
1267 2348 1343 2380 Ital.
1360 2359 1367 2378 τ
1391 2353 1425 2378 et
1435 2346 1500 2378 cod.

179 2407 241 2445 176
266 2405 405 2446 obsequi
430 2403 528 2448 (hie)
552 2403 691 2434 Mueller
825 2401 884 2441 184
909 2398 1033 2439 duplici
1052 2398 1144 2438 (corr.
1165 2405 1203 2426 ex
1218 2392 1347 2433 dupli2)
1366 2390 1431 2422 cod.

1355 2445 1415 2479 13*
