1783 2707
160 124 237 162 ΙΙΙ.
262 124 307 160 vi

205 577 243 609 35

203 970 246 1002 40

680 125 726 162 T.
761 124 943 164 MACCI
975 125 1179 162 PLAVTI

319 236 389 273 LA.
430 233 550 273 uiden
584 248 647 273 me
682 241 725 272 ut
764 234 922 284 rapior?
997 236 1075 275 CH.
1112 234 1232 273 uideo
1264 241 1383 284 atque
1416 233 1594 284 inspecto

1439 299 1591 337 lubens.

317 366 386 403 LA.
411 377 491 403 non
513 363 723 403 subuenire
745 363 798 401 mi
820 365 973 402 audes?
1031 365 1107 403 CH.
1132 363 1218 414 quis
1239 365 1360 402 homo
1381 370 1419 402 te
1440 363 1567 413 rapit?
1612 364 1681 406 870

318 431 386 468 LA.
419 431 652 468 adulescens
676 429 937 479 Plesidippus.
999 430 1076 469 CH.
1109 436 1151 467 ut
1172 430 1349 467 nanctu’s
1370 428 1482 466 habe.

316 496 423 533 bono
444 494 576 533 auimo
599 494 756 532 meliust
778 502 815 532 te
837 494 877 532 in
898 508 1063 533 neruom
1086 507 1308 544 conrepere.

317 560 386 598 tibi
408 559 546 610 optigit
567 560 676 609 quod
698 559 868 608 plurumi
891 567 1078 609 exoptant
1100 559 1184 598 sibi.

319 628 389 664 LA.
421 625 516 676 quid
549 625 589 663 id
619 626 704 663 est?
772 626 849 664 CH.
883 632 925 663 ut
955 624 995 663 id
1029 626 1138 674 quod
1170 631 1358 675 quaerant
1392 622 1594 662 inueniant

1507 688 1590 726 sibi.

319 758 388 794 LA.
422 769 596 806 sequere,
621 768 799 805 opsecro,
820 768 894 793 me.
954 756 1031 794 CH.
1061 753 1204 805 pariter
1221 754 1362 792 suades
1383 752 1507 803 qualis
1529 766 1569 791 es
1587 768 1593 790 :
1614 757 1678 801 875

317 831 359 861 tu
380 822 419 860 in
441 835 604 860 neruom
627 835 772 871 rapere,
795 834 843 859 eo
864 835 929 859 me
950 834 1132 870 opsecras
1154 828 1195 858 ut
1217 827 1254 858 te
1275 832 1425 869 sequar.

317 887 434 926 etiam
455 888 655 925 retentas?
713 888 783 924 LA.
817 886 911 936 perii
930 889 936 923 ἒ
996 888 1062 923 PL.
1095 899 1231 923 uerum
1254 884 1301 922 sit
1322 883 1452 922 uelim.

318 960 371 1000 tu,
395 966 482 991 mea
505 953 701 990 Palaestra
723 959 760 990 et
782 950 1019 1001 Ampelisca,
1044 950 1193 989 ibidem
1214 950 1304 988 ilico

318 1026 474 1057 manete
495 1020 591 1056 dum
612 1031 685 1068 ego
707 1019 784 1056 huc
805 1019 934 1056 redeo.
996 1019 1066 1055 LO.
1100 1016 1285 1066 e'quidem
1307 1017 1455 1054 suadeo

318 1092 360 1123 ut
380 1085 430 1122 ad
452 1098 523 1122 nos
545 1084 689 1122 abeant
710 1083 852 1133 potius,
877 1084 973 1121 dum
994 1081 1144 1132 recipis.
1205 1084 1272 1119 PL.
1304 1083 1443 1131 placet,
1614 1082 1683 1117 880

317 1150 420 1188 bene
440 1148 575 1187 facitis.
638 1150 708 1186 LA.
736 1150 839 1186 fures
862 1148 915 1186 mi
936 1147 1038 1186 estis.
1099 1149 1170 1185 Lo.
1199 1146 1308 1196 quid,
1329 1148 1461 1184 fures?
1489 1158 1591 1196 rape.

320 1217 390 1253 LA.
424 1228 502 1262 oro,
527 1227 702 1264 opsecro,
727 1215 934 1252 Palaestra.
996 1215 1064 1250 PL.
1096 1226 1270 1262 sequere,
1294 1213 1488 1250 carnufex.

204 1295 246 1328 45
321 1282 392 1319 LA.
430 1281 708 1330 hospes—CH.
748 1292 828 1317 non
863 1292 950 1317 sum
985 1280 1141 1329 hospes,
1175 1277 1340 1328 repudio
1379 1276 1594 1327 hospitium

1471 1350 1592 1381 tuom.

321 1414 391 1451 LA.
424 1411 546 1450 sicine
568 1425 630 1450 me
652 1410 832 1461 spernis?
890 1412 967 1450 CH.
1001 1409 1055 1448 sic
1076 1423 1160 1460 ago.
1221 1410 1341 1447 semel
1361 1407 1468 1447 bibo.

321 1480 391 1516 LA.
425 1477 464 1516 di
486 1485 523 1516 te
544 1477 746 1515 infelicent
764 1477 907 1515 l—CH.
939 1475 1001 1513 isti
1023 1475 1139 1525 capiti
1161 1465 1366 1514 dicffo‘ss’v⁷
1433 1468 1436 1471 .
1616 1478 1681 1523 885

321 1545 440 1582 credo
460 1543 579 1581 alium
601 1542 641 1580 in
661 1542 778 1581 aliam
800 1543 957 1580 beluam
979 1540 1182 1579 hominem
1204 1540 1371 1578 uortier:

323 1609 400 1647 illic
421 1609 460 1646 in
482 1608 724 1654 columbum,
749 1608 878 1654 credo,
904 1608 994 1645 leno
1016 1606 1190 1652 uortitur‚

210 1692 252 1725 50
324 1689 415 1714 nam
441 1674 445 1726 Ι
473 1675 512 1712 in
533 1673 751 1712 columbari
772 1674 896 1711 collus
917 1674 995 1710 hau
1018 1673 1141 1709 multo
1161 1678 1251 1721 post
1271 1670 1342 1709 erit
1355 1685 1366 1719 3

322 1741 361 1780 in
383 1754 546 1779 neruom
567 1740 631 1779 ille
651 1739 771 1778 hodie
793 1739 1021 1777 nidamenta
1041 1744 1235 1788 congeret.

320 1820 456 1845 uerum
479 1814 611 1844 tamen
632 1805 699 1844 ibo
721 1805 756 1843 ei
778 1806 996 1843 aduocatus
1018 1812 1060 1842 ut
1081 1803 1189 1850 siem,
1617 1809 1686 1854 890

321 1872 352 1910 si
374 1872 440 1922 qui
463 1886 549 1910 mea
570 1885 689 1921 opera
712 1871 825 1909 citius
841 1896 869 1898 —
884 1870 1014 1909 addici
1036 1877 1235 1920 potest.—

312 1979 376 2017 869
399 1978 525 2008 uinden
554 1978 593 2012 P,
618 1977 651 2007 A
672 1989 702 2008 n.
728 1978 746 2009 l.
884 1956 948 2016 87⁴2
974 1976 1095 2007 melius
1114 1979 1150 2004 ut
1165 1974 1227 2005 vid.
1247 1972 1281 2003 A
1424 1972 1596 2010 873-1004

268 2020 352 2051 deest
365 2021 398 2050 A
539 2023 601 2061 875
626 2022 767 2052 obsecro
785 2032 837 2052 me
858 2021 1086 2052 Camerarius:
1113 2019 1286 2050 obsecrom
1303 2015 1369 2047 cod.
1534 2016 1596 2053 877

269 2065 327 2096 PL.
355 2066 455 2096 etiam
472 2066 550 2096 ΡΠ)
683 2067 747 2104 884
772 2065 879 2096 semel
895 2065 971 2095 bibo
989 2064 1125 2106 (tuom)
1141 2062 1318 2100 Niemeyer,
1337 2071 1418 2090 nam
1431 2058 1598 2089 diiambus

267 2109 300 2139 in
315 2109 386 2147 fine
403 2120 516 2140 versus
541 2110 597 2140 vix
616 2110 798 2149 ferendus:
829 2110 908 2149 sort.
940 2109 966 2139 si
995 2108 1061 2138 mel
1086 2108 1114 2138 b.
1141 2107 1177 2141 (i.
1190 2118 1214 2137 e.
1241 2104 1354 2144 ‘quasi
1380 2103 1596 2142 gargarizans

266 2152 392 2193 spuo')
544 2156 605 2192 887
643 2154 825 2184 columbam
850 2152 978 2183 Sclzoell
1117 2151 1182 2181 888
1205 2149 1310 2180 collus
1342 2150 1479 2178 testatur
1506 2145 1594 2176 Pris-

267 2197 381 2227 cianus
401 2208 426 2233 1,
448 2207 530 2236 150:
555 2197 674 2227 collum
693 2197 758 2228 cod.
894 2196 967 2227 coll.
990 2195 1022 2225 in
1047 2195 1108 2226 col.
1128 2193 1299 2224 Fleckeisen
1317 2195 1393 2233 post
1411 2190 1595 2222 Osbernum

268 2241 414 2280 rlzytlzmi
427 2251 525 2271 causa
545 2241 593 2280 (τί
616 2241 718 2271 class.
739 2241 820 2272 Rev.
840 2249 890 2278 10,
909 2239 988 2279 333)
