1731 2713
681 117 971 157 POENVLVS
1406 116 1481 153 ΙΙΙ.
1504 126 1534 150 v

154 237 406 280 *utquomque
425 235 484 268 est
503 235 645 268 uentus
666 226 766 266 exim
791 227 922 265 uelum
946 225 1118 264 uortitur.

72 306 136 344 755
158 297 233 334 AG.
266 295 422 334 ualeant
441 294 547 344 apud
568 301 605 332 te
626 305 725 343 quos
747 293 839 330 uolo
855 306 864 339 3
892 298 1010 341 atque
1030 291 1107 329 hau
1129 297 1166 328 te
1188 290 1289 328 uolo.
1509 305 1547 326 10

159 361 228 398 Lx'.
261 360 392 398 ualent
413 366 455 397 ut
474 360 762 409 postulatumst‚
787 370 923 395 uerum
946 368 1025 394 non
1047 354 1129 393 tibi.

157 427 230 463 Ao.
264 424 374 463 mitte
393 424 444 462 ad
466 436 540 470 me,
562 423 592 460 si
613 423 749 469 audes,
770 421 890 460 hodie
911 419 1198 470 Adelphasium
1220 427 1338 465 tuam,

155 490 219 528 die
240 490 338 528 festo
359 488 502 528 celebri
524 487 726 538 nobilique
748 485 1008 537 Aphrodisiis.

156 555 225 592 Lv.
257 553 428 593 calidum
451 552 639 603 prandisti
662 550 870 602 prandium
893 550 1041 589 hodie?
1071 549 1134 588 dic
1155 549 1261 587 mihi.

68 620 137 664 760
155 620 228 658 Λα,
279 618 376 669 quid
414 619 521 657 iam?
583 619 652 656 ΙΝ.
698 616 789 667 <luia
838 630 881 655 os
931 629 1035 654 nune
1084 614 1311 664 frigefacta8‚
1362 627 1483 664 quom
1507 628 1542 660 ¹5

1360 691 1482 728 rogas,

154 751 228 788 AG.
262 751 337 788 hoe
357 762 427 799 age
449 749 510 795 εἰς,
535 750 634 786 lenO.
695 760 850 786 seruom
873 760 957 785 esse
978 745 1111 784 audiui
1134 758 1265 783 meum

153 815 260 865 apud
281 823 328 853 te.
389 816 457 853 LY.
490 814 596 864 apud
618 815 711 851 me?
741 825 957 862 numquam
981 813 1125 849 factum
1149 809 1327 860 reperies.

154 883 229 919 AG.
263 880 438 919 mentire.
497 893 587 918 nam
609 880 659 917 ad
681 887 718 916 te
740 877 847 916 uenit
869 890 1086 926 aurumque
1107 874 1245 914 attulit.

154 946 207 984 ita
227 945 279 984 mi
301 945 613 992 renuntiatumst,
637 943 772 994 quibu'
794 944 912 981 eredo
934 942 1035 980 satis.

10 1056 14 1059 ,
66 1013 132 1057 765
153 1012 224 1049 Lv.
257 1011 381 1049 malus
402 1024 454 1057 es,
478 1017 677 1060 captatum
700 1021 762 1046 me
782 1007 947 1046 aduenis
969 1020 1058 1045 cum
1081 1006 1261 1045 testibus.
1506 1021 1547 1042 20

152 1083 308 1113 tuorum
328 1076 435 1125 apud
456 1087 519 1113 me
539 1080 695 1112 nemost
716 1086 789 1111 nec
811 1072 1022 1123 quicquam
1045 1071 1110 1109 tui.

150 1142 226 1178 AG.
259 1147 499 1179 mementote
519 1139 622 1186 illuc,
644 1138 838 1178 aduocati.
899 1139 1004 1176 ADV.
1037 1135 1299 1175 meminimus.

153 1206 223 1244 Lv.
255 1205 457 1243 hahahae!
488 1203 564 1243 iarn
586 1212 703 1242 teneo
724 1203 820 1254 quid
841 1201 900 1249 sit,
924 1200 1100 1252 perspexi
1123 1201 1254 1240 modo.

152 1269 192 1307 hi
213 1268 279 1320 qui
299 1267 408 1308 ill'um
430 1269 582 1308 dudum
603 1267 913 1307 conciliauerunt
936 1266 1031 1304 mihi

65 1351 135 1386 770
152 1333 397 1385 peregrinum
418 1334 664 1384 Spartanum,
687 1333 727 1372 id
748 1346 854 1371 nune
874 1331 934 1370 his
955 1332 1158 1370 cerebrum
1180 1330 1310 1379 uritur,
1501 1343 1540 1376 25

151 1412 214 1437 me
234 1412 318 1438 esse
340 1400 412 1437 hos
432 1406 627 1437 trecentos
651 1398 853 1448 Philippos
875 1399 1065 1435 facturum
1089 1396 1194 1435 lucri.

149 1478 255 1503 nunc
275 1465 381 1503 hunc
402 1464 604 1502 inimicum
626 1463 718 1514 quia
738 1477 823 1502 esse
844 1463 1041 1501 sciuerunt
1065 1462 1170 1509 mihi,

149 1543 239 1568 eum
260 1531 491 1580 adlegarunt
511 1543 624 1568 suom
646 1528 713 1579 qui
734 1541 888 1567 seruom
912 1527 1057 1566 diceret

149 1609 238 1634 cum
260 1608 356 1633 auro
376 1608 461 1634 esse
481 1595 588 1645 apud
609 1608 672 1633 me
690 1609 698 1642 3
728 1592 985 1643 compositast
1006 1592 1157 1631 fallacia

63 1671 128 1709 775
149 1668 191 1699 ut
212 1674 260 1700 eo
280 1674 343 1699 me
364 1660 518 1710 priuent
537 1668 657 1711 atque
678 1659 777 1698 inter
798 1672 838 1697 se
859 1658 1048 1697 diuidant.
1499 1667 1541 1699 30

149 1728 242 1777 lupo
262 1740 407 1777 agnum
429 1726 576 1777 eripere
598 1727 809 1776 postulant.
870 1737 992 1774 nugas
1013 1730 1143 1773 agunt.

149 1793 223 1830 AG.
255 1805 426 1842 negasne
445 1793 551 1842 apud
574 1798 611 1830 te
631 1804 717 1829 esse
738 1803 875 1828 aurum
898 1802 971 1828 nec
992 1801 1148 1826 seruom
1170 1787 1333 1827 meum?

149 1859 218 1895 Lv.
251 1871 376 1908 nego:
406 1865 443 1896 et
465 1858 661 1907 negando,
681 1856 712 1895 si
734 1855 829 1906 quid
851 1856 974 1902 refert,
997 1853 1117 1892 aruio.

148 1924 253 1961 Anv.
284 1921 442 1972 periisti,
464 1923 565 1960 leno.
626 1935 717 1959 nam
738 1921 847 1959 istest
868 1919 998 1958 huiius
1018 1918 1157 1957 uilicus

61 1995 131 2037 780
148 2001 266 2037 quem
287 1987 357 2026 tibi
379 2000 450 2025 nos
471 2000 556 2025 esse
577 1985 809 2036 Spartiatem
831 1984 1012 2028 diximus,
1496 1994 1536 2028 35

147 2052 214 2103 qui
234 2054 284 2092 ad
305 2060 343 2091 te
364 2060 559 2091 trecentos
581 2051 808 2101 Philippeos
830 2051 951 2089 modo
971 2048 1123 2088 detulit.

147 2118 266 2169 idque
288 2118 327 2157 in
348 2117 447 2157 istoc
467 2119 568 2156 adeo
595 2116 598 2167 Ι
624 2130 762 2162 aurum
783 2116 884 2155 inest
905 2113 1142 2165 marsuppio.

192 2233 251 2262 754
278 2226 329 2253 est
346 2232 410 2253 om.
430 2221 462 2251 A
543 2222 625 2260 fort.
647 2225 783 2251 uentust
890 2228 951 2259 755
977 2219 1091 2250 ualent
1106 2218 1140 2248 A
1160 2218 1211 2258 (cs.
1234 2217 1311 2257 756)
1415 2220 1478 2257 756

149 2266 409 2306 postulantum*
431 2270 483 2296 est
500 2264 532 2294 A
634 2266 696 2303 763
721 2274 940 2303 maurumque
957 2263 991 2293 P
1027 2290 1039 2303 Ι
1087 2263 1149 2302 765
1175 2267 1226 2301 est
1244 2261 1275 2291 A
1352 2271 1431 2301 qum
1448 2261 1482 2292 P

149 2311 211 2349 768
237 2310 284 2340 vel
300 2309 409 2340 hahae
485 2308 643 2349 perpexit
659 2307 693 2338 P
787 2317 849 2346 773
874 2307 924 2338 vel
937 2306 1183 2346 adlegauerunt
1288 2315 1349 2344 774
1373 2315 1476 2344 quom

147 2353 181 2384 P
195 2354 349 2393 (antiqua
356 2353 490 2393 forma)
610 2362 669 2390 777
690 2351 768 2392 nec]
788 2362 826 2390 ne
842 2350 875 2380 A
998 2351 1061 2389 778
1086 2350 1179 2380 aruio
1199 2349 1210 2388 (
1217 2348 1335 2389 plebeia
1341 2349 1474 2388 formal

148 2397 199 2427 vel
214 2397 306 2427 rauio
441 2396 500 2434 781
527 2394 698 2434 philippos
714 2394 747 2425 P
876 2394 938 2433 782
963 2394 1047 2424 adeo
1066 2394 1099 2423 in
1118 2393 1201 2423 istoc
1218 2391 1358 2429 Pylades
