1731 2713
594 125 763 163 MILES
794 125 1103 162 GLORIosx's
1428 125 1501 161 III.
1521 124 1534 159 i

158 280 162 285 Ἴ
193 248 322 286 neque
343 233 533 284 praeripio
555 234 852 283 pulpamentum
875 247 1002 282 neque
1024 241 1228 282 prae-nono
1250 233 1429 281 poculum

194 313 323 350 neque
344 312 411 349 per
431 297 567 336 uinum
589 311 776 347 umquam
798 312 844 335 ex
865 311 927 335 me
948 297 1115 335 exoritur
1135 297 1340 334 discidium
1365 297 1399 333 in
1422 310 1508 333 von-

1382 361 1485 398 uiuio
1503 376 1509 399 :

109 437 174 483 655
196 430 227 468 si
248 428 334 480 quis
355 428 408 467 ibi
429 436 487 467 est
507 427 678 474 odiosus,
701 429 800 466 abeo
822 429 995 474 domum,
1020 440 1237 465 sermonem
1261 440 1440 475 scgrcgm

196 496 402 539 Venerem,
426 506 599 532 amorem
621 493 978 541 amoenitatemque
999 492 1194 529 accubans
1216 504 1384 529 exerceo.
1530 499 1572 528 60

197 561 265 597 ΡΑ.
299 567 338 596 tu
360 558 521 608 quidem
543 559 683 607 edepol
706 557 833 595 omnis
862 557 980 595 moris
1000 558 1050 594 ad
1072 564 1315 594 uenustatcm
1338 555 1511 601 †uicct†;

197 624 297 662 cedo
318 622 384 661 tris
406 622 457 660 mi
478 623 659 660 homines
679 622 901 660 aurichalco
922 630 1057 659 contra
1077 635 1165 658 cum
1188 620 1268 658 istis
1291 619 1469 656 moribus.

199 691 267 727 PL.
298 695 336 726 at
357 687 518 738 quidem
540 687 630 725 illuc
650 687 786 725 aetatis
807 686 874 736 qui
895 686 942 724 sit
964 700 1042 724 non
1065 685 1239 723 inuenies
1260 686 1420 722 alterum

111 758 183 794 660
200 753 429 804 lepidiorem
450 753 501 791 ad
521 754 649 790 omnis
670 766 729 790 res
751 765 823 790 nee
844 751 910 801 qui
931 751 1080 789 amicus
1101 751 1227 788 amico
1248 749 1293 786 sit
1317 748 1445 797 magis.

201 821 268 857 PE.
302 826 384 857 tute
405 831 467 856 me
487 825 529 855 ut
549 818 691 856 fateare
712 817 851 855 faciam
873 830 956 855 esse
976 817 1265 854 adulescentem
1289 814 1469 859 moribus,
1537 820 1576 860 65

200 883 253 922 ita
272 884 378 934 apud
399 882 527 921 omnis
548 883 786 932 comparebo
807 881 876 920 tibi
898 895 957 920 res
977 880 1189 919 benefactis
1211 881 1400 928 frequens.

201 951 344 998 opu'ne
365 948 435 987 erit
455 947 525 986 tibi
545 949 741 986 aduocato
762 947 869 993 tristi,
892 946 1111 984 iracundo?
1140 958 1231 983 ecce
1253 946 1336 981 me!

202 1015 345 1065 opu’ne
365 1012 474 1051 leni?
503 1012 691 1051 leniorem
713 1012 820 1051 dices
841 1025 958 1061 quam
980 1019 1129 1048 mutum
1152 1018 1207 1048 est
1231 1022 1332 1046 mare

115 1084 182 1128 665
202 1079 582 1130 liquidiusculusque
601 1091 668 1116 ero
689 1091 806 1127 quam
828 1085 968 1115 uentus
989 1084 1046 1114 est
1067 1074 1255 1113 fauonius.

204 1146 267 1183 uel
288 1143 578 1182 hilarissumum
598 1142 809 1180 conuiuam
832 1141 922 1179 hinc
944 1140 1119 1179 indidem
1141 1150 1362 1188 expromam
1385 1135 1453 1174 tibi
1542 1151 1580 1182 50

204 1211 267 1248 uel
288 1208 512 1260 primarium
534 1207 745 1258 parasitum
767 1214 885 1256 atque
906 1213 1180 1256 opsonatorem
1202 1211 1405 1253 optumum
1422 1216 1430 1247 ;

205 1283 287 1314 tum
308 1275 360 1313 ad
379 1274 601 1312 saltandum
623 1286 703 1310 non
724 1272 910 1310 cinaedus
932 1273 1102 1309 malacus
1122 1276 1281 1319 aequest
1301 1275 1416 1316 atque
1437 1262 1518 1315 egoss

206 1342 276 1378 PA.
307 1339 404 1390 quid
423 1339 474 1376 ad
494 1337 578 1376 illas
598 1337 688 1376 artis
711 1337 887 1387 optassis,
911 1336 941 1374 si
962 1335 1070 1386 optio
1090 1333 1244 1373 eueniat
1265 1332 1332 1370 tibi
1349 1333 1365 1369 Ρ

119 1406 190 1449 670
207 1407 276 1444 PL.
304 1404 419 1442 huius
440 1416 510 1454 pro
531 1402 677 1441 meritis
699 1410 740 1440 ut
761 1401 889 1440 referri
910 1401 1050 1450 pariter
1070 1399 1190 1449 possit
1209 1397 1338 1448 gratia,

208 1471 368 1521 tibique,
392 1469 527 1520 quibu'
547 1482 654 1506 nune
675 1481 738 1506 me
759 1481 843 1505 esse
864 1466 1038 1516 experior
1064 1477 1239 1503 summae
1259 1458 1520 1500 sollicitudini.
1542 1472 1578 1504 75

209 1544 248 1576 at
267 1536 338 1575 tibi
359 1543 468 1574 tanto
488 1534 661 1584 sumptui
683 1546 768 1572 esse
789 1532 885 1570 mihi
906 1532 1160 1569 molestumst.
1220 1530 1287 1565 PE.
1320 1538 1448 1564 morus
1469 1538 1519 1562 es.

210 1601 354 1641 namin
372 1602 473 1639 mala
488 1613 607 1638 uxore
628 1607 746 1648 atque
767 1597 928 1635 inimico
948 1596 979 1634 si
996 1595 1090 1646 quid
1107 1606 1246 1639 sumas,
1265 1599 1440 1641 sumptus
1454 1597 1521 1636 est,

211 1666 251 1705 in
271 1667 379 1706 bono
399 1665 553 1716 hospite
573 1672 692 1714 atque
712 1662 840 1702 arnico
862 1668 1045 1712 quaestus
1066 1667 1122 1698 est
1143 1658 1249 1708 quod
1270 1655 1431 1694 sumitur
1448 1669 1454 1691 z

255 1774 319 1811 653
343 1771 498 1811 copulum
522 1769 586 1802 cod.
608 1769 701 1809 (corr.
721 1767 783 1807 B2)
803 1767 850 1807 (ii.
873 1766 908 1806 7)
1040 1764 1102 1802 654
1126 1771 1197 1792 mea
1213 1759 1276 1790 cod.
1311 1802 1315 1807 ι
1370 1758 1401 1787 in
1418 1767 1481 1786 om.
1499 1756 1530 1785 B

213 1816 278 1855 655
301 1815 439 1846 odiosus
455 1819 507 1845 est
524 1813 556 1843 Β
611 1813 693 1852 [σιτ.
716 1811 794 1842 ibist
809 1821 839 1842 o.
953 1809 1016 1847 656
1039 1815 1184 1838 amoram
1207 1806 1420 1834 amonitatem
1442 1809 1527 1838 quae

214 1859 356 1890 accubas
372 1859 436 1889 cod.
459 1859 554 1900 (corr.
571 1856 634 1895 13²)
750 1857 811 1894 657
837 1852 995 1884 υεῖιτιότίε
1080 1852 1255 1880 uenustate
1273 1846 1348 1876 ΡΟ)
1370 1885 1376 1893 1
1432 1848 1527 1891 uacet

214 1903 262 1934 B:
287 1903 382 1942 uiges
399 1900 451 1933 D2
518 1901 598 1941 fffl·
619 1906 695 1931 tuus
712 1924 719 1931 .
741 1923 748 1930 .
766 1924 772 1930 .
792 1898 894 1928 moris
913 1899 1019 1937 (nom.
1033 1894 1132 1933 sing.)
1154 1917 1159 1923 .
1176 1917 1182 1922 .
1198 1891 1308 1928 ,uiget
1327 1889 1396 1937 (vix.
1412 1886 1503 1925 saeit)
1521 1897 1527 1915 z

215 1947 262 1978 tui
283 1946 522 1987 (Camerarius)
541 1940 548 1976 ζ
568 1969 575 1976 .
595 1968 602 1976 .
623 1944 741 1981 uigent
757 1941 891 1972 Ribbeck
1039 1938 1104 1976 658
1129 1940 1245 1966 contra
1265 1942 1336 1963 cum
1356 1932 1422 1961 BJ:
1449 1939 1527 1978 eon-

214 1995 373 2021 tramtum
393 1989 457 2020 cod.
481 1992 509 2028 (t
526 1993 587 2028 pro
610 1989 642 2025 c)
774 1987 838 2016 660
862 1994 924 2015 nee
945 1982 1080 2024 [magis]
1107 1980 1185 2019 quid
1211 1980 1302 2018 (corr.
1321 1974 1382 2011 13²)
1404 1982 1527 2022 amicus

215 2034 338 2064 amicos
361 2033 428 2064 sint
454 2034 546 2073 (corr.
572 2031 633 2071 8²)
658 2030 765 2069 magis
781 2028 846 2059 cod.
868 2028 915 2068 (ii.
933 2030 988 2065 2):
1015 2035 1091 2056 corr.
1113 2022 1185 2053 Ital.
1318 2019 1377 2048 661
1405 2020 1527 2046 tateare

215 2077 309 2109 Ital.:
343 2077 449 2108 fatear
476 2081 509 2106 et
533 2075 599 2106 cod.
700 2073 917 2104 adulescente
943 2069 1007 2100 cod.
1037 2070 1127 2106 (corr.
1156 2065 1216 2105 3³)
1359 2062 1431 2109 ⁶⁶2.
1445 2061 1528 2089 bona

217 2121 312 2152 sactis
329 2120 394 2151 cod.
528 2119 594 2157 663
618 2118 680 2149 tris
696 2116 879 2147 suraeundo
896 2113 960 2144 cod.
982 2118 1072 2142 (corr.
1087 2109 1151 2147 ΠΙ)
1283 2107 1346 2143 664
1370 2105 1450 2134 dicis
1464 2101 1526 2132 cod.

218 2165 290 2206 (pro
310 2166 384 2196 -esz
412 2164 431 2195 i.
463 2164 499 2203 3)
572 2195 573 2198 Ἰ
640 2161 706 2191 666
728 2158 921 2190 conuiuium
947 2157 1024 2186 hinc
1050 2153 1194 2184 indidam
1223 2150 1314 2181 cod.:
1341 2157 1415 2178 corr.
1443 2145 1528 2182 Ital„

220 2207 430 2239 Camerarius
539 2206 604 2236 668
627 2203 814 2235 saltandum
833 2201 960 2231 Nonius
972 2208 1010 2237 5:
1034 2196 1240 2228 salutandum
1253 2193 1315 2223 rod.
1406 2194 1530 2237 antquc

219 2251 284 2284 cod.
308 2251 402 2293 (corr.
422 2249 484 2291 B'2)
619 2249 683 2287 669
706 2247 761 2286 qui
778 2245 811 2276 B
869 2249 903 2274 at
920 2242 1007 2273 tillas
1023 2240 1087 2271 cod.
1108 2241 1189 2280 (pro
1205 2244 1238 2268 at
1256 2237 1336 2272 illas,
1356 2235 1374 2265 i.
1390 2245 1412 2264 e.
1433 2233 1473 2262 ad
1496 2231 1529 2279 ι..)

221 2296 315 2332 (corr.
329 2293 390 2336 B2)
480 2292 598 2333 optissi
615 2291 679 2322 cod.
696 2289 838 2330 (optassi
850 2286 913 2327 13²)
929 2297 935 2316 :
960 2295 1037 2316 corr.
1055 2282 1263 2314 Camerarius
1369 2278 1433 2329 670
1457 2276 1531 2326 huic

223 2339 356 2370 Guietus
443 2338 567 2368 reseret
582 2334 649 2366 cod.
672 2335 763 2374 (corr.
779 2332 840 2371 3³)
942 2330 1003 2368 671
1030 2331 1121 2357 esset
1132 2325 1268 2364 experio
1286 2321 1349 2370 cod.
1365 2335 1369 2353 a
1378 2331 1452 2350 corr.
1470 2317 1531 2347 Bw

222 2383 372 2423 (—iofort.
393 2382 482 2421 recte)
573 2380 636 2418 672
661 2377 713 2415 esl
733 2381 785 2407 est
801 2374 868 2405 cod.
956 2374 1019 2411 673
1043 2380 1154 2401 sumas
1172 2368 1380 2398 Camerarius
1397 2375 1402 2394 :
1428 2365 1532 2392 sumat

222 2425 287 2457 cod.
422 2426 484 2464 674
510 2427 653 2463 quaetus
668 2420 733 2451 cod.
753 2421 844 2460 (corr.
865 2417 928 2457 D2)
