1731 2713
601 119 771 158 MILES
802 120 1112 161 GLORIOSVS
1434 130 1508 166 111.
1530 131 1540 166 i

177 227 461 279 ,praecantrici‚
484 227 718 274 coniectriei‚
743 229 913 267 hariolae
933 238 1050 279 atque
1071 232 1320 282 haruspicae;

195 292 420 343 flagitiumst
441 291 471 330 si
493 292 589 330 nihil
612 292 784 330 mittetur
805 307 906 342 quae
927 295 1132 344 supercilio
1153 297 1263 346 spicit
1281 313 1290 344 ;

108 363 174 407 695
196 365 278 395 tum
300 357 537 408 plicatricem
559 358 772 395 clementer
793 371 872 395 non
894 367 1021 408 potest
1043 360 1136 409 quin
1159 375 1379 401 moenere-m
1398 379 1407 411 3

195 421 271 460 iam
293 421 455 472 pridem,
479 421 570 471 quia
592 421 687 459 nihil
708 423 919 472 apstulerit,
944 434 1143 463 suscenset
1165 427 1344 475 ceriaria;
1536 448 1591 471 100

195 494 278 524 tum
299 486 486 537 opstetrix
506 486 768 536 expostulauit
791 501 957 535 mecum,
982 502 1117 538 parum
1141 490 1299 529 missum
1323 493 1393 531 sibi
1414 509 1421 539 ;

194 551 319 602 quid?
348 550 488 590 nutrici
509 564 589 589 non
611 551 809 589 missuru's
831 552 1041 602 quicquam
1064 567 1163 603 quae
1186 569 1322 594 uernas
1342 558 1406 595 alit
1422 561 1457 596 ?’

194 617 291 655 haec
311 624 430 666 atque
450 615 579 654 huiius
601 615 741 654 similia
761 617 836 654 alia
856 618 1000 655 damna
1022 620 1142 656 multa
1164 621 1365 659 mulierum

106 695 176 730 700
194 681 257 720 me
295 681 414 720 uxore
452 680 674 732 prohibent,
717 681 812 719 mihi
851 695 951 732 quae
991 683 1104 721 huius
1144 684 1277 723 similis
1316 700 1511 726 sermones

1333 750 1509 803 serasnh.

193 813 262 849 ΡΑ.
294 811 333 850 di
355 810 424 849 tibi
446 810 602 861 propitii
624 818 725 856 sunt,
748 824 839 848 nam
861 812 990 850 hercle
1011 811 1041 850 si
1063 812 1174 850 istam
1200 816 1318 853 semel
1339 802 1510 854 amiseris
1533 831 1588 862 105

192 875 422 922 libertatem,
445 876 523 914 hau
544 875 655 914 facile
676 875 715 913 in
737 876 908 914 eundem
930 890 1061 914 rusum
1084 877 1259 916 restitues
1280 880 1418 918 locum.

192 943 259 980 PL.
290 949 329 980 at
349 941 414 979 illa
433 942 516 978 laus
537 948 606 986 est,
629 953 772 990 magno
793 939 832 977 in
852 954 993 990 genere
1013 949 1051 980 et
1071 941 1109 979 in
1130 942 1274 981 diuitiis
1296 945 1482 983 maxumis

190 1006 334 1045 liberos
355 1005 559 1044 hominem
580 1006 759 1051 educare,
782 1006 912 1055 generi
934 1015 1234 1045 monumentum
1256 1017 1292 1046 et
1313 1009 1396 1047 sibi.

103 1081 170 1119 705
192 1072 261 1109 PE.
292 1072 455 1121 quando
492 1071 622 1108 habeo
661 1072 806 1109 multos
845 1080 1043 1121 cognatos,
1082 1072 1175 1122 quid
1211 1076 1299 1123 opu'
1334 1074 1380 1112 sit
1416 1075 1508 1113 mihi

1352 1139 1478 1177 liberis
1495 1141 1511 1177 ?

190 1214 296 1240 nunc
317 1201 419 1240 bene
439 1200 533 1239 uiuo
560 1208 598 1239 et
625 1201 820 1239 fortunate
840 1209 958 1251 atque
985 1209 1026 1239 ut
1054 1203 1145 1240 uolo
1171 1210 1288 1252 atque
1314 1203 1445 1241 animo
1471 1213 1510 1242 ut
1534 1216 1590 1238 1¹0

1390 1268 1515 1307 lubet.

191 1344 279 1370 mea
300 1331 405 1370 bona
426 1344 513 1370 mea
534 1330 648 1370 morti
671 1331 846 1382 cognatis
868 1331 1014 1378 didam,
1037 1331 1135 1370 inter
1155 1345 1222 1371 eos
1243 1332 1414 1382 partiam.

190 1397 328 1448 iapud
349 1410 412 1435 me
432 1397 608 1443 aderunt,
633 1409 696 1435 me
721 1397 924 1444 curabunt,
949 1396 1075 1435 uisent
1105 1397 1200 1447 quid
1224 1411 1344 1447 agam,
1368 1397 1508 1447 ecquid

1378 1462 1504 1500 uelim.

187 1526 284 1578 priu'
303 1540 422 1577 quam
443 1528 547 1565 lucet
566 1527 720 1574 adsunt,
739 1527 906 1578 rogitant
922 1535 1040 1565 noctu
1062 1535 1103 1565 ut
1122 1539 1304 1565 somnum
1326 1526 1504 1576 ceperim.

98 1606 170 1641 710
188 1605 256 1630 eos
276 1605 347 1642 pro
367 1592 498 1630 liberis
519 1592 676 1631 habebo
698 1592 764 1642 qui
787 1591 881 1630 mihi
904 1591 1062 1630 mittunt
1084 1605 1252 1630 munera.

231 1697 295 1735 693
319 1696 496 1735 precatrici
513 1695 562 1725 B²
583 1699 611 1726 et
622 1696 703 1735 sort.
723 1695 753 1725 Ρ
822 1695 1012 1726 conlectrici
1038 1692 1070 1725 P
1107 1694 1116 1724 l
1137 1700 1198 1735 pro
1218 1695 1265 1733 j):
1292 1694 1453 1734 ςςιςζχτὶῖςξ
1473 1694 1503 1724 Α

188 1741 252 1779 694
276 1740 302 1769 si
315 1749 383 1770 om.
396 1739 428 1769 A
446 1740 506 1779 (iii.
525 1739 557 1779 1)
648 1741 711 1778 695
729 1739 932 1779 plicatricem
946 1738 1171 1769 Studemund:
1190 1738 1326 1777 plicat—
1340 1741 1390 1768 A:
1408 1738 1504 1777 patri-

189 1793 261 1814 cam
279 1782 312 1813 P
395 1783 475 1822 quin
497 1783 559 1824 (ita
578 1781 661 1824 B²)]
683 1783 761 1813 hiric
782 1793 880 1822 quam
899 1781 932 1811 Ρ
946 1785 1020 1821 (pro
1039 1782 1116 1812 hinc
1136 1782 1229 1820 quii)
1318 1791 1393 1810 mun
1419 1780 1504 1810 codd.

188 1827 254 1866 696
276 1826 404 1857 ceraria
420 1825 454 1856 Ρ
581 1828 644 1865 697
669 1827 808 1857 obstrex
827 1826 963 1866 P(corr.
985 1825 1032 1855 3²
1189 1825 1252 1863 698
1275 1825 1369 1863 quid¹
1392 1824 1459 1862 quii
1478 1823 1510 1853 Ρ

191 1870 275 1910 (pro
289 1870 360 1909 quit
371 1871 399 1910 ἒ)
499 1871 564 1909 699
589 1870 702 1900 huiius
719 1871 775 1900 vix
791 1869 997 1900 tolerandum
1014 1881 1020 1899 ι
1045 1869 1161 1899 horum
1179 1867 1304 1898 Ritschl
1318 1869 1369 1905 (rf
1382 1877 1410 1897 v.
1429 1868 1504 1905 700)

192 1923 256 1952 700
278 1913 328 1944 vel
341 1913 418 1944 med
485 1913 676 1952 prohibenti
691 1913 724 1944 P
783 1913 890 1944 simile
907 1912 939 1943 Β
1006 1922 1179 1943 sermones
1197 1915 1284 1941 serat
1301 1908 1504 1939 Lambinus:

190 1967 367 1988 sermones
382 1962 496 1988 serant
507 1957 539 1987 A
557 1969 564 1987 ι
587 1957 851 1987 sermoniserant
866 1956 898 1986 Ρ
911 1960 984 1997 (pro
1001 1956 1167 1986 sermonis
1184 1965 1211 1986 s.
1223 1956 1248 1993 ἲ)
1353 1963 1409 1992 701
1429 1957 1505 1983 sunt

191 2011 256 2032 om.
275 2001 308 2030 A
375 2001 491 2032 hercle
508 2010 584 2031 nam
601 1999 635 2030 Ρ
708 2001 771 2030 ista
790 2001 821 2030 Ρ
907 2009 968 2038 702
993 2000 1026 2029 in
1045 1998 1109 2039 [tess
1127 1998 1160 2028 Ρ
1175 1998 1234 2035 (iv.
1251 1998 1285 2028 25
1359 1996 1506 2026 restituis

190 2043 224 2073 A
295 2054 415 2075 uocum
429 2043 462 2074 P
475 2044 600 2083 (iocum
610 2042 674 2084 B2')
774 2053 838 2082 703
862 2043 910 2073 vel
925 2043 1019 2072 illaec
1118 2052 1178 2081 704
1200 2041 1351 2071 homines
1365 2039 1396 2068 A
1414 2040 1450 2070 (i.
1467 2040 1503 2077 9)

191 2087 350 2118 educaret
370 2087 404 2118 P
421 2089 510 2119 (corr.
528 2087 593 2127 B2)
729 2096 790 2125 705
815 2087 858 2116 sit
880 2086 952 2116 Ital.
973 2097 980 2116 :
1005 2085 1040 2116 fit
1061 2084 1094 2115 Ρ
1101 2097 1108 2117 :
1133 2095 1197 2114 om.
1217 2084 1249 2114 A
1268 2095 1275 2114 ι
1298 2088 1348 2113 est
1371 2082 1500 2118 Rilschl,

193 2129 291 2161 Goetz
378 2131 493 2161 liberis
507 2141 574 2161 om.
593 2129 627 2160 A
763 2131 825 2168 706
849 2130 897 2169 et]
917 2130 947 2159 ei
964 2129 997 2160 Ρ
1011 2130 1104 2167 (corr.
1124 2128 1189 2166 32)
1292 2126 1459 2156 fortunato
1476 2124 1507 2155 Ρ

190 2179 326 2214 atquam
336 2176 447 2205 animo
464 2179 500 2204 ut
516 2174 609 2204 lubet
621 2172 670 2203 P:
695 2177 797 2212 atque
811 2171 879 2214 [ut]
890 2173 1002 2203 animo
1021 2177 1054 2202 ut
1071 2172 1159 2211 uolet
1170 2170 1202 2200 A
1314 2178 1372 2207 707
1396 2168 1501 2198 Meam

190 2217 224 2248 P
238 2219 333 2257 (corr.
349 2216 420 2255 D2)
511 2218 679 2256 cognatim
697 2216 729 2246 Ρ
809 2217 915 2246 dicam
942 2215 975 2245 Ρ
1059 2216 1177 2255 partim
1195 2213 1228 2244 Ρ
1354 2212 1414 2250 708
1438 2211 1459 2240 li
1476 2209 1509 2240 Ρ

191 2261 272 2301 (pro
287 2261 333 2300 ii)
351 2273 358 2292 :
381 2261 416 2291 hi
433 2261 466 2291 A
557 2261 701 2291 ederunt
717 2258 751 2289 Ρ
836 2261 945 2289 uisant
966 2258 1083 2288 (uisam
1101 2257 1146 2297 B)
1165 2257 1198 2287 P
1282 2255 1397 2294 ecquid
1414 2253 1505 2284 ltal.:

187 2303 246 2334 hic
262 2305 342 2344 quid
358 2303 392 2334 P
407 2316 414 2335 z
436 2304 516 2343 quid
529 2303 563 2333 A
656 2303 762 2333 uelint
780 2303 836 2339 (-it
852 2302 939 2338 PCD)
958 2301 990 2331 P
1004 2305 1040 2330 u!
1055 2301 1119 2332 vid.
1208 2309 1271 2339 709
1294 2298 1458 2329 somnium
1475 2295 1509 2326 Ρ

191 2347 380 2387 caeperiam
398 2347 432 2377 P
563 2357 626 2386 710
648 2346 757 2377 habeo
773 2355 871 2385 quam
889 2345 1025 2375 mittunt
1041 2343 1074 2374 Ρ
