1783 2707
172 116 248 153 III.

218 569 256 591 20

216 893 254 924 25

149 1516 218 1553 IV.
241 1515 255 1552 i

274 115 304 151 ii
691 115 737 151 T.
772 114 952 153 MACCI
986 115 1189 152 PLAVTI

278 228 345 264 AS.
380 225 475 276 quid
497 226 536 264 id
557 233 626 273 est,
648 226 825 264 amabo?
859 226 978 263 istaec
999 224 1227 272 ridicularia,

277 290 556 338 cauillritioncs,
581 290 639 328 uis
660 289 799 340 opinor
819 289 981 328 dicere?
1626 296 1691 341 685

277 358 353 394 ΤΗ.
385 355 448 402 ita,
472 363 513 393 ut
534 355 747 406 pauxillum
769 354 895 393 differt
917 369 939 393 a
961 356 1224 394 cauillibus.

279 423 346 459 As.
380 434 542 471 sequere
572 420 673 459 intro
704 418 813 473 [me]‚
845 420 1000 467 amabO‚
1033 434 1122 459 mea
1159 423 1350 472 uoluptas
1410 425 1485 462 ΤΗ.
1518 431 1608 462 tene

1417 490 1493 527 hoc
1513 489 1582 527 tibi
1600 503 1607 528 :

276 553 498 591 rabonem
521 552 677 599 habeto,
702 551 757 590 uti
779 564 935 590 mecum
957 552 1059 590 hanc
1080 559 1238 590 noctem
1260 552 1344 591 sies.

275 620 342 656 AS.
376 617 472 669 perii
492 621 498 657 !
533 618 742 656 ‘rabonem
759 619 795 656 '?
825 617 945 668 quzim
966 630 1052 655 esse
1072 617 1202 656 dicam
1224 618 1326 655 hanc
1346 618 1502 657 beluam
1519 621 1536 658 ?

274 683 369 734 quin
391 691 432 722 tu
456 687 464 703 ‘
480 684 712 722 arrabonem
729 684 737 700 '
758 682 889 722 dicis?
945 684 1021 721 TR.
1057 686 1104 721 ‘a
1120 685 1128 700 ³
1149 682 1250 722 facio
1270 683 1376 730 lucri,
1626 687 1696 731 690

275 756 318 788 ut
340 748 601 788 Praenestinis
626 750 792 788 ‘conea'
814 755 871 787 est
892 747 1055 787 ciconia.

276 816 344 853 As.
377 827 551 864 sequere,
571 827 746 864 opsecro.
806 815 882 852 ΤΗ.
916 814 1143 853 Strabacem
1165 813 1228 852 hic
1250 813 1427 864 opperiar
1447 816 1578 859 modo,

276 881 305 918 si
328 893 414 918 rure
435 878 577 917 ueniat.
639 880 706 917 As.
739 878 770 917 is
791 878 953 929 quidem
974 880 1079 929 apud
1100 892 1173 917 nos
1196 876 1286 931 [est]
1308 878 1372 917 hic
1393 879 1568 927 Strabax,

278 945 399 983 modo
420 946 506 983 rure
527 943 645 983 uenit.
705 945 782 982 TR.
814 943 963 994 priu'ne
983 957 1102 994 quam
1123 944 1174 982 ad
1196 951 1358 983 matrem
1381 946 1523 983 suam?

277 1023 326 1048 eu
347 1011 489 1060 edepol
511 1009 713 1048 hominem
736 1008 845 1047 nihili
864 1012 869 1047 1
928 1011 996 1047 As.
1015 1008 1145 1048 iamne
1165 1016 1296 1048 autem
1319 1016 1360 1047 ut
1381 1010 1515 1048 soles?
1627 1013 1693 1058 695

276 1077 352 1114 TR.
385 1075 668 1114 iamne—nihil
690 1075 791 1114 dico.
851 1077 920 1113 AS.
953 1076 964 1112 ι’
985 1074 1097 1122 intro,
1115 1074 1270 1121 amabo,
1294 1075 1395 1113 cedo
1415 1088 1587 1113 manum.

276 1143 352 1179 TR.
386 1149 485 1180 tene.
547 1140 585 1179 in
607 1141 811 1179 tabernam
833 1142 957 1179 ducor
977 1139 1257 1187 deuorsoriffln,

221 1222 231 1237 π
276 1206 344 1245 ubi
365 1207 467 1245 male
487 1205 655 1257 accipiar
676 1219 764 1245 mea
785 1205 881 1244 mihi
902 1205 1138 1256 pecunia.—

767 1401 1003 1450 ACTVS
1056 1401 1128 1448 IV

763 1512 1130 1548 DINIARCHVS

275 1605 416 1654 Neque
436 1611 594 1655 gnatust
615 1616 745 1654 neque
766 1602 1017 1653 progignetur
1038 1615 1167 1652 neque
1188 1609 1317 1652 potest
1338 1601 1538 1652 reperirier

273 1673 367 1722 quoi
388 1684 461 1721 ego
481 1684 587 1709 nunc
607 1669 709 1723 (aut)
731 1669 882 1709 dictum
902 1676 969 1708 aut
990 1670 1137 1708 factum
1162 1668 1303 1707 melius
1323 1681 1441 1718 quam
1463 1667 1607 1707 Veneri
1628 1682 1697 1717 700

1475 1733 1604 1772 uelim.

273 1801 313 1840 di
336 1800 477 1852 magni,
502 1809 542 1840 ut
563 1813 635 1851 ego
655 1798 791 1853 (laete)
810 1801 934 1838 laetus
955 1813 1041 1837 sum
1064 1806 1100 1838 et
1121 1798 1267 1838 laetitia
1287 1798 1443 1837 differor
1462 1802 1468 1837 1

274 1867 326 1905 ita
346 1868 396 1905 ad
418 1880 480 1906 me
502 1880 643 1917 magna
665 1864 860 1904 nuntiauit
883 1866 1055 1915 Cyamus
1076 1865 1196 1903 hodie
1215 1864 1380 1915 gaudia:

316 1972 379 2009 684
404 1968 485 2012 (tu)
517 1970 621 2001 istaec
639 1970 679 2009 (Ζ)
711 1970 777 2001 Leo
923 1970 987 2008 685
1013 1968 1062 1999 vel
1075 1969 1178 2008 opino
1336 1969 1402 1999 686
1427 1968 1520 1999 Istud
1542 1968 1609 2000 Leo

273 2016 318 2046 ita
335 2019 370 2045 ut
382 2013 566 2054 pauxilium
585 2013 740 2044 differant
759 2024 777 2044 a
795 2013 945 2045 caulibus
960 2016 1037 2054 post
1052 2012 1133 2043 alios
1149 2010 1273 2042 Goeller
1394 2012 1456 2051 687
1482 2022 1535 2042 me
1546 2012 1603 2044 del.

273 2058 376 2089 Bothe
465 2057 635 2097 uoluptast
663 2057 817 2098 (uolupta
846 2058 873 2088 si
902 2056 947 2095 Β)
975 2055 1039 2087 cod.
1143 2056 1205 2086 hoc
1231 2055 1290 2087 del.
1310 2055 1412 2086 Bothe
1541 2056 1608 2086 688

274 2103 397 2134 habeto
415 2100 521 2143 (hoc)
538 2101 643 2141 Bergk
711 2111 839 2132 mecum
856 2105 931 2131 ante
947 2105 982 2130 ut
1001 2100 1059 2131 (ita
1076 2098 1159 2137 cod.)
1180 2098 1392 2130 Canvzemrius
1461 2109 1500 2130 ac
1515 2100 1548 2138 (a
1561 2099 1606 2139 B)

273 2150 373 2177 nocte
389 2145 458 2176 cod.
478 2157 484 2176 :
508 2156 588 2175 corr.
610 2144 823 2175 Camerarius
954 2144 1020 2182 689
1045 2143 1177 2173 uelbam
1199 2142 1265 2173 cod.
1396 2144 1462 2182 690
1485 2143 1605 2174 dicista

273 2189 360 2220 sacto
375 2188 441 2220 sod.
459 2200 465 2219 t
494 2199 573 2219 corr.
595 2188 734 2225 Merula,
753 2187 941 2218 Lambinus
958 2188 985 2226 (‘
998 2193 1010 2217 t
1033 2186 1266 2217 Truculenlttm
1284 2185 1482 2216 indicaverat
1502 2190 1539 2217 ut
1555 2197 1604 2217 vv.

246 2226 249 2229 ⁵
273 2234 348 2274 680,
363 2234 447 2272 687'
467 2232 544 2272 Leo)
658 2233 723 2270 693
747 2232 774 2261 si
791 2231 865 2262 Ital.
884 2242 891 2262 z
916 2241 953 2261 se
969 2230 1036 2262 cod.
1054 2232 1132 2270 (pro
1147 2229 1195 2260 sei
1210 2231 1234 2265 ἓ)
1317 2230 1432 2260 ueniet
1448 2229 1481 2259 Β
1560 2241 1605 2261 an

273 2277 383 2309 hicst?
462 2276 516 2306 hic
533 2276 622 2315 apud
641 2285 703 2306 nos
721 2280 772 2306 est
790 2274 918 2306 Srlzoell
1017 2275 1080 2313 694
1107 2284 1183 2303 rure
1197 2271 1305 2315 (huc)
1320 2274 1360 2313 (ἒ)
1376 2272 1441 2304 Leo
1540 2275 1604 2312 695

273 2321 386 2352 iamne
401 2319 594 2351 Acidalz'us:
621 2329 707 2350 anne
724 2318 790 2350 cod.
896 2319 962 2357 696
986 2318 993 2348 i
1014 2318 1102 2348 intro
1120 2316 1194 2348 Ital.
1215 2328 1222 2347 z
1245 2316 1345 2347 lintro
1363 2316 1427 2347 cod.
1539 2318 1603 2356 697

273 2365 378 2396 ducor
392 2364 467 2395 Ital.
486 2376 492 2394 :
517 2363 616 2394 dulor
632 2362 698 2393 cod.
800 2364 865 2401 699
889 2366 988 2402 potes
1010 2360 1076 2392 cod.
1171 2370 1234 2400 700
1256 2359 1306 2390 vel
1325 2360 1417 2399 quoii
1479 2360 1604 2390 dictum

273 2418 362 2439 nunc
381 2407 518 2439 Gm’etus
606 2411 663 2437 aut
687 2405 763 2437 add.
784 2405 889 2436 Bothe
905 2406 973 2445 (vii.
992 2409 1026 2444 5)
1117 2403 1241 2434 Veneri
1258 2402 1470 2434 Camerarius
1487 2414 1493 2434 :
1517 2403 1603 2433 bene

274 2462 343 2484 rem
360 2451 424 2483 cod
441 2463 445 2481 :
472 2449 612 2494 (meae)
629 2449 666 2480 V.
683 2448 820 2481 Mueller
928 2458 986 2489 701
1015 2448 1083 2479 diui
1102 2447 1207 2479 Bothe
1264 2447 1351 2478 laete
1370 2446 1445 2478 add.
1463 2445 1607 2488 Spengel

962 2522 983 2533 l
