1783 2707
199 160 264 199 I.i
660 159 706 195 T.
740 158 918 195 MACCI
951 156 1153 194 PLAVTI

252 272 327 308 GR.
361 269 452 319 quia
473 282 689 318 numquam
713 267 845 313 merui,
870 275 910 304 tu
933 265 1106 304 meruisti
1127 272 1164 303 et
1185 278 1291 303 nunc
1312 277 1448 303 meres.

250 337 325 372 ΤΚ.
359 333 544 372 orationis
566 346 725 383 operam
747 330 960 382 compendi
980 332 1075 377 face,

251 399 322 438 nisi
345 407 382 438 te
404 401 506 437 mala
526 413 565 437 re
587 411 729 447 magna
749 396 909 435 mactari
930 395 1051 446 cupis.

253 467 329 504 GR.
362 478 497 503 eruom
519 463 675 503 daturin
696 462 788 501 estis
810 462 939 501 bubus
961 461 1068 511 quod
1092 461 1243 498 feram?

192 536 233 567 60
252 532 343 570 date
364 544 428 569 aes
449 529 667 568 inhonestis
685 545 691 567 :
722 528 835 578 agite,
858 541 973 577 porro
994 526 1140 577 pergite

252 597 441 648 quoniam
462 595 670 646 occepistis
689 610 694 633 :
726 594 859 641 bibite,
883 592 1201 645 pergraecamini‚

252 671 343 710 este,
367 661 548 701 ecfercite
570 675 652 708 uos,
676 659 851 710 saginam
873 659 1036 697 caedite.

251 731 327 767 TR.
360 736 445 766 tace
465 734 584 777 atque
604 726 669 765 abi
690 728 763 764 rus.
825 739 897 775 ego
919 724 971 762 ire
993 724 1032 762 in
1055 723 1235 762 Piraeum
1257 724 1360 770 uolo,

252 794 291 832 in
314 806 522 844 uesperum
544 806 677 843 parare
699 791 893 842 piscatum
916 789 1022 828 mihi.

191 867 231 906 65
253 873 388 898 eruom
410 858 481 897 tibi
501 857 642 908 aliquis
663 871 746 896 cras
768 858 855 895 faxo
876 857 926 894 ad
948 855 1080 893 uillam
1102 855 1262 894 adferat.

254 924 349 975 quid
371 931 429 962 est
450 924 558 973 quod
580 930 621 961 tu
644 936 705 961 me
726 935 832 960 nunc
854 928 1026 971 optuere‚
1050 920 1236 958 furcifer?

256 992 331 1029 GR.
365 990 430 1039 pol
452 988 523 1027 tibi
544 987 644 1026 istuc
665 988 784 1026 credo
806 1000 952 1026 nomen
973 992 1149 1024 actutum
1171 986 1262 1024 fore.

255 1057 330 1093 ΤΚ.
364 1055 459 1093 dum
481 1053 629 1092 interea
649 1053 703 1091 sic
725 1052 784 1100 sit,
807 1051 907 1090 istuc
930 1055 1128 1089 ‘actutum
1142 1052 1150 1068 ⁷
1171 1050 1268 1089 sino.

258 1122 334 1159 GR.
367 1119 421 1158 ita
440 1126 508 1158 est.
569 1119 639 1157 sed
660 1131 784 1156 unum
805 1118 882 1156 hoc
903 1116 1011 1163 scito,
1035 1115 1159 1154 nimio
1179 1114 1343 1154 celerius

199 1198 237 1228 70
257 1184 390 1224 uenire
412 1185 520 1235 quod
541 1185 655 1222 obest
675 1196 795 1233 quarn
816 1181 907 1220 illuc
929 1182 1037 1232 quod
1059 1180 1203 1231 cupide
1224 1187 1344 1230 petas.

257 1253 333 1289 ΤΗ.
367 1251 556 1289 molestus
577 1263 627 1287 ne
648 1248 699 1287 sis
720 1247 917 1294 nunciam,
941 1246 952 1284 i
973 1260 1048 1293 rus,
1072 1253 1110 1285 te
1130 1259 1283 1284 amone.

258 1329 307 1354 ne
328 1323 369 1353 tu
390 1316 520 1353 hercle
542 1314 770 1364 praeterhac
791 1312 887 1350 mihi
907 1326 988 1350 non
1010 1311 1127 1350 facies
1149 1324 1367 1350 morant*

260 1383 336 1420 GR.
369 1379 469 1418 satin
489 1379 586 1418 abiit
607 1392 735 1429 neque
757 1379 865 1429 quod
887 1376 966 1416 dixi
987 1376 1101 1415 flocci
1122 1375 1359 1415 existumat?

260 1460 331 1497 pro
352 1445 392 1484 di
412 1444 653 1492 inmortales,
675 1457 838 1494 opsecro
860 1450 1032 1482 uostram
1054 1442 1198 1481 fidem!

202 1523 241 1558 75
262 1511 376 1550 facite
397 1512 475 1549 huc
496 1518 538 1549 ut
558 1511 692 1548 redeat
714 1517 846 1548 noster
866 1521 983 1558 quam
1006 1507 1175 1558 primum
1198 1520 1330 1555 senex,

263 1575 474 1615 triennium
496 1575 562 1626 qui
583 1575 660 1613 iam
682 1574 774 1612 hinc
794 1574 915 1621 abest,
939 1573 1036 1623 priu'
1057 1586 1175 1623 quam
1197 1571 1332 1611 omnia

263 1642 421 1693 periere,
445 1649 482 1680 et
503 1642 621 1680 aedes
643 1648 681 1680 et
700 1653 814 1690 ager3
844 1639 912 1689 qui
933 1638 1007 1677 nisi
1028 1640 1105 1677 huc
1126 1637 1238 1685 redit,

264 1720 480 1758 paucorum
502 1719 683 1744 mensum
705 1712 795 1743 sunt
815 1704 971 1743 relictae
992 1703 1188 1754 reliquiae.

266 1786 371 1811 nunc
392 1785 455 1810 rus
475 1771 606 1810 abibo.
666 1784 758 1809 nam
779 1783 917 1809 eccum
938 1769 1070 1808 erilem
1092 1769 1215 1807 filium

207 1842 248 1872 80
267 1838 397 1884 uideo,
421 1844 648 1887 corruptum
675 1836 679 1888 1
705 1850 752 1874 ex
771 1837 1026 1875 adulescente
1047 1842 1280 1885 optumo.—

220 1918 250 1955 ii
732 1921 1135 1957 PHILOLACHES

380 1991 618 2030 Recordatu'
640 1992 807 2029 multum
829 1998 867 2030 et
888 1990 956 2030 diu
977 1989 1147 2041 cogitaui

375 2064 684 2107 argumentaque
705 2056 744 2094 in
765 2064 901 2106 pectus
922 2057 1045 2094 multa
1065 2054 1215 2094 institui

379 2136 462 2173 egO,
485 2130 604 2173 atque
625 2122 664 2160 in
687 2136 777 2161 meo
799 2123 928 2169 corde,
952 2121 983 2160 si
1004 2128 1062 2160 est
1083 2122 1191 2171 quod
1213 2119 1309 2159 mihi
1330 2134 1407 2168 cor,

315 2230 357 2260 62
381 2239 517 2260 seruom
533 2227 599 2260 cod.
622 2226 787 2263 (cm-1232)
880 2226 988 2258 daturi
1008 2225 1071 2258 cod.
1164 2226 1206 2265 63
1231 2226 1306 2256 data
1322 2236 1358 2256 es
1376 2223 1600 2266 in(h)onestis

274 2272 340 2304 cod.
357 2273 451 2312 (corr.
472 2272 532 2311 ΒΖ)
644 2273 686 2310 64
709 2271 870 2311 occepisti
884 2271 1001 2301 B-'PCD
1077 2269 1143 2300 bibi
1161 2268 1225 2300 cod.
1247 2270 1344 2310 (corr.
1360 2267 1422 2307 B2)

274 2316 433 2348 ecfercite
453 2315 686 2347 Camerarius:
710 2314 860 2345 ecferute
884 2316 937 2355 (ec
955 2313 1052 2344 ferite
1070 2314 1114 2343 B»
1133 2312 1198 2344 cod.
1312 2313 1354 2352 69
1376 2312 1465 2351 quod
1484 2315 1518 2341 tu
1537 2310 1598 2350 (Β)

274 2359 324 2390 vel
337 2360 418 2399 quid
436 2364 472 2390 tu
491 2359 597 2399 (PCD)
619 2359 686 2393 [rte.
706 2357 787 2398 quid
810 2360 883 2389 est?
908 2358 988 2397 quid
1011 2358 1060 2398 tu)
1079 2357 1143 2388 cod.
1298 2366 1335 2395 71
1362 2356 1509 2386 intereas
1529 2353 1596 2384 cod.

277 2412 316 2443 73
340 2404 438 2434 obest
449 2403 577 2444 scripsi:
598 2403 738 2433 moleste
752 2401 814 2433 cod.
830 2402 880 2442 (cf
895 2412 922 2432 v.
940 2402 994 2441 74)
1063 2401 1180 2431 ueniet
1193 2400 1282 2439 quod
1300 2399 1395 2429 noles
1408 2398 1472 2429 Leo

276 2447 326 2478 vel
337 2447 383 2478 sic
395 2446 558 2486 distingue
573 2446 631 2484 sis,
651 2446 808 2477 nunciam
826 2446 835 2476 i
926 2454 966 2484 75
993 2444 1119 2486 [erres]
1138 2443 1252 2475 hercle
1270 2443 1334 2474 cod.
1350 2442 1405 2484 (iv.
1425 2442 1460 2483 3)
1477 2453 1484 2472 :
1507 2451 1602 2472 erres

278 2490 337 2522 del.
361 2489 502 2531 Spengel
608 2491 651 2521 80
667 2489 750 2530 huc]
769 2499 858 2520 nunc
875 2488 1010 2534 Rz'tschL
1121 2488 1159 2518 81
1186 2496 1358 2518 mensuum
1370 2485 1432 2517 cod.

278 2539 472 2574 corruptum
489 2532 605 2577 (tam)
622 2532 745 2564 Pradel
759 2532 796 2564 de
807 2538 948 2574 praepos.
970 2543 1001 2572 p.
1021 2541 1085 2571 543

1596 332 1642 367 60

1602 993 1649 1028 70

1606 1321 1648 1358 75

1612 1640 1658 1675 80
