1783 2707
195 258 229 278 IV

668 124 713 159 T.
748 121 928 160 MACCI
962 121 1164 157 PLAVTI

249 269 255 276 .
280 269 287 277 .
311 237 547 276 Terebratus
569 236 734 273 multum
758 232 805 271 sit
826 240 864 271 et
885 231 1102 282 supseudes
1122 229 1266 269 addite.

208 321 229 339 v
248 304 420 342 Terebra
441 309 481 340 tu
503 300 664 351 quidem
687 297 901 349 pertundis.

195 383 229 403 Vl

181 449 231 470 VII

207 888 226 917 5

218 1061 229 1082 1

211 1324 228 1355 5

205 1691 230 1713 11

252 371 355 406 Dare
376 366 543 418 pedibus
564 364 758 416 protinam
780 376 865 402 sese
886 363 935 401 ab
956 361 1016 400 his
1037 360 1260 411 regionibus
1603 370 1641 406 15

677 429 832 479 apluda.

787 538 1038 578 BACARIA

411 615 650 651 PARASITVS.
684 608 783 659 Quis
805 616 863 648 est
884 606 1056 646 mortalis
1077 613 1186 645 tanta

694 677 849 714 fortuna
868 675 1046 712 adfectus
1067 684 1256 722 umquam

301 757 378 794 qua
399 756 504 781 nunc
525 755 598 792 ego
619 754 716 787 sum,
741 738 896 790 quoiius
917 739 1015 777 haec
1036 736 1162 776 uentri
1184 742 1358 786 portatur
1378 736 1557 785 pompa?

247 811 310 848 uel
332 822 436 847 nune
457 807 523 858 qui
546 806 599 845 mi
620 806 659 844 in
681 806 777 843 mari
797 803 999 855 acipenser
1019 801 1130 841 latuit
1149 802 1329 848 antehac,
1345 800 1487 851 quoius
1508 813 1581 850 ego

354 875 455 912 latus
476 872 515 910 in
536 871 704 911 latebras
724 870 888 909 reddam
910 868 1007 907 meis
1027 866 1214 908 dentibus
1235 874 1273 905 et
1294 865 1487 905 manibus.
1600 877 1645 902 20

788 974 1041 1013 BOEOTIA

250 1053 490 1089 PARAsffvs.
523 1050 576 1086 Vt
597 1047 705 1085 illum
728 1045 767 1085 di
789 1046 954 1096 perdant
975 1043 1122 1095 primus
1144 1041 1210 1093 qui
1233 1043 1348 1081 horas
1369 1040 1537 1092 repperit

248 1115 396 1166 quique
416 1116 517 1153 adeo
538 1113 685 1164 primus
706 1111 839 1150 statuit
861 1110 924 1148 hic
945 1109 1141 1156 solarium,

249 1180 315 1230 qui
337 1179 433 1218 mihi
454 1177 688 1218 comminuit
709 1175 852 1214 misero
871 1174 1104 1213 articulatim
1126 1173 1231 1212 diem
1252 1176 1258 1211 Ι

249 1258 340 1284 nam
363 1258 425 1283 me
446 1256 569 1294 puero
589 1241 727 1281 uenter
746 1248 827 1280 erat
847 1239 1044 1286 solarium,

250 1311 375 1349 multo
395 1308 574 1348 omnium
595 1308 758 1346 istorum
779 1313 988 1356 optumum
1009 1312 1047 1344 et
1067 1303 1341 1343 uerissumum.
1601 1312 1621 1338 2
1627 1311 1644 1348 5

249 1376 317 1415 ubi
338 1375 369 1414 is
390 1374 427 1413 te
450 1374 648 1421 monebat,
672 1386 786 1420 esses,
810 1371 885 1410 nisi
906 1384 1027 1422 quom
1049 1370 1147 1408 nihil
1167 1377 1248 1408 erat
1266 1385 1275 1418 3

249 1455 356 1480 nune
376 1440 493 1479 etiam
516 1440 625 1490 quod
646 1446 703 1478 est
724 1451 804 1477 non
826 1445 941 1484 estur,
965 1436 1039 1476 nisi
1060 1435 1140 1475 Soli
1160 1436 1280 1474 lubet.

249 1506 382 1556 itaque
402 1506 504 1545 adeo
525 1504 602 1543 iam
624 1505 828 1555 oppletum
849 1502 1043 1553 oppidum
1063 1509 1122 1541 est
1142 1500 1291 1540 solariis
1308 1516 1315 1540 ε

250 1572 374 1611 maior
394 1584 481 1622 pars
502 1570 638 1621 populi
665 1570 668 1620 l
695 1569 792 1608 aridi
813 1575 967 1619 reptant
987 1569 1100 1607 fame.

251 1677 329 1715 Vbi
351 1676 520 1727 primum
541 1688 732 1714 aecensus
751 1676 938 1713 clamarat
959 1672 1175 1712 meridiem.
1603 1685 1648 1720 30

295 1790 331 1812 ιν
355 1781 471 1812 Festus
488 1781 553 1820 306
576 1780 787 1820 (subscudes,
808 1783 971 1810 cuneatae
991 1778 1136 1810 tabellae
1154 1777 1276 1817 quibus
1292 1775 1425 1807 tabulae
1444 1775 1533 1806 inter
1549 1784 1585 1805 se

251 1825 480 1865 configuntur)
570 1825 615 1855 sit
639 1824 689 1866 et]
717 1825 759 1855 sit
787 1823 926 1862 Ritscld,
953 1826 989 1853 ut
1014 1822 1116 1853 iamb.
1136 1821 1289 1852 senarius
1302 1821 1391 1861 fiat:
1412 1819 1496 1860 fort.
1522 1819 1587 1850 siet

251 1880 272 1899 v
288 1869 421 1900 Nonius
433 1870 475 1899 62
492 1868 741 1908 (exterebrare,
755 1866 919 1898 curiosius
933 1876 1110 1906 quaerere.
1159 1865 1298 1896 Plautus
1314 1889 1321 1896 .
1342 1888 1350 1896 .
1365 1873 1439 1894 cum
1454 1863 1486 1894 in
1501 1863 1586 1894 curi-

250 1923 346 1944 osum
358 1913 541 1950 iocaretur)
615 1913 749 1943 terebra
767 1916 800 1942 tu
824 1910 1010 1941 Turnebus:
1036 1910 1242 1941 terebratum
1260 1907 1349 1939 codd.
1367 1908 1450 1948 (tum
1460 1911 1521 1947 pro
1532 1910 1584 1945 tu3

251 1958 304 1989 vii.
319 1957 357 1998 4)
446 1967 481 1987 Vl
506 1956 638 1987 Nonius
653 1958 717 1996 376
736 1954 936 1996 (protinam)
1026 1962 1077 1984 V11
1097 1953 1216 1985 Gellius
1237 1962 1284 1989 11,
1301 1961 1330 1990 7,
1343 1960 1362 1990 5
1381 1951 1582 1991 (apludam),

254 2001 341 2032 unde
356 2000 487 2031 Nonius
502 2003 545 2040 69
599 2000 684 2031 ΒΑΕ.
700 1998 887 2030 Macrobius
897 1997 969 2029 Sat.
982 2008 1013 2037 3,
1031 1998 1078 2030 16.
1110 2008 1122 2027 1
1138 1997 1350 2035 (acsspenser.
1369 2019 1376 2026 .
1392 1995 1530 2026 Plautus
1546 2017 1553 2024 .
1574 2017 1581 2024 .

253 2055 295 2075 ex
313 2055 459 2084 persona
473 2043 627 2084 parasiti)
719 2042 932 2082 Anapaestice
942 2041 1100 2082 discripsit
1110 2039 1250 2071 Skutsch
1265 2039 1365 2077 (Bcrl.
1378 2038 1464 2070 Plzil.
1477 2036 1584 2069 Woclt.

258 2090 350 2128 1895.
383 2088 460 2128 265)
599 2097 626 2125 1,
654 2097 673 2116 2
706 2097 738 2126 q.
765 2090 817 2117 e'st
842 2097 883 2117 m.
907 2085 987 2127 (aut
1013 2084 1094 2127 suit)
1119 2085 1212 2114 tanta
1237 2083 1258 2115 f.
1282 2083 1424 2114 affectus
1451 2082 1588 2122 Sqifferl

253 2143 273 2171 3
290 2143 387 2172 quam
407 2133 468 2163 alii
553 2141 641 2162 nunc
659 2136 724 2170 ego
737 2130 869 2170 scripsi:
897 2140 961 2167 ego
978 2139 1066 2160 nunc
1079 2127 1168 2159 codd.
1283 2137 1302 2165 4
1327 2126 1398 2168 uel]
1417 2125 1510 2156 uenit
1521 2124 1586 2155 Leo

253 2186 272 2215 5
290 2177 460 2217 manibus]
480 2174 679 2206 mandibulis
701 2174 850 2214 Scaliger
980 2173 1064 2203 Βοιῑ.
1087 2181 1097 2202 1
1126 2171 1246 2202 Gellius
1262 2181 1293 2210 3,
1312 2181 1341 2209 3,
1359 2180 1379 2209 3
1402 2169 1585 2210 (parasitus

253 2219 296 2250 ibi
314 2220 470 2251 esuriens
492 2219 575 2250 haec
598 2218 694 2256 dicit)
829 2228 848 2255 4
866 2227 919 2247 me
942 2219 1048 2257 puero
1069 2212 1188 2246 uenti-r
1208 2218 1414 2255 suspectum:
1437 2211 1584 2255 (unum)

253 2273 294 2293 m.
315 2274 345 2304 p.
362 2274 394 2295 u.
413 2263 523 2294 Hertz.
619 2262 666 2302 Cf.
684 2261 804 2291 Amin.
825 2261 926 2291 Marc.
948 2270 999 2299 23,
1018 2262 1049 2292 6.
1071 2269 1108 2298 77
1133 2263 1253 2289 uenter
1274 2258 1330 2288 uni
1355 2257 1475 2296 cuique
1492 2256 1585 2287 uelut
1644 2293 1648 2296 .

251 2307 410 2338 solarium
428 2311 481 2337 est
578 2307 599 2336 6
621 2315 717 2336 65565
730 2304 795 2334 Leo
810 2315 816 2334 :
842 2314 918 2334 esse
935 2303 1021 2334 codd.
1128 2312 1143 2340 7
1168 2312 1266 2341 quom
1284 2301 1388 2332 Bothe
1489 2301 1510 2330 8
1533 2304 1585 2330 est

253 2351 415 2390 oppidum
428 2349 530 2380 codd:
549 2349 624 2380 irai.
640 2347 821 2379 Hermann
911 2357 932 2386 9
956 2356 1034 2386 pars
1052 2357 1083 2386 p.
1099 2345 1209 2387 (iam)
1226 2345 1330 2375 Herlz
1345 2356 1351 2375 :
1376 2343 1489 2384 populi
1508 2352 1584 2383 pars

255 2394 349 2424 Cobet
435 2393 527 2424 arida
551 2392 655 2423 Hertz
686 2392 737 2432 (cs,
770 2391 889 2421 Anum.
922 2389 1025 2420 Marc.
1056 2400 1104 2428 19,
1134 2390 1164 2428 8,
1195 2390 1216 2419 8
1246 2398 1309 2428 per
1333 2392 1462 2419 aestum
1490 2386 1584 2417 arida

253 2438 307 2467 siti
336 2437 523 2477 reptantes)
605 2445 630 2466 11
660 2436 762 2466 Varro
778 2434 877 2474 Ling.
897 2433 970 2465 Lat.
990 2434 1020 2472 6,
1040 2434 1082 2472 89
1102 2433 1292 2472 (aecensus)
1382 2431 1432 2462 vel
1445 2429 1586 2461 meridie

976 2519 998 2529 l
