1731 2713
138 473 203 498 100

134 801 196 837 105

134 1131 199 1156 110

133 1458 196 1495 113

132 1785 198 1811 120

714 94 1059 131 TRINVMMVS
1510 96 1539 132 Ι.
1562 94 1593 132 ii

275 204 358 241 Mic.
390 203 471 241 scio
505 211 553 250 et,
587 203 618 241 si
649 203 723 241 :ilia
753 204 829 241 huc
861 217 998 242 caussa
1029 205 1079 242 ad
1115 212 1152 242 tc
1183 204 1338 250 adueni,
1372 218 1539 253 aequom
1561 208 1604 240 60

1353 272 1540 319 postulas.

275 333 345 371 CA.
378 342 562 382 exspecto
583 333 613 371 si
636 333 730 382 quid
751 333 870 372 dicas.
932 335 1015 371 ME.
1048 333 1317 383 primumdum
1340 334 1531 382 omnium,

275 399 375 436 male
395 398 593 436 dictitatur
614 398 682 436 tibi
704 400 821 448 uolgo
842 399 881 436 in
903 399 1149 437 sermonibus
1167 415 1173 437 :

275 463 664 514 turpilucricupidum
687 472 724 502 te
744 472 890 503 uocant
910 465 1016 503 ciues
1037 465 1092 503 tui
1110 480 1120 513 3

274 537 356 567 tum
376 537 506 567 autem
529 537 618 567 sunt
639 529 702 567 alii
724 530 790 580 qui
812 538 849 569 te
870 531 1082 568 uolturium
1104 540 1248 570 uocant
1267 547 1274 570 z

272 593 446 632 hostisne
465 608 514 632 an
537 594 632 633 ciuis
654 595 830 633 comedis
851 595 959 645 parui
982 597 1165 646 pendere.
1565 599 1604 639 65

272 659 368 697 haec
389 672 509 709 quom
531 659 650 698 audio
668 659 706 697 in
729 667 766 698 te
788 660 934 699 †dicis†
955 660 1156 699 excrucior
1175 661 1301 700 miser.

273 724 344 763 CA.
377 732 435 762 est
454 733 572 774 atque
593 739 673 763 non
695 733 753 763 est
775 725 869 763 mihi
891 725 930 763 in
952 739 1083 773 manu,
1108 727 1409 776 Megaronides:

272 789 367 839 quin
388 789 531 836 dicant,
555 804 635 828 non
657 798 715 828 est
733 805 743 838 ,¹
773 790 912 829 merito
932 798 975 829 ut
995 805 1045 829 ne
1066 791 1209 839 dicant,
1233 792 1273 830 id
1294 801 1362 830 est.

273 856 356 892 ME.
389 855 511 893 fuitne
533 856 596 893 hic
616 855 687 893 tibi
707 855 856 894 amicus
879 856 1145 895 Charmides?
1202 858 1273 896 CA.
1306 867 1363 896 est
1384 866 1422 896 et
1443 858 1526 896 fuit.

271 919 311 958 id
333 920 385 958 ita
405 934 489 958 esse
509 927 551 958 ut
571 922 717 968 credam,
742 935 822 959 rem
844 921 915 959 tibi
935 929 1135 960 auctorem
1157 923 1273 961 dabo.
1567 935 1606 968 70

271 999 362 1023 narn
384 994 593 1036 postquam
615 986 677 1024 hic
699 986 795 1024 eiius
816 1000 897 1025 rem
919 987 1109 1037 confregit
1130 988 1231 1026 filius

272 1051 460 1101 uidetque
483 1053 564 1101 ipse
583 1053 634 1090 ad
655 1060 926 1102 paupertatem
948 1060 1188 1102 protractum
1210 1067 1295 1092 esse
1316 1068 1357 1092 se

272 1130 463 1166 suamque
484 1116 602 1154 filiam
624 1130 709 1155 esse
729 1118 905 1155 adultam
927 1117 1129 1168 uirginem,

271 1181 387 1220 simul
408 1181 490 1220 eius
512 1189 674 1221 matrem
696 1196 887 1232 suamque
908 1197 1069 1222 uxorem
1091 1191 1296 1231 mortuam,

271 1247 459 1298 quoniam
481 1247 572 1286 hinc
593 1242 732 1286 iturust
752 1248 859 1298 ipsus
880 1247 921 1286 in
942 1248 1172 1296 Seleuciam,
1569 1261 1607 1294 75

271 1313 367 1352 mihi
387 1314 683 1353 commendauit
703 1314 893 1364 uirginem
915 1322 1072 1364 gnatam
1095 1328 1205 1353 suam

271 1386 309 1418 et
329 1393 410 1418 rem
432 1393 542 1418 suam
563 1393 724 1418 omnem
745 1387 784 1418 et
803 1379 913 1417 illum
935 1387 1160 1429 corruptum
1182 1380 1317 1418 filium.

270 1445 379 1491 haec,
402 1443 507 1482 simi
528 1444 709 1483 inimicus
730 1451 842 1492 esset,
867 1445 986 1483 credo
1006 1445 1084 1482 hau
1106 1446 1290 1483 crederet.

272 1511 355 1548 ME.
389 1510 485 1560 quid
508 1517 560 1556 tu,
585 1510 894 1556 adulescentem,
920 1523 1037 1559 quem
1059 1522 1145 1548 esse
1165 1517 1395 1560 corruptum
1416 1510 1542 1558 uides,

271 1576 338 1626 qui
354 1584 443 1614 tuae
468 1577 677 1614 mandatus
698 1582 756 1613 est
776 1576 854 1613 fide
875 1582 913 1613 et
933 1574 1115 1622 fiduciae,
1564 1578 1605 1609 80

271 1642 367 1692 quin
388 1655 478 1680 eum
499 1640 681 1688 restituis,
704 1640 800 1690 quin
821 1641 872 1679 ad
893 1642 1043 1690 frugem
1064 1640 1255 1690 corrigis?

270 1707 306 1745 ei
326 1706 380 1745 rei
401 1707 560 1757 operam
581 1708 674 1745 dare
695 1714 733 1745 te
754 1708 878 1745 fuerat
898 1706 1100 1756 aliquanto
1120 1706 1298 1756 aequius,

270 1772 301 1811 si
322 1772 389 1822 qui
408 1772 633 1822 probiorem
655 1773 782 1810 facere
803 1785 950 1822 posses,
973 1785 1054 1810 non
1074 1771 1130 1809 uti

269 1837 309 1875 in
329 1838 497 1875 eandem
519 1844 601 1875 tute
621 1839 830 1876 accederes
850 1836 1053 1875 infamiam

270 1904 498 1952 malumque
519 1910 562 1940 ut
583 1902 680 1942 eiius
701 1916 792 1941 cum
813 1910 882 1941 tuo
905 1903 1087 1940 misceres
1108 1904 1225 1941 malo.
1562 1909 1601 1949 85

270 1968 342 2008 CA.
375 1967 471 2018 quid
504 1967 608 2007 feci?
677 1970 760 2006 ME.
798 1968 906 2018 quod
938 1968 1060 2005 homo
1091 1981 1275 2018 nequam.
1349 1969 1420 2008 CA.
1461 1982 1543 2007 non

1237 2033 1337 2072 istuc
1361 2041 1543 2072 meumst.

259 2149 300 2178 97
327 2139 392 2170 ΜΕ.
416 2140 487 2170 scio
508 2140 542 2170 in
554 2140 626 2180 fine
644 2150 674 2171 v.
699 2141 743 2180 96
767 2139 835 2171 cod.
923 2139 988 2169 huc
1015 2138 1079 2169 alia
1105 2137 1194 2168 cod.:
1227 2137 1299 2168 trat'.
1330 2136 1544 2168 Cameran'us

219 2193 276 2213 101
303 2187 371 2213 tum
396 2182 496 2215 Ital.:
528 2189 563 2214 tu
587 2182 653 2214 cod.
684 2183 751 2224 (vii.
780 2185 815 2222 4)
957 2192 1016 2221 103
1041 2182 1107 2212 dici
1136 2182 1163 2212 is
1191 2181 1369 2211 excrucior
1393 2179 1542 2212 Vahlen:

215 2227 280 2257 diei
299 2227 484 2258 discrucior
500 2227 626 2258 Ritschl
736 2238 796 2268 109
820 2231 1043 2267 prostractum
1057 2225 1097 2262 Β,
1113 2224 1199 2255 unde
1215 2229 1418 2264 prostratum
1435 2224 1543 2265 Βριξέ-

217 2279 276 2309 115
300 2271 353 2302 hic
371 2271 400 2301 si
417 2271 463 2303 in.
482 2274 563 2307 (om.
577 2271 637 2313 mi)
653 2270 728 2301 PCD
862 2272 922 2301 116
946 2269 1129 2300 corruitum
1147 2268 1213 2299 cod.
1348 2278 1408 2299 120
1432 2268 1543 2308 possis

211 2314 278 2346 cod.
299 2315 310 2354 <
314 2320 376 2356 pro
387 2317 459 2347 -es?
477 2315 497 2346 i.
518 2317 552 2354 3)
