1783 2707
147 116 224 154 ΙΙΙ.

185 239 229 271 40

188 561 229 593 45

191 890 231 922 50

192 1217 230 1249 55

186 1559 233 1594 vi

246 126 277 152 v
663 116 709 154 T.
743 115 924 154 MACCI
955 113 1160 152 PLAVTI

250 232 380 263 curate
402 226 498 263 haec
519 224 628 263 sultis
651 237 791 274 magna
811 222 1076 274 diligentia.-

250 291 319 327 LA.
353 292 428 328 heu
451 291 580 328 hercle
598 293 603 327 l
635 289 683 328 ne'
705 289 790 328 istic
811 291 901 327 fana
922 295 1121 326 mutantur
1141 286 1243 324 cito:

249 353 325 391 iam
356 354 432 392 hoc
456 354 645 391 Herculei
669 360 736 397 est,
759 351 925 391 Veneris
947 352 1081 389 fanum
1102 351 1210 401 quod
1232 348 1312 397 fuit,

250 417 302 456 ita
323 418 403 456 duo
424 417 600 456 destituit
622 416 732 467 signa
753 416 817 455 hic
839 430 929 454 cum
951 415 1072 454 clauis
1094 428 1221 453 senex.

251 495 331 520 non
353 483 481 520 hercle
503 483 582 532 quo
603 481 696 519 hinc
718 495 823 519 nunc
843 480 1019 530 gentium
1041 479 1238 530 aufugiam
1260 478 1353 526 scio,

252 548 304 586 ita
324 561 429 585 nunc
451 547 502 585 mi
524 555 734 596 utrumque
755 545 891 593 saeuit,
914 554 952 584 et
973 553 1071 584 terra
1091 553 1128 583 et
1151 558 1266 582 mare.

251 614 469 651 Palaestra!
527 614 597 649 LO.
631 611 726 661 quid
748 611 836 649 uis?
894 612 963 648 LA.
996 623 1129 659 apage,
1152 607 1510 661 controuorsiaestJ

250 680 347 716 haec
368 678 529 727 quidem
553 679 748 715 Palaestra
769 690 870 727 quae
891 675 1093 726 respondit
1115 688 1196 712 non
1218 687 1305 712 mea
1325 681 1393 712 est.

249 745 357 790 heus,
382 743 630 792 Ampelisca!
689 744 760 780 Lo.
784 744 941 780 ALTER.
974 754 1071 779 caue
1092 740 1143 778 sis
1164 738 1388 777 infortunio.

251 810 321 846 LA.
356 813 420 847 †ut
442 815 581 858 potest,
606 807 761 857 ignaui†
782 806 965 845 homines
986 805 1068 844 sati'
1090 813 1194 843 recte
1215 811 1389 842 monent.

251 875 321 912 sed
342 873 455 912 uobis
476 873 578 921 dico,
601 874 699 911 heus
720 886 792 911 uos
810 875 816 910 l
847 886 942 910 num
965 870 1205 909 molestiaest

252 954 315 979 me
336 939 442 978 adire
462 940 512 978 ad
533 939 616 977 illas
637 938 827 989 propius?
884 940 955 976 Lo.
988 935 1258 975 nihil—nobis
1280 935 1451 986 quidem.

252 1007 324 1044 LA.
356 1004 551 1055 numquid
572 1006 783 1043 molestum
805 1003 902 1042 mihi
922 1003 1022 1042 erit?
1079 1004 1150 1041 Lo.
1183 1002 1291 1049 nihil,
1314 1001 1345 1039 si
1366 1000 1525 1039 caueris.

252 1073 325 1110 LA.
347 1071 442 1121 quid
463 1078 520 1109 est
542 1071 650 1120 quod
667 1071 860 1108 caueam?
901 1071 972 1107 Lo.
997 1068 1059 1107 em
1077 1071 1083 1106 l
1111 1081 1134 1106 a
1154 1081 1284 1106 crasso
1300 1066 1525 1105 infortunio.

253 1139 324 1175 LA.
357 1150 504 1187 quaeso
525 1137 655 1174 hercle
675 1135 782 1174 abire
804 1142 846 1174 ut
866 1135 992 1173 liceat.
1053 1135 1125 1172 Lo.
1158 1134 1286 1180 abeas,
1311 1132 1342 1171 si
1363 1131 1473 1171 uelis.

254 1204 324 1240 LA.
358 1203 459 1241 bene
479 1203 609 1240 hercle
629 1202 786 1239 factum.
847 1201 976 1239 habeo
997 1199 1111 1238 uobis
1132 1198 1305 1250 gratiam.

252 1281 333 1307 non
354 1269 493 1307 cedam
515 1266 656 1318 potius.
718 1268 787 1304 Lo.
821 1265 898 1304 illic
919 1273 1045 1304 astato
1066 1264 1167 1303 ilico.

252 1336 323 1372 LA.
357 1334 497 1383 edepol
520 1331 684 1383 proueni
707 1331 885 1382 nequiter
908 1330 1039 1369 multis
1063 1330 1202 1369 modis.

251 1407 438 1439 certumst
458 1400 576 1438 hasce
597 1398 717 1438 hodie
738 1411 863 1448 usque
885 1396 1093 1448 opsidione
1115 1396 1283 1436 uincere.

335 1557 714 1593 PLESIDIPPVS
826 1555 1164 1591 TRACHALIO
1276 1554 1505 1590 LAssxAx

569 1621 912 1659 CHARMIDES
1025 1620 1271 1656 LORARII

309 1721 376 1758 PL.
410 1720 598 1758 Meamne
618 1719 681 1757 ssle
701 1717 870 1757 amicam
891 1719 981 1756 leno
1002 1716 1052 1764 ui,
1075 1716 1263 1755 uiolentia

308 1786 358 1824 de
378 1798 444 1823 ara
464 1784 641 1834 deripere
660 1783 825 1822 Veneris
846 1782 1001 1822 uoluit?
1061 1784 1136 1820 TR.
1169 1782 1399 1820 admodum.

310 1852 377 1888 PL.
411 1850 506 1900 quin
527 1849 706 1888 occidisti
728 1850 955 1898 extemplo?
1012 1849 1088 1886 TR.
1121 1846 1273 1897 gladius
1294 1860 1375 1885 non
1397 1853 1488 1885 erat.

300 1955 364 1984 820
388 1954 499 1984 stultis
513 1952 578 1984 cod.
705 1952 765 1983 dil·
783 1963 827 1983 an
846 1952 927 1983 deil-
945 1952 1051 1982 incert.
1069 1951 1134 1981 cod.
1323 1950 1382 1980 821
1410 1950 1498 1981 eheu
1516 1949 1583 1981 cod.

256 1999 321 2029 822
346 1998 383 2028 fit
394 1997 545 2028 Palmer:
565 2001 618 2027 est
629 1996 693 2027 cod.
765 1994 909 2038 (inodo)
922 1995 1066 2026 Veneris
1078 1994 1254 2025 Acidalius
1363 1995 1424 2033 827
1451 1994 1586 2033 quidem

256 2041 450 2072 Acidalius:
477 2042 632 2080 equidem
649 2040 715 2072 cod.
851 2041 916 2080 829
940 2039 1029 2079 potis
1053 2044 1104 2069 est
1128 2038 1231 2069 Bothe
1297 2038 1385 2069 ultro
1409 2040 1463 2069 te!
1492 2038 1588 2076 signa

257 2091 294 2117 ut
304 2086 337 2116 h.
354 2086 419 2116 Leo
440 2086 542 2125 :som
565 2089 683 2124 utpote
701 2084 729 2114 si
749 2084 819 2123 (vix
834 2084 965 2123 utrose)
983 2083 1078 2122 signa
1097 2087 1133 2113 ut
1148 2083 1182 2113 h.
1301 2084 1365 2121 830
1388 2080 1496 2124 (ego)
1513 2081 1588 2111 dico

260 2131 300 2169 (2)
328 2128 395 2160 Leo
571 2130 634 2168 833
659 2138 774 2158 crasso
800 2127 902 2158 Ital:
937 2136 1054 2157 craeso
1074 2125 1138 2156 cod.
1319 2127 1381 2164 834
1406 2124 1498 2156 adire
1522 2124 1586 2155 cod.

258 2173 384 2204 habeas
401 2171 469 2204 cod.
632 2173 695 2210 835
719 2172 750 2202 b.
771 2181 854 2210 ergo
870 2171 983 2201 hercle
999 2169 1073 2200 pet>
1181 2168 1305 2200 factum
1323 2168 1401 2212 (et)
1416 2168 1589 2199 Acidalius

258 2218 323 2257 836
348 2228 414 2248 non
430 2217 545 2247 cedam
567 2215 721 2255 Seyffert:
745 2225 812 2245 non
836 2215 994 2245 accedam
1019 2213 1084 2244 cod.
1103 2225 1108 2244 :
1134 2214 1291 2244 accedam
1312 2213 1386 2253 (del.
1407 2213 1489 2251 non)
1508 2212 1589 2242 Reiz

259 2266 368 2292 astato
387 2260 567 2291 Gruterus:
592 2263 700 2290 astate
723 2257 789 2289 cod.
894 2258 975 2298 sort.
1004 2257 1079 2288 Hac
1106 2259 1180 2297 (pro
1196 2267 1260 2297 qno
1278 2257 1317 2296 N,
1337 2256 1357 2287 i.
1372 2266 1395 2287 e.
1418 2256 1531 2295 ‘non‚'
1549 2265 1588 2286 ac

259 2305 343 2345 cod.)
363 2305 476 2335 cedam
495 2303 616 2344 potius.
675 2302 736 2333 Lo.
752 2301 816 2333 Ar..
834 2301 899 2332 illic
916 2306 1026 2332 astato
1045 2300 1120 2331 ilico
1266 2301 1326 2341 841
1354 2299 1506 2331 claudius
1522 2298 1587 2329 cod.

261 2348 335 2390 (pro
352 2348 459 2390 clad—)

1595 225 1666 259 820

1599 543 1664 588 825

1600 870 1669 915 830

1605 1787 1675 1830 840
