1783 2707
186 131 240 169 II.
262 127 292 164 ii
671 125 717 160 Τ.
752 123 932 161 MACCI
965 121 1166 158 PLAVTI

263 240 339 275 TR.
372 236 524 285 edepol,
549 236 746 283 Neptune,
771 231 983 282 peccauisti
1004 231 1156 280 largiter

264 301 330 351 qui
351 299 600 338 occasionem
622 299 724 336 hanc
745 296 907 335 amisisti
929 304 1006 333 tam
1029 297 1186 333 bonam.

207 384 244 406 10
264 368 342 404 TH.
376 364 544 403 triennio
564 371 653 414 post
674 365 856 412 Aegypto
877 360 1047 399 aduenio
1069 362 1261 408 domum3
1609 371 1679 405 440

264 432 382 469 credo
404 437 649 480 exspectatus
672 427 829 466 ueniam
851 426 1114 464 familiaribus.

264 498 341 534 TR.
373 495 496 533 nimio
517 495 659 544 edepol
681 493 745 530 ille
765 491 891 542 potuit
914 490 1172 541 exspectatior

264 561 397 600 uenire
419 559 485 610 qui
507 567 544 597 te
565 558 761 596 nuntiaret
784 565 991 594 mortuom.

265 629 343 665 ΤΗ.
377 626 446 664 sed
467 624 562 675 quid
584 625 689 661 hoc?
719 623 877 661 occlusa
897 621 1013 659 ianua
1034 628 1091 659 est
1111 620 1311 658 interdius.

209 707 245 738 15
267 691 439 741 pultabo.
500 691 607 735 heus,
632 687 767 737 ecquis
789 687 916 728 †ist†?
945 685 1108 735 aperitin
1130 687 1260 723 fores?
1613 695 1679 731 445

267 759 343 794 TR.
376 754 462 805 quis
483 756 605 792 homo
626 761 684 791 est
705 751 771 802 qui
792 759 943 790 nostras
964 750 1071 788 aedis
1091 749 1254 788 accessit
1275 751 1426 800 prope?

267 823 346 859 TH.
383 820 484 858 meu’
515 832 648 857 seruos
677 816 905 867 hicquidem
933 823 991 854 est
1020 814 1176 853 Tranio.
1237 816 1312 852 TR.
1345 828 1369 852 o
1396 815 1597 863 Theopro-

1472 878 1597 929 pides,

268 966 346 1000 ere,
366 952 483 997 salue,
507 951 658 988 saluom
680 956 718 986 te
737 946 946 986 aduenisse
966 947 1129 996 gaudeo.

270 1016 413 1066 usquin
430 1014 614 1053 ualuisti?
661 1015 740 1050 ΤΗ.
770 1026 906 1062 usque,
924 1019 967 1049 ut
983 1011 1104 1049 uides.
1154 1012 1230 1047 TR.
1260 1011 1406 1048 facturn
1424 1016 1596 1059 optume.

211 1100 251 1122 20
269 1084 348 1120 TH.
381 1080 478 1131 quid
499 1081 599 1118 uos?
629 1078 783 1116 insanin
806 1077 927 1115 estis?
956 1078 1031 1113 TR.
1064 1075 1260 1125 quidum?
1290 1077 1367 1113 ΤΗ.
1401 1074 1466 1121 sic,
1490 1073 1581 1123 quia
1617 1088 1686 1124 450

269 1146 360 1185 foris
382 1144 601 1191 ambulatis,
624 1151 738 1181 natus
760 1155 879 1180 nemo
900 1141 939 1179 in
959 1140 1125 1179 aedibus

269 1218 397 1250 seruat
417 1223 547 1259 neque
568 1208 632 1258 qui
656 1208 831 1246 recludat
852 1219 982 1255 neque
1004 1203 1105 1257 [qui]
1127 1206 1373 1255 respondeat.

268 1277 460 1327 pultando
482 1271 686 1327 [pedibus]
708 1286 834 1323 paene
855 1270 1027 1321 confregi
1049 1272 1166 1308 hasce
1185 1270 1323 1308 ambas
1343 1268 1488 1322 (fores).

270 1344 345 1379 TR.
379 1342 454 1379 eho
475 1353 525 1377 an
547 1341 588 1377 tu
609 1337 768 1388 tetigisti
790 1338 859 1375 has
880 1335 1019 1374 aedis?
1048 1337 1126 1373 TH.
1159 1349 1232 1385 qur
1251 1349 1333 1373 non
1354 1336 1583 1385 tangerem?
1621 1348 1720 1383 4545

213 1422 250 1454 25
271 1407 366 1456 quin
388 1405 590 1455 pultando,
615 1404 787 1453 inquam,
812 1415 938 1452 paene
959 1400 1131 1450 confregi
1152 1402 1263 1439 fores.

270 1474 346 1510 TR.
380 1468 595 1520 tetigistin?
642 1470 721 1506 TH.
754 1466 872 1517 tetigi,
902 1466 1076 1516 inquam,
1099 1473 1137 1504 et
1170 1465 1330 1516 pultaui.
1390 1467 1465 1503 TR.
1498 1466 1576 1503 uah
1594 1468 1599 1502 1

1287 1532 1365 1568 TH.
1399 1530 1494 1580 quid
1516 1531 1602 1568 est?

271 1604 346 1640 TR.
384 1602 485 1639 male
512 1601 642 1638 hercle
673 1600 830 1637 factum.
890 1599 970 1635 TH.
1003 1595 1098 1646 quid
1130 1603 1188 1634 est
1217 1592 1379 1645 negoti?
1411 1597 1488 1633 TR.
1520 1608 1600 1632 non

1472 1667 1601 1710 potest

271 1732 349 1772 dici
370 1745 488 1782 quam
509 1730 715 1780 indignum
737 1728 887 1767 facinus
908 1726 1034 1766 fecisti
1055 1734 1092 1764 et
1114 1727 1270 1764 malum.

272 1800 350 1835 ΤΗ.
381 1797 476 1847 quid
493 1797 568 1834 iam
582 1798 599 1833 ?
628 1798 703 1833 TR.
727 1796 827 1844 fuge,
843 1807 1021 1844 opsecro,
1035 1800 1154 1842 atque
1169 1792 1338 1842 apscede
1353 1792 1403 1829 ab
1423 1791 1598 1830 aedibus.
1619 1794 1690 1838 460

213 1878 254 1909 30
274 1865 363 1912 fuge
383 1864 471 1908 huc,
495 1862 583 1910 fuge
604 1862 654 1899 acl
675 1873 738 1898 me
759 1858 928 1909 propius.
989 1856 1175 1906 tetigistin
1196 1858 1325 1894 fores?

275 1930 353 1965 TH.
386 1940 465 1976 quo
488 1927 608 1964 modo
629 1926 779 1975 pultare
801 1923 921 1974 potui,
947 1922 977 1960 si
999 1935 1079 1960 non
1102 1923 1330 1971 tangerem?

274 1994 350 2030 TR.
374 1990 552 2030 occidisti
569 1992 833 2028 hercle—TH.
859 2002 976 2039 quem
995 1989 1228 2026 mortalem?
1257 1988 1332 2024 TR.
1357 1985 1485 2024 omnis
1501 1993 1601 2024 tuos,

274 2059 354 2095 TH.
386 2056 425 2095 di
447 2064 484 2094 te
505 2057 682 2106 deaeque
704 2056 842 2094 omnes
864 2054 985 2093 faxint
1006 2067 1095 2092 cum
1118 2052 1216 2091 istoc
1238 2051 1425 2090 omine—

274 2124 350 2160 TR.
384 2129 518 2160 metuo
539 2128 576 2159 te
596 2128 714 2170 atque
735 2120 829 2158 istos
851 2119 1005 2169 expiare
1026 2126 1067 2156 ut
1088 2117 1248 2168 possies.
1622 2115 1687 2158 465

320 2237 381 2265 445
407 2225 464 2266 ist]
486 2226 589 2256 intust
611 2226 674 2256 Leo
690 2236 696 2256 :
720 2225 773 2255 hic
792 2229 844 2254 est
862 2224 988 2254 Sclzoell
1077 2223 1157 2253 istas
1174 2222 1284 2262 aperit
1301 2222 1390 2252 fores
1406 2220 1452 2251 3⁴2
1542 2220 1605 2258 448

276 2270 373 2307 galue
384 2269 448 2300 cod.
465 2270 555 2308 (corr.
572 2268 632 2310 13²)
723 2279 787 2307 449
804 2278 909 2307 usque
922 2266 1091 2297 inualuisti
1103 2266 1173 2296 cod.
1262 2275 1325 2304 452
1342 2265 1417 2304 quis
1429 2263 1493 2294 cod.
1509 2264 1602 2303 (corr.

276 2312 358 2351 3³3:
382 2313 439 2343 del.
468 2313 570 2343 Bothe
717 2321 779 2351 453
806 2311 948 2351 pedibus
972 2310 1029 2341 del.
1061 2310 1164 2339 Bothe
1251 2308 1381 2349 ambas]
1408 2308 1464 2338 vix
1487 2307 1604 2337 ianuas

277 2356 358 2386 soris
376 2356 450 2387 add.
469 2356 595 2386 Ritschl
704 2365 776 2394 454,
797 2364 860 2396 455
885 2359 920 2385 tu
938 2353 1012 2384 Ital.
1032 2365 1037 2383 :
1063 2357 1134 2384 tute
1150 2352 1215 2383 cod.
1234 2353 1322 2393 (mle.
1342 2352 1418 2392 tut')
1542 2352 1604 2388 464

277 2400 372 2430 axint
389 2400 453 2430 cod.
473 2400 567 2442 (corr.
588 2398 652 2440 ΒΖ)

993 2517 1015 2527 l
