1731 2713
752 87 978 126 RVDENS
1455 90 1523 126 IV.
1545 90 1590 126 iv

196 196 277 249 *filia
299 202 394 244 mea,
419 199 535 236 salue.
595 211 668 248 ego
689 196 719 236 is
741 211 826 236 sum
849 197 915 248 qui
937 205 974 237 te
995 198 1159 248 produxi
1182 207 1300 249 pater,

200 275 273 312 ego
293 275 378 300 sum
404 264 629 301 Daemones
650 269 688 301 et
709 270 831 301 mater
851 270 918 301 tua
938 276 1071 301 eccam
1094 263 1156 301 hic
1178 264 1281 302 intus
1301 264 1497 303 Daedalis.
1553 281 1609 310 130

94 337 180 374 1175
202 328 270 364 ΡΑ.
302 328 419 374 salue,
443 327 495 365 mi
517 335 625 378 pater
646 327 852 378 insperate.
914 330 990 366 DA.
1023 330 1140 368 salue.
1192 337 1233 367 ut
1254 337 1291 368 te
1311 331 1528 379 amplector

1362 395 1526 433 lubens!

196 458 271 494 TR.
304 457 425 506 uolup
446 464 503 495 est
524 470 644 507 quom
667 457 765 496 istuc
786 471 833 496 ex
854 457 997 508 pietate
1019 466 1149 497 uostra
1169 458 1284 498 uobis
1304 459 1478 509 contigit.

199 522 273 559 DA.
297 523 502 572 capedum,
519 523 624 560 hunc
641 522 671 560 si
686 530 797 572 potes
814 524 869 561 fer
883 523 984 561 intro
998 523 1191 571 nidulum,
1205 538 1286 574 age,
1303 524 1522 563 Trachalio.

195 587 271 624 TR.
303 600 395 625 ecce
418 586 527 637 Gripi
548 588 716 626 scelera!
748 601 869 638 quom
891 587 1010 627 istaec
1032 602 1090 627 res
1111 591 1213 627 male
1233 589 1366 628 euenit
1388 589 1468 636 tibi,

195 651 325 700 Gripe‚
343 653 523 701 gratulor.
558 654 633 690 DA.
656 665 727 702 age
744 666 890 700 eamus,
906 667 994 692 mea
1008 661 1136 704 gnata,
1150 655 1201 693 ad
1223 662 1385 693 matrem
1403 662 1524 704 tuam,
1548 669 1605 701 135

87 718 175 753 1180
194 729 294 766 quae
315 730 360 755 ex
381 724 418 755 te
439 717 580 767 poterit
599 718 838 768 argumentis
860 719 961 756 hanc
982 732 1063 757 rem
1086 718 1207 769 magis
1229 719 1439 769 exquirere,

192 794 293 831 quae
314 789 351 820 te
372 782 485 832 magi⁷
506 783 686 821 tractauit
707 783 901 833 magi'que
922 783 1031 833 signa
1052 784 1233 833 pernouit
1254 792 1388 823 tua.—

193 848 260 885 PA.
294 847 552 886 introeamus
573 861 722 895 omnes,
746 849 908 898 quando
929 849 1087 898 operam
1109 848 1345 898 promiscam
1368 852 1519 888 damus.

191 926 354 964 sequere
376 926 449 960 me,
473 913 851 964 Ampelisca—AM.
884 927 1006 964 quom
1033 922 1071 953 te
1093 916 1134 953 di
1159 923 1294 953 amant
1328 915 1521 965 uoluptati

1277 988 1335 1019 est
1357 980 1522 1019 mihi.—

192 1045 269 1083 GR.
300 1057 440 1083 sumne
460 1057 532 1095 ego
553 1046 739 1083 scelestus
760 1044 827 1095 qui
847 1044 967 1083 illunc
987 1044 1107 1084 hodie
1128 1045 1262 1096 excepi
1284 1045 1493 1085 uidulum?
1542 1060 1604 1093 140

83 1114 168 1159 1185
189 1118 256 1148 aut
277 1123 397 1160 quom
419 1109 565 1160 excepi,
588 1110 655 1160 qui
677 1124 757 1149 non
778 1110 923 1149 alicubi
944 1110 983 1148 in
1005 1112 1089 1149 solo
1110 1110 1276 1160 apstrusi
1297 1113 1415 1149 loco?

188 1176 398 1214 credebam
419 1177 562 1225 edepol
582 1176 847 1214 turbulentam
868 1176 1054 1225 praedam
1076 1183 1306 1214 euenturam
1329 1175 1437 1224 mihi,

187 1240 280 1290 quia
299 1239 363 1278 illa
384 1239 480 1278 mihi
501 1248 580 1278 tam
602 1240 827 1279 turbulenta
847 1248 1081 1290 tempestate
1102 1247 1298 1279 euenerat.

188 1306 306 1344 credo
327 1306 468 1356 edepol
489 1318 562 1355 ego
583 1305 660 1344 illic
680 1305 807 1344 inesse
827 1305 976 1356 argenti
997 1313 1035 1344 et
1054 1305 1137 1344 auri
1157 1306 1321 1356 largiter.

188 1370 284 1421 quid
311 1371 468 1409 meliust
495 1384 614 1421 quam
640 1378 683 1409 ut
709 1370 802 1409 hinc
822 1370 924 1410 intro
950 1372 1091 1411 abeam
1119 1379 1157 1410 et
1184 1385 1247 1410 me
1274 1373 1514 1422 suspendam
1539 1386 1597 1419 145

1276 1438 1512 1486 clanculum,

79 1510 168 1547 1190
187 1502 324 1541 saltem
345 1501 532 1552 tantisper
552 1502 648 1541 dum
668 1502 856 1552 apscedat
876 1503 974 1541 haec
993 1515 1016 1541 a
1037 1515 1100 1541 me
1119 1501 1389 1553 aegrimonia?

691 1613 1005 1650 DAEMONES
1532 1626 1563 1652 v

290 1694 367 1732 Pro
387 1693 427 1732 di
448 1692 674 1732 inmortales
692 1696 698 1731 1
729 1692 816 1743 quis
837 1707 900 1732 me
921 1701 979 1732 est
1000 1693 1248 1750 fortunatior,-

288 1758 356 1809 qui
376 1772 423 1797 ex
442 1758 644 1809 inprouiso
664 1758 784 1797 filiam
805 1757 940 1797 inueni
961 1760 1120 1797 meam?

287 1823 389 1862 satin
410 1824 441 1862 si
461 1823 570 1874 quoii
590 1822 741 1862 homini
762 1824 803 1862 di
824 1836 909 1862 esse
929 1824 1031 1862 bene
1051 1825 1198 1862 facturn
1220 1825 1369 1872 uolunt,

286 1887 422 1938 aliquo
442 1887 538 1927 illud
558 1895 675 1938 pacto
695 1887 863 1938 optingit
883 1896 1062 1938 optatum
1083 1888 1186 1939 piis?

75 1964 159 2002 1193
288 1965 362 2002 ego
387 1952 392 2004 1
418 1952 538 1992 hodie
557 1966 687 2003 neque
707 1952 860 2003 speraui
881 1966 1011 2003 neque
1031 1952 1180 1992 credidi
1197 1969 1203 1992 :
1530 1972 1547 2004 5

227 2064 308 2094 1173
331 2054 424 2085 salue
436 2065 511 2085 mea
523 2054 595 2084 PCD
731 2065 813 2094 1174
837 2066 916 2086 ecca
931 2055 997 2087 cod.
1017 2067 1024 2086 :
1047 2066 1123 2087 corr.
1139 2055 1313 2086 Flccket'sen
1403 2057 1509 2087 intust

180 2097 322 2140 Langen
478 2108 558 2137 1177
592 2098 705 2129 uidum
739 2098 816 2128 PCD
960 2100 1039 2130 1181
1075 2099 1124 2130 vel
1149 2110 1246 2139 mage
1262 2123 1270 2130 .
1292 2124 1298 2131 .
1318 2125 1324 2131 .
1344 2110 1508 2139 mageque

184 2143 263 2173 1182
279 2141 399 2172 velTR.
464 2152 580 2173 eamus
591 2142 679 2173 intro
689 2142 770 2174 cod.:
790 2142 861 2173 traz'.
877 2142 959 2173 Reiz
1020 2143 1155 2182 quando
1165 2142 1326 2185 (omnes)
1337 2144 1509 2174 Act'dalius

180 2190 257 2216 ante
272 2196 409 2225 operam
426 2196 445 2223 4
463 2185 582 2215 litterae
598 2186 714 2226 (damu
728 2187 756 2225 2)
773 2189 883 2226 etpost
893 2186 1012 2216 damus
1022 2197 1042 2225 3
1054 2187 1173 2217 litterae
1182 2197 1291 2217 erasae
1302 2186 1334 2216 Β
1425 2197 1437 2216 1
1447 2187 1505 2225 184

181 2238 246 2268 ego
261 2227 406 2271 (homo)
422 2229 595 2259 Fleckeisen
685 2229 762 2260 illuc
779 2229 845 2261 cod.
981 2231 1062 2269 1187
1087 2234 1153 2260 tarn
1171 2240 1237 2262 om.
1256 2229 1332 2260 PCD
1423 2231 1506 2260 1188

180 2272 252 2302 auri
269 2277 303 2304 et
319 2273 450 2312 argenti
467 2272 540 2302 PCD
698 2282 778 2312 1193
802 2273 856 2303 dei
875 2283 952 2304 esse
967 2272 1040 2304 Ital.
1060 2285 1067 2303 ι
1099 2274 1232 2304 delesse
1249 2273 1314 2304 cod.
1428 2273 1505 2304 uolo

179 2315 271 2348 cod.:
294 2326 372 2347 corr.
393 2315 488 2346 Valla
621 2325 703 2355 1195
728 2318 783 2346 vix
798 2315 898 2347 hodie
979 2315 1070 2359 (nil)
1091 2327 1202 2355 neque
1225 2316 1381 2357 Sqiffiti:
1404 2315 1506 2360 (qui)

180 2369 290 2399 neque
307 2358 549 2391 Sonnenschein
563 2371 569 2391 :
595 2360 649 2390 vix
665 2370 717 2390 me
735 2360 790 2399 qui
893 2359 1019 2403 (illud)
1036 2360 1164 2391 credidi
1180 2359 1282 2391 Bothe
