1664 2661
520 115 691 153 MILES
722 114 1032 152 GLORIOSYS
1456 114 1482 149 l.
1508 114 1515 119 '

116 234 186 269 ,aut
206 225 412 277 gloriarum
435 223 651 275 pleniorem
673 236 789 272 quam
813 222 889 259 illic
911 230 977 267 est,

120 306 183 330 me
204 290 277 330 sibi
298 289 454 336 habe'to,
476 302 550 339 ego
571 302 632 327 me
654 287 865 337 mancupio
886 287 991 326 dabo
1007 301 1016 333 ;

121 356 194 395 nisi
215 369 349 402 unum,
371 354 518 405 epityra
538 362 643 392 estur
662 352 842 390 insanum
866 352 976 390 bene.

57 434 99 470 25
122 423 189 460 ΡΥ.
222 420 288 459 ubi
311 428 351 458 tu
371 421 443 458 es?
489 421 565 456 AR.
599 431 747 456 eccum.
789 418 930 466 edepol
948 418 1009 455 uel
1026 417 1236 466 elephanto
1259 415 1295 453 in
1315 415 1436 460 India,
1464 432 1501 462 ²5

120 500 200 537 quo
220 493 336 536 pacto
357 483 391 523 ei
413 497 545 534 pugno
567 481 806 533 praefregisti
829 481 1065 520 bracchium.

122 553 190 589 ΡΥ.
222 549 329 600 quid,
354 547 657 587 ‘bracchium’?
712 549 789 584 AR.
823 546 918 584 illud
940 545 1068 584 dicere
1091 544 1210 591 uolui,
1237 546 1410 583 ‘fernim'

122 617 189 653 ΡΥ.
221 622 260 652 at
280 612 527 663 indiligenter
547 612 700 650 iceram.
761 613 837 649 AR.
871 612 936 661 pol
957 610 987 648 si
1009 609 1168 660 quidem

121 679 283 718 conixus
304 679 418 724 esses,
442 691 510 728 per
530 676 691 723 corium,
714 689 782 726 per
802 675 951 714 uiscera

7 766 10 769 ⁴
59 760 104 794 30
122 758 269 796 perque
290 757 333 782 os
354 742 552 793 elephanti
573 741 845 780 transmineret
865 739 1102 780 bracchium.
1461 754 1500 783 50

123 812 190 848 ΡΥ.
224 810 316 848 nolo
346 808 465 846 istaec
495 807 558 846 hic
588 821 704 845 nunc.
765 809 840 844 AR.
873 820 921 844 ne
951 807 1080 844 hercle
1109 818 1249 854 operae
1277 804 1438 854 pretium

1246 869 1441 918 quidemst

124 939 219 979 mihi
240 948 277 979 te
297 953 450 978 narrare
471 947 555 977 tuas
577 938 643 989 qui
665 937 825 976 uirtutes
846 936 977 976 sciam.

124 1012 260 1044 uenter
280 1012 384 1043 creat
404 1003 532 1042 omnis
553 1004 670 1042 hasce
690 1016 896 1041 aerumnas
913 1018 918 1039 :
949 1000 1106 1039 auribus

124 1068 390 1120 peraudienda
410 1076 514 1116 sunt,
534 1082 584 1106 ne
605 1068 743 1106 dentes
763 1066 951 1111 dentiam,

61 1150 103 1186 35
124 1143 163 1174 et
182 1134 509 1174 adsentandumst
531 1131 726 1183 quidquid
747 1131 810 1169 hic
832 1130 1067 1169 mentibitur.
1463 1143 1500 1173 35

125 1202 193 1239 ΡΥ.
225 1198 321 1250 quid
350 1198 441 1237 illuc
472 1199 581 1249 quod
611 1196 734 1235 dico?
790 1197 865 1233 AR.
898 1196 1024 1240 ehem,
1048 1193 1128 1232 scio
1159 1192 1232 1231 iarn
1264 1192 1358 1242 quid
1386 1191 1443 1230 uis

1303 1255 1440 1294 dicere.

125 1331 271 1368 factum
293 1330 469 1375 herclest,
490 1326 650 1367 memini
673 1325 764 1365 fieri.
817 1327 883 1363 ΡΥ.
917 1323 1011 1374 quid
1033 1323 1071 1361 id
1093 1324 1179 1361 est?
1230 1324 1304 1359 AR.
1337 1319 1444 1370 quid-

622 1435 625 1437 >
1260 1384 1354 1435 quid
1375 1392 1441 1422 est.

127 1462 195 1499 ΡΥ.
227 1459 482 1499 habes—AR.
515 1457 677 1497 tabellas
698 1455 756 1494 uis
778 1469 920 1506 rogare.
981 1454 1120 1499 liabeo,
1143 1459 1180 1490 et
1200 1449 1341 1488 stilum.

128 1527 195 1564 ΡΥ.
228 1527 352 1564 facete
372 1522 546 1564 aduortis
568 1531 679 1562 tuom
699 1521 874 1560 animum
896 1520 946 1558 ad
967 1518 1141 1557 animum
1163 1528 1304 1554 meum.

64 1605 110 1639 40
127 1592 204 1629 AR.
236 1589 394 1628 nouisse
414 1602 542 1627 mores
563 1595 651 1626 tuos
673 1600 735 1625 me
756 1584 941 1624 meditate
961 1585 1074 1622 decet
1464 1595 1504 1625 40

127 1668 341 1705 curamque
360 1653 548 1693 adhibere
569 1660 611 1691 ut
631 1652 804 1703 praeolat
825 1649 921 1688 mihi
942 1648 1049 1699 quod
1072 1655 1112 1685 tu
1133 1645 1240 1685 uelis.

129 1722 196 1759 ΡΥ.
229 1718 373 1770 ecquid
393 1717 636 1758 meministi?
693 1718 769 1755 AR.
803 1713 963 1754 memini
983 1720 1141 1751 centum
1162 1708 1358 1750 in-Cilicia

129 1793 169 1824 et
188 1783 482 1836 quinquaginta,
506 1790 665 1822 centum
687 1781 726 1820 in
748 1777 1070 1830 Scytholatronia,

130 1850 285 1902 triginta
305 1851 460 1897 Sardos,
483 1848 681 1899 sexaginta
704 1847 1000 1885 Macedones—-

67 1928 109 1964 45
130 1923 222 1955 sunt
242 1914 422 1954 homines
443 1928 542 1965 quos
564 1921 651 1952 tu-
663 1910 840 1951 occidisti
862 1923 941 1949 uno
962 1908 1036 1948 die.
1467 1919 1505 1950 45

175 2029 217 2059 23
241 2019 363 2050 habeto
379 2017 447 2061 [et]
465 2017 590 2057 P(pro
603 2016 690 2053 hah,
706 2015 734 2046 ei
747 2015 772 2053 2)
906 2023 946 2051 24
971 2011 1103 2051 epityra
1123 2010 1220 2038 Varro
1235 2006 1261 2036 L
1287 2007 1322 2037 L.
1341 2016 1369 2044 7,
1386 2006 1427 2035 86
1443 2017 1448 2035 :

129 2064 265 2104 >epytira
282 2067 318 2094 ut
335 2063 410 2104 (pro
426 2062 497 2101 uel)
516 2065 597 2101 aput
613 2060 667 2090 illa
685 2059 718 2089 Ρ
732 2060 848 2098 (prava
872 2055 1092 2087 emendatione
1102 2052 1284 2087 inculcami,
1304 2050 1335 2079 A
1356 2060 1386 2079 η.
1406 2049 1424 2078 Ι.
1442 2060 1447 2077 ;

133 2107 301 2148 epityrum
335 2105 418 2145 edd„
453 2104 571 2145 quibus
600 2102 788 2134 constructio
826 2101 956 2140 epityra
991 2102 1064 2129 (acc.
1095 2096 1159 2137 sisi
1193 2099 1287 2125 estur
1316 2092 1451 2132 displicet

133 2151 250 2181 insane
271 2148 384 2186 Varro,
400 2149 496 2179 etiam
510 2148 631 2188 (iens-)
649 2146 688 2178 Ρ.
708 2148 816 2175 contra
829 2153 953 2173 morem
967 2141 1164 2172 Plautinum
1262 2147 1301 2176 25
1327 2136 1447 2166 indiam

133 2194 166 2224 A
272 2195 314 2224 26
337 2193 367 2223 ei
385 2203 449 2224 om.
468 2191 502 2221 Ρ
587 2189 774 2230 praefigisti
791 2187 822 2218 P
919 2195 956 2225 31
983 2185 1117 2224 quidem
1134 2183 1163 2213 Ρ
1178 2183 1228 2222 (sfi
1254 2183 1306 2220 191»
1408 2189 1448 2217 34

134 2237 361 2277 peraurienda
379 2236 407 2267 C
421 2237 454 2275 (j.
470 2246 496 2267 e.
515 2234 746 2273 maur->som
766 2233 840 2261 recte
948 2229 990 2267 36
1014 2228 1090 2257 hem
1102 2225 1134 2256 Ρ
1232 2234 1271 2263 37
1297 2223 1448 2254 factumst

135 2281 250 2311 hercle
265 2280 298 2311 P
311 2280 362 2320 (cf.
381 2279 428 2310 ad
440 2278 534 2309 Merc.
554 2277 632 2317 330)
756 2285 798 2313 39
822 2273 919 2303 facite
936 2272 968 2302 P
1053 2270 1127 2301 adu.
1145 2269 1288 2299 animum
1307 2271 1397 2297 tuum
1415 2265 1446 2294 A

134 2335 177 2361 40
200 2334 252 2354 me
270 2328 344 2355 tuos
363 2323 396 2353 P
481 2332 519 2361 41
547 2320 720 2361 praenolat
739 2327 858 2356 m.quo
876 2322 909 2346 tu
926 2314 959 2345 P
1057 2323 1097 2352 42
1121 2312 1260 2343 ciliciam
1279 2310 1310 2340 A
1410 2318 1450 2346 43

136 2367 254 2407 Scyth.
271 2366 425 2408 Geppert:
448 2363 749 2404 scythalatroniarn
761 2361 793 2391 A
810 2371 815 2390 :
841 2359 948 2400 sycho
964 2357 1127 2388 latroniae
1141 2354 1172 2385 Ρ
1269 2364 1309 2392 44
1333 2352 1450 2391 sardos

135 2411 192 2442 A:
225 2411 334 2442 sardis
358 2409 390 2440 P
412 2409 488 2450 (abl.
509 2409 599 2449 plur.
615 2408 642 2448 ἓ)
805 2413 846 2443 45
871 2408 904 2432 tu
929 2411 1012 2441 quos
1035 2398 1172 2440 Pylades
1194 2400 1300 2428 contra
1327 2404 1447 2425 morem

136 2454 336 2486 Plautinum
425 2452 532 2496 (hoc)
548 2462 598 2482 oc.
622 2450 698 2491 [scil.
720 2449 845 2488 gladio)
865 2445 990 2477 Sclzocll
1075 2440 1184 2484 (una)
1201 2439 1266 2471 uno
1284 2438 1407 2469 Ritschl

1506 124 1518 148 1
