1783 2707
175 125 245 162 IV.
268 135 299 161 v
682 127 728 162 T.
762 124 943 164 MACCI
975 125 1179 162 PLAVTI

376 236 406 274 is
428 236 630 286 inprouiso
652 236 771 274 filiam
793 236 927 274 inueni
949 244 1106 283 tamen3

375 309 412 340 et
433 315 520 340 eam
542 303 591 340 de
612 315 754 351 genere
775 315 930 339 summo
951 301 1193 340 adulescenti
1215 301 1320 340 dabo

375 366 559 416 ingenuo,
581 366 816 404 Atheniensi
838 374 875 404 et
896 374 1064 416 cognato
1086 380 1186 405 meo.

376 445 447 481 ego
469 445 559 470 eum
581 433 683 470 adeo
703 431 845 469 arcessi
866 432 943 469 huc
964 432 1014 469 ad
1036 445 1098 470 me
1119 445 1238 481 quam
1258 431 1428 482 primum
1450 432 1543 469 uolo

210 512 248 534 10
375 495 548 546 iussique
569 496 672 534 exire
693 498 770 535 huc
791 496 887 534 eiius
910 509 1075 543 seruom,
1100 504 1142 534 ut
1162 498 1212 535 ad
1233 498 1359 534 forum
1619 508 1708 533 1200

374 560 469 608 iret,
499 562 679 600 nondum
702 575 900 611 egressum
922 574 1006 600 esse
1027 575 1129 609 eum,
1153 561 1193 599 id
1215 561 1331 599 miror
1351 569 1494 599 tamen.

372 628 571 672 accedam,
596 626 748 676 opinor,
770 628 821 665 ad
842 628 954 665 fores.
1015 626 1111 676 quid
1133 626 1368 676 conspicor?

373 705 470 729 uxor
490 693 697 742 complexa
717 693 820 730 collo
841 691 981 730 retinet
1003 691 1134 730 filiam.

373 755 481 793 nimi'
502 769 628 806 paene
649 755 782 806 inepta
801 763 920 806 atque
941 755 1080 795 odiosa
1100 755 1182 794 eius
1203 754 1395 793 amatiost.

201 866 247 903 vi
549 867 866 904 DAEMoNEs
976 867 1314 904 TRACHALIO

267 949 343 986 DA.
376 947 605 998 Aliquando
626 950 845 987 osculando
867 948 1034 995 meliust,
1056 961 1162 994 uxor,
1186 961 1348 998 pausam
1370 946 1452 985 fieri
1467 961 1477 995 3
1617 959 1702 997 1205

263 1020 381 1063 atque
402 1014 562 1060 adorna,
582 1020 624 1051 ut
645 1027 726 1051 rem
749 1013 925 1051 diuinam
948 1012 1100 1059 faciam,
1120 1026 1239 1062 quom
1262 1012 1364 1050 intro
1381 1013 1591 1059 aduenero,

264 1077 430 1116 Laribus
451 1077 719 1124 familiaribus,
743 1091 864 1128 quom
886 1085 1077 1116 auxerunt
1098 1085 1271 1116 nostram
1293 1077 1492 1115 familiam.

263 1151 354 1182 sunt
383 1143 493 1183 domi
526 1143 616 1194 agni
644 1151 681 1182 et
712 1143 820 1194 porci
852 1156 989 1182 sacres.
1050 1144 1120 1182 sed
1146 1143 1243 1192 quid
1275 1142 1393 1181 istum
1423 1155 1592 1181 remora-

1482 1206 1590 1254 mini,

221 1289 236 1320 5
261 1274 453 1321 mulieres,
478 1274 783 1313 Trachalionem
801 1275 817 1311 ?
846 1281 965 1324 atque
987 1281 1149 1324 optume
1170 1286 1309 1311 eccum
1331 1272 1407 1311 exit
1427 1274 1528 1311 foras
1546 1276 1553 1311 Ξ

258 1340 334 1377 TR.
368 1338 435 1378 ubi
457 1338 524 1378 ubi
546 1339 627 1386 erit,
650 1338 728 1377 iam
750 1338 998 1388 inuestigabo
1020 1347 1057 1376 et
1080 1352 1235 1377 mecum
1256 1339 1307 1376 ad
1335 1345 1372 1376 te
1392 1339 1591 1376 adducam
1614 1351 1703 1376 1210

1474 1402 1590 1441 simul

259 1469 541 1520 Plesidippum.
604 1472 679 1508 DA.
714 1471 898 1519 eloquere
919 1477 962 1507 ut
982 1470 1081 1508 haec
1101 1483 1160 1507 res
1182 1468 1321 1519 optigit
1342 1469 1391 1506 de
1412 1467 1515 1516 filia3

258 1548 348 1573 eum
370 1549 463 1585 roga
479 1543 521 1573 ut
542 1535 736 1585 relinquat
757 1535 851 1573 alias
873 1548 932 1573 res
954 1544 991 1572 et
1012 1536 1090 1572 huc
1111 1535 1254 1572 ueniat.
1314 1535 1389 1571 TR.
1423 1533 1524 1571 licet.

259 1602 334 1638 DA.
368 1600 491 1639 dicito
512 1602 695 1640 daturum
719 1614 848 1638 meam
870 1600 924 1638 illi
947 1600 1066 1638 filiam
1088 1613 1260 1638 uxorem.
1319 1601 1394 1636 TR.
1428 1598 1528 1637 licet.

199 1680 238 1701 10
259 1666 335 1703 DA.
368 1672 407 1704 et
427 1673 578 1716 patrem
595 1665 692 1704 eiius
715 1679 778 1703 me
795 1664 954 1703 nouisse
975 1673 1013 1703 et
1035 1664 1131 1702 mihi
1148 1678 1232 1703 esse
1249 1671 1472 1714 cognatum.
1510 1666 1586 1702 TR.

1485 1729 1586 1772 licet,

257 1796 333 1834 DA.
366 1796 437 1835 sed
457 1809 633 1847 propera.
693 1798 769 1834 TR.
802 1795 903 1835 licet.
966 1798 1041 1834 DA.
1074 1795 1151 1834 iam
1177 1796 1240 1834 hic
1261 1797 1321 1834 fac
1342 1795 1400 1843 sit,
1424 1808 1522 1834 cena
1545 1802 1588 1833 ut
1611 1807 1696 1845 1215

1152 1869 1316 1900 curetur.
1376 1863 1451 1898 TR.
1484 1860 1585 1898 licet.

257 1926 333 1964 DA.
367 1925 529 1964 omnian
559 1925 679 1965 licet?
736 1928 811 1964 TR.
845 1926 946 1966 licet.
1006 1927 1076 1965 sed
1104 1926 1187 1965 scin
1209 1926 1305 1976 quid
1326 1933 1383 1964 est
1411 1926 1519 1976 quod
1549 1933 1587 1963 te

1466 1992 1588 2029 uolo?

256 2058 364 2107 quod
385 2056 598 2107 promisisti
620 2064 661 2096 ut
684 2056 918 2105 memineris,
943 2057 1063 2096 hodie
1079 2065 1121 2096 ut
1142 2057 1239 2096 liber
1255 2056 1339 2096 sim.
1384 2058 1460 2094 DA.
1484 2056 1584 2095 licet.

302 2170 382 2200 1199
406 2170 483 2190 eum
501 2170 565 2199 ego
582 2160 684 2190 Bothe
842 2170 925 2191 1200
949 2170 1084 2191 seruom
1100 2160 1172 2191 eius
1190 2160 1254 2190 cod.
1270 2171 1276 2191 :
1301 2160 1372 2191 traz‘.
1393 2159 1566 2190 Amlalz'ns
1581 2171 1587 2191 :

253 2213 279 2234 s.
298 2204 370 2234 eius
389 2202 528 2246 (intus)
545 2202 684 2234 Mueller
695 2202 825 2243 (Rhein.
844 2204 934 2235 Mus.
953 2214 1003 2242 54,
1019 2207 1098 2244 535)
1169 2209 1204 2234 ut
1216 2202 1280 2246 <ad
1294 2202 1411 2245 erum)
1423 2205 1464 2234 ad
1479 2203 1586 2234 forum

254 2246 392 2286 Serruys
410 2246 505 2282 (Rev.
528 2247 644 2278 Philol.
667 2257 718 2285 24,
737 2248 813 2285 155)
922 2257 1004 2278 1202
1029 2248 1086 2278 vix
1100 2247 1202 2286 opino
1310 2248 1393 2278 1208
1417 2247 1467 2277 vel
1476 2247 1586 2278 istunc

257 2300 341 2321 1210
366 2296 478 2321 tamen
496 2301 574 2321 corr.
594 2291 659 2321 iam
679 2290 784 2321 utvid.
798 2289 864 2321 cod.
881 2291 1009 2322 (tamen
1029 2292 1094 2321 iam
1111 2291 1164 2321 B:
1190 2296 1301 2321 tamen
1319 2290 1408 2328 PCD)
1503 2300 1585 2321 1212

254 2344 336 2373 roga
352 2334 504 2373 Bentley:
538 2338 634 2373 rogat
662 2334 794 2374 (rogato
818 2333 907 2373 PCD)
932 2334 998 2365 cod.
1136 2344 1218 2373 1215
1242 2335 1285 2365 sit
1308 2334 1505 2365 Acidalius:
1539 2334 1585 2365 sis

254 2378 320 2409 cod.
456 2379 538 2408 1216
562 2377 673 2408 omnia
691 2377 804 2408 inlicet
821 2376 884 2408 cod.
904 2388 910 2408 :
935 2389 1014 2409 corr.
1040 2378 1253 2409 Camerarms
