<?xml version="1.0" encoding="UTF-8"?>
<!DOCTYPE html PUBLIC "-//W3C//DTD XHTML 1.0 Transitional//EN"
    "http://www.w3.org/TR/xhtml1/DTD/xhtml1-transitional.dtd">
<html xmlns="http://www.w3.org/1999/xhtml" xml:lang="en" lang="en">
 <head>
  <title>
</title>
<meta http-equiv="Content-Type" content="text/html;charset=utf-8" />
  <meta name='ocr-system' content='tesseract 3.04.00' />
  <meta name='ocr-capabilities' content='ocr_page ocr_carea ocr_par ocr_line ocrx_word'/>
</head>
<body>
  <div class='ocr_page' id='page_1' title='image "./tmacciplauticomo02plauuoft_0511.png"; bbox 0 0 1731 2713; ppageno 0'>
   <div class='ocr_carea' id='block_1_1' title="bbox 102 519 166 553">
    <p class='ocr_par' dir='ltr' id='par_1_1' title="bbox 102 519 166 553">
     <span class='ocr_line' id='line_1_1' title="bbox 102 519 166 553; baseline 0 0"><span class='ocrx_word' id='word_1_1' title='bbox 102 519 166 553; x_wconf 72' lang='lat'>88³</span> 
     </span>
    </p>
   </div>
   <div class='ocr_carea' id='block_1_2' title="bbox 123 658 168 692">
    <p class='ocr_par' dir='ltr' id='par_1_2' title="bbox 123 658 168 692">
     <span class='ocr_line' id='line_1_2' title="bbox 123 658 168 692; baseline 0 -10"><span class='ocrx_word' id='word_1_2' title='bbox 123 658 168 692; x_wconf 82' lang='lat'>90</span> 
     </span>
    </p>
   </div>
   <div class='ocr_carea' id='block_1_3' title="bbox 119 1240 160 1277">
    <p class='ocr_par' dir='ltr' id='par_1_3' title="bbox 119 1240 160 1277">
     <span class='ocr_line' id='line_1_3' title="bbox 119 1240 160 1277; baseline 0.049 -2"><span class='ocrx_word' id='word_1_3' title='bbox 119 1240 160 1277; x_wconf 81' lang='lat'>95</span> 
     </span>
    </p>
   </div>
   <div class='ocr_carea' id='block_1_4' title="bbox 96 1569 164 1595">
    <p class='ocr_par' dir='ltr' id='par_1_4' title="bbox 96 1569 164 1595">
     <span class='ocr_line' id='line_1_4' title="bbox 96 1569 164 1595; baseline -0.029 0"><span class='ocrx_word' id='word_1_4' title='bbox 96 1569 164 1595; x_wconf 90' lang='lat'>100</span> 
     </span>
    </p>
   </div>
   <div class='ocr_carea' id='block_1_5' title="bbox 672 79 1510 118">
    <p class='ocr_par' dir='ltr' id='par_1_5' title="bbox 672 79 1510 118">
     <span class='ocr_line' id='line_1_5' title="bbox 672 79 1510 118; baseline 0.002 -2"><span class='ocrx_word' id='word_1_5' title='bbox 672 79 1085 118; x_wconf 78' lang='lat' dir='ltr'>TRVCVLENTVS</span> <span class='ocrx_word' id='word_1_6' title='bbox 1276 108 1279 110; x_wconf 92' lang='lat'>-</span> <span class='ocrx_word' id='word_1_7' title='bbox 1481 81 1510 118; x_wconf 93' lang='grc' dir='ltr'>Ι.</span> 
     </span>
    </p>
   </div>
   <div class='ocr_carea' id='block_1_6' title="bbox 345 190 1451 955">
    <p class='ocr_par' dir='ltr' id='par_1_6' title="bbox 348 190 1451 436">
     <span class='ocr_line' id='line_1_6' title="bbox 351 190 1260 242; baseline 0 -12"><span class='ocrx_word' id='word_1_8' title='bbox 351 191 680 242; x_wconf 81' lang='lat' dir='ltr'>Babyloniensem</span> <span class='ocrx_word' id='word_1_9' title='bbox 703 190 877 229; x_wconf 85' lang='lat' dir='ltr'>militem.</span> <span class='ocrx_word' id='word_1_10' title='bbox 938 191 969 229; x_wconf 88' lang='lat' dir='ltr'>is</span> <span class='ocrx_word' id='word_1_11' title='bbox 991 204 1096 229; x_wconf 91' lang='lat' dir='ltr'>nunc</span> <span class='ocrx_word' id='word_1_12' title='bbox 1119 191 1260 230; x_wconf 89' lang='lat' dir='ltr'>dicitur</span> 
     </span>
     <span class='ocr_line' id='line_1_7' title="bbox 349 259 1451 307; baseline 0.001 -12"><span class='ocrx_word' id='word_1_13' title='bbox 349 265 535 295; x_wconf 83' lang='lat' dir='ltr'>uenturus</span> <span class='ocrx_word' id='word_1_14' title='bbox 556 270 739 307; x_wconf 77' lang='lat' dir='ltr'>peregre3</span> <span class='ocrx_word' id='word_1_15' title='bbox 768 270 815 294; x_wconf 90' lang='lat' dir='ltr'>eo</span> <span class='ocrx_word' id='word_1_16' title='bbox 837 269 942 294; x_wconf 88' lang='lat' dir='ltr'>nunc</span> <span class='ocrx_word' id='word_1_17' title='bbox 964 265 1190 294; x_wconf 79' lang='lat' dir='ltr'>commenta</span> <span class='ocrx_word' id='word_1_18' title='bbox 1211 266 1269 295; x_wconf 85' lang='lat' dir='ltr'>est</span> <span class='ocrx_word' id='word_1_19' title='bbox 1291 259 1425 296; x_wconf 89' lang='lat' dir='ltr'>dolum</span> <span class='ocrx_word' id='word_1_20' title='bbox 1445 273 1451 296; x_wconf 90' lang='lat'>:</span> 
     </span>
     <span class='ocr_line' id='line_1_8' title="bbox 348 321 1334 372; baseline 0 -13"><span class='ocrx_word' id='word_1_21' title='bbox 348 321 543 372; x_wconf 75' lang='lat' dir='ltr'>peperisse</span> <span class='ocrx_word' id='word_1_22' title='bbox 564 321 719 359; x_wconf 79' lang='lat' dir='ltr'>simulat</span> <span class='ocrx_word' id='word_1_23' title='bbox 740 334 835 367; x_wconf 86' lang='lat' dir='ltr'>sese,</span> <span class='ocrx_word' id='word_1_24' title='bbox 859 329 900 358; x_wconf 90' lang='lat' dir='ltr'>ut</span> <span class='ocrx_word' id='word_1_25' title='bbox 922 334 985 359; x_wconf 89' lang='lat' dir='ltr'>me</span> <span class='ocrx_word' id='word_1_26' title='bbox 1006 322 1184 360; x_wconf 86' lang='lat' dir='ltr'>extrudat</span> <span class='ocrx_word' id='word_1_27' title='bbox 1207 323 1334 370; x_wconf 78' lang='lat' dir='ltr'>soras3</span> 
     </span>
     <span class='ocr_line' id='line_1_9' title="bbox 348 385 1247 436; baseline 0 -12"><span class='ocrx_word' id='word_1_28' title='bbox 348 400 438 424; x_wconf 85' lang='lat' dir='ltr'>eum</span> <span class='ocrx_word' id='word_1_29' title='bbox 460 400 544 424; x_wconf 81' lang='lat' dir='ltr'>esse</span> <span class='ocrx_word' id='word_1_30' title='bbox 565 386 719 424; x_wconf 79' lang='lat' dir='ltr'>simulat</span> <span class='ocrx_word' id='word_1_31' title='bbox 742 385 903 424; x_wconf 89' lang='lat' dir='ltr'>militem</span> <span class='ocrx_word' id='word_1_32' title='bbox 927 399 1048 435; x_wconf 90' lang='lat' dir='ltr'>puero</span> <span class='ocrx_word' id='word_1_33' title='bbox 1070 394 1218 436; x_wconf 81' lang='lat' dir='ltr'>patrem</span> <span class='ocrx_word' id='word_1_34' title='bbox 1237 401 1247 433; x_wconf 83' lang='lat'>;</span> 
     </span>
    </p>

    <p class='ocr_par' dir='ltr' id='par_1_7' title="bbox 346 450 1172 500">
     <span class='ocr_line' id='line_1_10' title="bbox 346 450 1172 500; baseline 0 -12"><span class='ocrx_word' id='word_1_35' title='bbox 346 458 464 500; x_wconf 81' lang='lat' dir='ltr'>atque</span> <span class='ocrx_word' id='word_1_36' title='bbox 485 459 526 488; x_wconf 87' lang='lat' dir='ltr'>ut</span> <span class='ocrx_word' id='word_1_37' title='bbox 547 464 636 488; x_wconf 86' lang='lat' dir='ltr'>cum</span> <span class='ocrx_word' id='word_1_38' title='bbox 654 452 738 489; x_wconf 85' lang='lat' dir='ltr'>solo</span> <span class='ocrx_word' id='word_1_39' title='bbox 759 458 1029 500; x_wconf 77' lang='lat' dir='ltr'>pergraecetur</span> <span class='ocrx_word' id='word_1_40' title='bbox 1050 450 1172 499; x_wconf 84' lang='lat' dir='ltr'>militi,</span> 
     </span>
    </p>

    <p class='ocr_par' dir='ltr' id='par_1_8' title="bbox 346 515 1390 620">
     <span class='ocr_line' id='line_1_11' title="bbox 346 515 1390 566; baseline 0 -12"><span class='ocrx_word' id='word_1_41' title='bbox 346 519 466 555; x_wconf 82' lang='lat' dir='ltr'>†eum</span> <span class='ocrx_word' id='word_1_42' title='bbox 489 516 548 553; x_wconf 88' lang='lat' dir='ltr'>isti</span> <span class='ocrx_word' id='word_1_43' title='bbox 570 515 815 566; x_wconf 84' lang='lat' dir='ltr'>suppositum</span> <span class='ocrx_word' id='word_1_44' title='bbox 838 529 1002 565; x_wconf 89' lang='lat' dir='ltr'>puerum</span> <span class='ocrx_word' id='word_1_45' title='bbox 1025 520 1153 566; x_wconf 88' lang='lat' dir='ltr'>opus†</span> <span class='ocrx_word' id='word_1_46' title='bbox 1175 529 1390 566; x_wconf 79' lang='lat' dir='ltr'>pessumae.</span> 
     </span>
     <span class='ocr_line' id='line_1_12' title="bbox 348 581 1247 620; baseline 0.001 -2"><span class='ocrx_word' id='word_1_47' title='bbox 348 581 443 618; x_wconf 83' lang='lat' dir='ltr'>mihi</span> <span class='ocrx_word' id='word_1_48' title='bbox 464 581 584 619; x_wconf 82' lang='lat' dir='ltr'>uerba</span> <span class='ocrx_word' id='word_1_49' title='bbox 604 589 707 619; x_wconf 86' lang='lat' dir='ltr'>retur</span> <span class='ocrx_word' id='word_1_50' title='bbox 727 582 819 619; x_wconf 77' lang='lat' dir='ltr'>dare</span> <span class='ocrx_word' id='word_1_51' title='bbox 840 583 910 619; x_wconf 87' lang='lat' dir='ltr'>se?</span> <span class='ocrx_word' id='word_1_52' title='bbox 941 581 990 619; x_wconf 68' lang='lat' dir='ltr'>cin</span> <span class='ocrx_word' id='word_1_53' title='bbox 1012 594 1075 619; x_wconf 88' lang='lat' dir='ltr'>me</span> <span class='ocrx_word' id='word_1_54' title='bbox 1096 581 1247 620; x_wconf 89' lang='lat' dir='ltr'>censuit</span> 
     </span>
    </p>

    <p class='ocr_par' dir='ltr' id='par_1_9' title="bbox 349 646 1107 696">
     <span class='ocr_line' id='line_1_13' title="bbox 349 646 1107 696; baseline -0.001 -12"><span class='ocrx_word' id='word_1_55' title='bbox 349 648 473 684; x_wconf 81' lang='lat' dir='ltr'>celare</span> <span class='ocrx_word' id='word_1_56' title='bbox 495 659 534 684; x_wconf 89' lang='lat' dir='ltr'>se</span> <span class='ocrx_word' id='word_1_57' title='bbox 555 654 720 695; x_wconf 81' lang='lat' dir='ltr'>potesse,</span> <span class='ocrx_word' id='word_1_58' title='bbox 743 646 905 696; x_wconf 76' lang='lat' dir='ltr'>grauida</span> <span class='ocrx_word' id='word_1_59' title='bbox 928 646 958 684; x_wconf 86' lang='lat' dir='ltr'>si</span> <span class='ocrx_word' id='word_1_60' title='bbox 981 647 1107 684; x_wconf 89' lang='lat' dir='ltr'>foret?</span> 
     </span>
    </p>

    <p class='ocr_par' dir='ltr' id='par_1_10' title="bbox 346 711 1412 825">
     <span class='ocr_line' id='line_1_14' title="bbox 347 711 1412 760; baseline 0.003 -12"><span class='ocrx_word' id='word_1_61' title='bbox 347 724 438 749; x_wconf 80' lang='lat' dir='ltr'>nam</span> <span class='ocrx_word' id='word_1_62' title='bbox 460 724 531 760; x_wconf 79' lang='lat' dir='ltr'>ego</span> <span class='ocrx_word' id='word_1_63' title='bbox 553 712 706 748; x_wconf 85' lang='lat' dir='ltr'>Lemno</span> <span class='ocrx_word' id='word_1_64' title='bbox 726 711 898 749; x_wconf 83' lang='lat' dir='ltr'>aduenio</span> <span class='ocrx_word' id='word_1_65' title='bbox 919 712 1097 749; x_wconf 81' lang='lat' dir='ltr'>Athenas</span> <span class='ocrx_word' id='word_1_66' title='bbox 1118 712 1412 756; x_wconf 82' lang='lat' dir='ltr'>nudiustertius,</span> 
     </span>
     <span class='ocr_line' id='line_1_15' title="bbox 346 775 1270 825; baseline 0.001 -13"><span class='ocrx_word' id='word_1_67' title='bbox 346 777 494 825; x_wconf 79' lang='lat' dir='ltr'>legatus</span> <span class='ocrx_word' id='word_1_68' title='bbox 515 788 594 824; x_wconf 83' lang='lat' dir='ltr'>quo</span> <span class='ocrx_word' id='word_1_69' title='bbox 616 775 707 813; x_wconf 83' lang='lat' dir='ltr'>hinc</span> <span class='ocrx_word' id='word_1_70' title='bbox 728 789 817 813; x_wconf 89' lang='lat' dir='ltr'>cum</span> <span class='ocrx_word' id='word_1_71' title='bbox 840 775 1000 825; x_wconf 90' lang='lat' dir='ltr'>publico</span> <span class='ocrx_word' id='word_1_72' title='bbox 1021 775 1186 825; x_wconf 89' lang='lat' dir='ltr'>imperio</span> <span class='ocrx_word' id='word_1_73' title='bbox 1206 776 1270 814; x_wconf 86' lang='lat' dir='ltr'>fui.</span> 
     </span>
    </p>

    <p class='ocr_par' dir='ltr' id='par_1_11' title="bbox 345 839 1402 955">
     <span class='ocr_line' id='line_1_16' title="bbox 346 839 1402 890; baseline 0 -12"><span class='ocrx_word' id='word_1_74' title='bbox 346 841 415 878; x_wconf 87' lang='lat' dir='ltr'>sed</span> <span class='ocrx_word' id='word_1_75' title='bbox 437 841 533 878; x_wconf 80' lang='lat' dir='ltr'>haec</span> <span class='ocrx_word' id='word_1_76' title='bbox 554 839 716 889; x_wconf 81' lang='lat' dir='ltr'>quidem</span> <span class='ocrx_word' id='word_1_77' title='bbox 738 839 834 878; x_wconf 87' lang='lat' dir='ltr'>eiius</span> <span class='ocrx_word' id='word_1_78' title='bbox 856 840 1094 890; x_wconf 84' lang='lat' dir='ltr'>Astaphium</span> <span class='ocrx_word' id='word_1_79' title='bbox 1116 848 1174 879; x_wconf 88' lang='lat' dir='ltr'>est</span> <span class='ocrx_word' id='word_1_80' title='bbox 1194 840 1402 885; x_wconf 80' lang='lat' dir='ltr'>ancillula;</span> 
     </span>
     <span class='ocr_line' id='line_1_17' title="bbox 345 904 1347 955; baseline 0 -12"><span class='ocrx_word' id='word_1_81' title='bbox 345 918 436 944; x_wconf 91' lang='lat' dir='ltr'>cum</span> <span class='ocrx_word' id='word_1_82' title='bbox 457 918 503 943; x_wconf 80' lang='lat' dir='ltr'>ea</span> <span class='ocrx_word' id='word_1_83' title='bbox 524 918 683 955; x_wconf 83' lang='lat' dir='ltr'>quoque</span> <span class='ocrx_word' id='word_1_84' title='bbox 704 905 822 943; x_wconf 83' lang='lat' dir='ltr'>etiam</span> <span class='ocrx_word' id='word_1_85' title='bbox 844 904 940 943; x_wconf 82' lang='lat' dir='ltr'>mihi</span> <span class='ocrx_word' id='word_1_86' title='bbox 961 905 1033 944; x_wconf 88' lang='lat' dir='ltr'>fuit</span> <span class='ocrx_word' id='word_1_87' title='bbox 1054 905 1347 944; x_wconf 85' lang='lat' dir='ltr'>commercium.</span> 
     </span>
    </p>
   </div>
   <div class='ocr_carea' id='block_1_7' title="bbox 438 1126 1256 1164">
    <p class='ocr_par' dir='ltr' id='par_1_12' title="bbox 438 1126 1256 1164">
     <span class='ocr_line' id='line_1_18' title="bbox 438 1126 1256 1164; baseline 0.002 -2"><span class='ocrx_word' id='word_1_88' title='bbox 438 1126 775 1163; x_wconf 82' lang='lat' dir='ltr'>ASTAPHIVM</span> <span class='ocrx_word' id='word_1_89' title='bbox 889 1127 1256 1164; x_wconf 88' lang='lat' dir='ltr'>DINIARCHVS</span> 
     </span>
    </p>
   </div>
   <div class='ocr_carea' id='block_1_8' title="bbox 234 1230 1451 1670">
    <p class='ocr_par' dir='ltr' id='par_1_13' title="bbox 289 1230 1451 1606">
     <span class='ocr_line' id='line_1_19' title="bbox 289 1230 1321 1279; baseline 0.001 -11"><span class='ocrx_word' id='word_1_90' title='bbox 289 1232 358 1268; x_wconf 88' lang='lat' dir='ltr'>As.</span> <span class='ocrx_word' id='word_1_91' title='bbox 389 1230 455 1268; x_wconf 90' lang='lat' dir='ltr'>Ad</span> <span class='ocrx_word' id='word_1_92' title='bbox 475 1231 577 1268; x_wconf 90' lang='lat' dir='ltr'>fores</span> <span class='ocrx_word' id='word_1_93' title='bbox 598 1230 815 1267; x_wconf 80' lang='lat' dir='ltr'>auscultate</span> <span class='ocrx_word' id='word_1_94' title='bbox 836 1237 955 1279; x_wconf 84' lang='lat' dir='ltr'>atque</span> <span class='ocrx_word' id='word_1_95' title='bbox 976 1231 1182 1269; x_wconf 83' lang='lat' dir='ltr'>adseruate</span> <span class='ocrx_word' id='word_1_96' title='bbox 1201 1230 1321 1278; x_wconf 86' lang='lat' dir='ltr'>aedis,</span> 
     </span>
     <span class='ocr_line' id='line_1_20' title="bbox 290 1293 1349 1345; baseline 0.002 -12"><span class='ocrx_word' id='word_1_97' title='bbox 290 1294 429 1345; x_wconf 86' lang='lat' dir='ltr'>nequis</span> <span class='ocrx_word' id='word_1_98' title='bbox 448 1296 642 1333; x_wconf 80' lang='lat' dir='ltr'>aduentor</span> <span class='ocrx_word' id='word_1_99' title='bbox 662 1293 815 1344; x_wconf 80' lang='lat' dir='ltr'>grauior</span> <span class='ocrx_word' id='word_1_100' title='bbox 835 1295 992 1333; x_wconf 81' lang='lat' dir='ltr'>abaetat</span> <span class='ocrx_word' id='word_1_101' title='bbox 1013 1308 1132 1344; x_wconf 81' lang='lat' dir='ltr'>quam</span> <span class='ocrx_word' id='word_1_102' title='bbox 1153 1296 1349 1344; x_wconf 80' lang='lat' dir='ltr'>adueniat,</span> 
     </span>
     <span class='ocr_line' id='line_1_21' title="bbox 290 1359 1276 1409; baseline 0.002 -12"><span class='ocrx_word' id='word_1_103' title='bbox 290 1373 378 1406; x_wconf 89' lang='lat' dir='ltr'>neu,</span> <span class='ocrx_word' id='word_1_104' title='bbox 401 1359 467 1409; x_wconf 90' lang='lat' dir='ltr'>qui</span> <span class='ocrx_word' id='word_1_105' title='bbox 488 1372 626 1397; x_wconf 83' lang='lat' dir='ltr'>manus</span> <span class='ocrx_word' id='word_1_106' title='bbox 647 1359 818 1397; x_wconf 80' lang='lat' dir='ltr'>attulerit</span> <span class='ocrx_word' id='word_1_107' title='bbox 840 1359 978 1398; x_wconf 87' lang='lat' dir='ltr'>sterilis</span> <span class='ocrx_word' id='word_1_108' title='bbox 999 1360 1101 1399; x_wconf 87' lang='lat' dir='ltr'>intro</span> <span class='ocrx_word' id='word_1_109' title='bbox 1121 1362 1171 1399; x_wconf 82' lang='lat' dir='ltr'>ad</span> <span class='ocrx_word' id='word_1_110' title='bbox 1193 1374 1276 1409; x_wconf 89' lang='lat' dir='ltr'>nos,</span> 
     </span>
     <span class='ocr_line' id='line_1_22' title="bbox 289 1424 1451 1476; baseline 0.004 -15"><span class='ocrx_word' id='word_1_111' title='bbox 289 1424 468 1474; x_wconf 80' lang='lat' dir='ltr'>grauidas</span> <span class='ocrx_word' id='word_1_112' title='bbox 489 1425 590 1462; x_wconf 77' lang='lat' dir='ltr'>foras</span> <span class='ocrx_word' id='word_1_113' title='bbox 611 1431 798 1474; x_wconf 87' lang='lat' dir='ltr'>exportet.</span> <span class='ocrx_word' id='word_1_114' title='bbox 859 1424 953 1463; x_wconf 92' lang='lat' dir='ltr'>noui</span> <span class='ocrx_word' id='word_1_115' title='bbox 975 1438 1048 1475; x_wconf 85' lang='lat' dir='ltr'>ego</span> <span class='ocrx_word' id='word_1_116' title='bbox 1069 1425 1275 1464; x_wconf 84' lang='lat' dir='ltr'>hominum</span> <span class='ocrx_word' id='word_1_117' title='bbox 1297 1440 1424 1466; x_wconf 89' lang='lat' dir='ltr'>mores</span> <span class='ocrx_word' id='word_1_118' title='bbox 1439 1442 1451 1476; x_wconf 77' lang='lat'><em>3</em></span> 
     </span>
     <span class='ocr_line' id='line_1_23' title="bbox 290 1488 1310 1541; baseline 0.002 -14"><span class='ocrx_word' id='word_1_119' title='bbox 290 1488 342 1527; x_wconf 84' lang='lat' dir='ltr'>ita</span> <span class='ocrx_word' id='word_1_120' title='bbox 363 1502 469 1527; x_wconf 89' lang='lat' dir='ltr'>nune</span> <span class='ocrx_word' id='word_1_121' title='bbox 488 1490 761 1527; x_wconf 84' lang='lat' dir='ltr'>adulescentes</span> <span class='ocrx_word' id='word_1_122' title='bbox 784 1489 923 1528; x_wconf 80' lang='lat' dir='ltr'>morati</span> <span class='ocrx_word' id='word_1_123' title='bbox 946 1498 1058 1529; x_wconf 90' lang='lat' dir='ltr'>sunt:</span> <span class='ocrx_word' id='word_1_124' title='bbox 1089 1490 1223 1541; x_wconf 87' lang='lat' dir='ltr'>quinei</span> <span class='ocrx_word' id='word_1_125' title='bbox 1243 1499 1310 1530; x_wconf 86' lang='lat' dir='ltr'>aut</span> 
     </span>
     <span class='ocr_line' id='line_1_24' title="bbox 289 1554 1161 1606; baseline 0.002 -14"><span class='ocrx_word' id='word_1_126' title='bbox 289 1554 397 1592; x_wconf 88' lang='lat' dir='ltr'>senei</span> <span class='ocrx_word' id='word_1_127' title='bbox 416 1554 635 1593; x_wconf 85' lang='lat' dir='ltr'>adueniunt</span> <span class='ocrx_word' id='word_1_128' title='bbox 654 1555 705 1593; x_wconf 84' lang='lat' dir='ltr'>ad</span> <span class='ocrx_word' id='word_1_129' title='bbox 727 1562 854 1593; x_wconf 83' lang='lat' dir='ltr'>scorta</span> <span class='ocrx_word' id='word_1_130' title='bbox 875 1568 1136 1606; x_wconf 86' lang='lat' dir='ltr'>congerrones</span> <span class='ocrx_word' id='word_1_131' title='bbox 1151 1571 1161 1604; x_wconf 72' lang='lat'>5</span> 
     </span>
    </p>

    <p class='ocr_par' dir='ltr' id='par_1_14' title="bbox 234 1620 1322 1670">
     <span class='ocr_line' id='line_1_25' title="bbox 234 1620 1322 1670; baseline 0.003 -12"><span class='ocrx_word' id='word_1_132' title='bbox 234 1621 413 1658; x_wconf 87' lang='lat' dir='ltr'>consulta</span> <span class='ocrx_word' id='word_1_133' title='bbox 433 1627 523 1658; x_wconf 89' lang='lat' dir='ltr'>sunt</span> <span class='ocrx_word' id='word_1_134' title='bbox 544 1620 730 1658; x_wconf 85' lang='lat' dir='ltr'>consilia:</span> <span class='ocrx_word' id='word_1_135' title='bbox 761 1622 922 1670; x_wconf 83' lang='lat' dir='ltr'>quando</span> <span class='ocrx_word' id='word_1_136' title='bbox 944 1621 1046 1660; x_wconf 86' lang='lat' dir='ltr'>intro</span> <span class='ocrx_word' id='word_1_137' title='bbox 1065 1623 1322 1670; x_wconf 83' lang='lat' dir='ltr'>aduenerunt‚</span> 
     </span>
    </p>
   </div>
   <div class='ocr_carea' id='block_1_9' title="bbox 180 1724 1511 2368">
    <p class='ocr_par' dir='ltr' id='par_1_15' title="bbox 180 1724 1511 2368">
     <span class='ocr_line' id='line_1_26' title="bbox 224 1724 1508 1767; baseline 0.002 -12"><span class='ocrx_word' id='word_1_138' title='bbox 224 1726 265 1755; x_wconf 90' lang='lat'>86</span> <span class='ocrx_word' id='word_1_139' title='bbox 290 1725 474 1765; x_wconf 87' lang='lat' dir='ltr'>Reperisse</span> <span class='ocrx_word' id='word_1_140' title='bbox 490 1724 553 1756; x_wconf 89' lang='lat' dir='ltr'>cod.</span> <span class='ocrx_word' id='word_1_141' title='bbox 575 1725 619 1763; x_wconf 85' lang='lat' dir='ltr'>(R</span> <span class='ocrx_word' id='word_1_142' title='bbox 639 1730 702 1766; x_wconf 81' lang='lat' dir='ltr'>pro</span> <span class='ocrx_word' id='word_1_143' title='bbox 728 1725 770 1760; x_wconf 59' lang='lat' dir='ltr'>P&gt;</span> <span class='ocrx_word' id='word_1_144' title='bbox 889 1727 929 1766; x_wconf 92' lang='lat'>87</span> <span class='ocrx_word' id='word_1_145' title='bbox 949 1729 1027 1766; x_wconf 85' lang='lat' dir='ltr'>post</span> <span class='ocrx_word' id='word_1_146' title='bbox 1048 1725 1089 1755; x_wconf 88' lang='lat'>88</span> <span class='ocrx_word' id='word_1_147' title='bbox 1113 1725 1214 1757; x_wconf 87' lang='lat' dir='ltr'>colloc.</span> <span class='ocrx_word' id='word_1_148' title='bbox 1230 1724 1357 1757; x_wconf 86' lang='lat' dir='ltr'>-Dousa</span> <span class='ocrx_word' id='word_1_149' title='bbox 1467 1727 1508 1767; x_wconf 88' lang='lat'>87</span> 
     </span>
     <span class='ocr_line' id='line_1_27' title="bbox 181 1768 1510 1810; baseline 0.003 -11"><span class='ocrx_word' id='word_1_150' title='bbox 181 1779 256 1799; x_wconf 88' lang='lat' dir='ltr'>curn</span> <span class='ocrx_word' id='word_1_151' title='bbox 274 1779 350 1800; x_wconf 87' lang='lat' dir='ltr'>esse</span> <span class='ocrx_word' id='word_1_152' title='bbox 366 1768 524 1800; x_wconf 86' lang='lat' dir='ltr'>simulant</span> <span class='ocrx_word' id='word_1_153' title='bbox 541 1768 606 1800; x_wconf 86' lang='lat' dir='ltr'>cod.</span> <span class='ocrx_word' id='word_1_154' title='bbox 623 1781 629 1801; x_wconf 79' lang='lat' dir='ltr'><em>z</em></span> <span class='ocrx_word' id='word_1_155' title='bbox 655 1780 732 1800; x_wconf 86' lang='lat' dir='ltr'>corr.</span> <span class='ocrx_word' id='word_1_156' title='bbox 749 1769 822 1800; x_wconf 82' lang='lat' dir='ltr'>Ital.</span> <span class='ocrx_word' id='word_1_157' title='bbox 895 1779 1036 1809; x_wconf 88' lang='lat' dir='ltr'>puerum</span> <span class='ocrx_word' id='word_1_158' title='bbox 1053 1769 1086 1799; x_wconf 88' lang='grc' dir='ltr'><em>Β</em></span> <span class='ocrx_word' id='word_1_159' title='bbox 1183 1771 1226 1800; x_wconf 91' lang='grc'>88</span> <span class='ocrx_word' id='word_1_160' title='bbox 1251 1780 1394 1809; x_wconf 86' lang='lat' dir='ltr'>peregre</span> <span class='ocrx_word' id='word_1_161' title='bbox 1412 1775 1510 1810; x_wconf 82' lang='lat' dir='ltr'>getur</span> 
     </span>
     <span class='ocr_line' id='line_1_28' title="bbox 180 1812 1509 1853; baseline 0.002 -10"><span class='ocrx_word' id='word_1_162' title='bbox 180 1812 244 1844; x_wconf 87' lang='lat' dir='ltr'>cod.</span> <span class='ocrx_word' id='word_1_163' title='bbox 264 1812 310 1852; x_wconf 86' lang='lat' dir='ltr'>(G</span> <span class='ocrx_word' id='word_1_164' title='bbox 323 1818 384 1853; x_wconf 80' lang='lat' dir='ltr'>pro</span> <span class='ocrx_word' id='word_1_165' title='bbox 401 1813 442 1851; x_wconf 85' lang='lat' dir='ltr'>C)</span> <span class='ocrx_word' id='word_1_166' title='bbox 532 1813 591 1843; x_wconf 69' lang='grc' dir='ltr'>88ει</span> <span class='ocrx_word' id='word_1_167' title='bbox 615 1813 664 1843; x_wconf 91' lang='lat' dir='ltr'>Eo</span> <span class='ocrx_word' id='word_1_168' title='bbox 681 1812 757 1845; x_wconf 83' lang='lat' dir='ltr'><em>Ital.</em></span> <span class='ocrx_word' id='word_1_169' title='bbox 827 1813 948 1853; x_wconf 88' lang='lat' dir='ltr'>opinor</span> <span class='ocrx_word' id='word_1_170' title='bbox 964 1812 1138 1851; x_wconf 79' lang='lat' dir='ltr'>Dombart,</span> <span class='ocrx_word' id='word_1_171' title='bbox 1157 1813 1209 1843; x_wconf 84' lang='lat' dir='ltr'>cui</span> <span class='ocrx_word' id='word_1_172' title='bbox 1230 1815 1333 1853; x_wconf 80' lang='lat' dir='ltr'>‘opus</span> <span class='ocrx_word' id='word_1_173' title='bbox 1350 1819 1402 1845; x_wconf 86' lang='lat' dir='ltr'>est</span> <span class='ocrx_word' id='word_1_174' title='bbox 1419 1815 1509 1846; x_wconf 88' lang='lat' dir='ltr'>illam</span> 
     </span>
     <span class='ocr_line' id='line_1_29' title="bbox 180 1855 1506 1897; baseline 0.002 -10"><span class='ocrx_word' id='word_1_175' title='bbox 180 1866 250 1887; x_wconf 87' lang='lat' dir='ltr'>rem</span> <span class='ocrx_word' id='word_1_176' title='bbox 262 1857 269 1868; x_wconf 82' lang='lat'><em>’</em></span> <span class='ocrx_word' id='word_1_177' title='bbox 284 1856 429 1895; x_wconf 47' lang='lat' dir='ltr'>flNom&#39;us</span> <span class='ocrx_word' id='word_1_178' title='bbox 439 1855 516 1895; x_wconf 78' lang='lat'><strong>482)</strong></span> <span class='ocrx_word' id='word_1_179' title='bbox 534 1855 690 1897; x_wconf 76' lang='lat' dir='ltr'>displicet&#39;</span> <span class='ocrx_word' id='word_1_180' title='bbox 785 1858 827 1897; x_wconf 89' lang='lat'>89</span> <span class='ocrx_word' id='word_1_181' title='bbox 851 1857 901 1888; x_wconf 83' lang='lat' dir='ltr'>vel</span> <span class='ocrx_word' id='word_1_182' title='bbox 922 1867 998 1888; x_wconf 85' lang='lat' dir='ltr'>sese</span> <span class='ocrx_word' id='word_1_183' title='bbox 1073 1867 1148 1887; x_wconf 86' lang='lat' dir='ltr'>arne</span> <span class='ocrx_word' id='word_1_184' title='bbox 1163 1856 1228 1887; x_wconf 80' lang='lat' dir='ltr'>cod.</span> <span class='ocrx_word' id='word_1_185' title='bbox 1244 1857 1268 1895; x_wconf 70' lang='lat'>(2</span> <span class='ocrx_word' id='word_1_186' title='bbox 1282 1862 1340 1895; x_wconf 74' lang='lat' dir='ltr'>pro</span> <span class='ocrx_word' id='word_1_187' title='bbox 1356 1862 1441 1897; x_wconf 65' lang='lat' dir='ltr'>fitne,</span> <span class='ocrx_word' id='word_1_188' title='bbox 1456 1859 1476 1890; x_wconf 80' lang='lat' dir='ltr'>i.</span> <span class='ocrx_word' id='word_1_189' title='bbox 1483 1869 1506 1890; x_wconf 85' lang='lat' dir='ltr'>e.</span> 
     </span>
     <span class='ocr_line' id='line_1_30' title="bbox 180 1899 1508 1943; baseline 0 -12"><span class='ocrx_word' id='word_1_190' title='bbox 180 1911 223 1931; x_wconf 89' lang='lat' dir='ltr'>an</span> <span class='ocrx_word' id='word_1_191' title='bbox 241 1901 308 1939; x_wconf 79' lang='lat' dir='ltr'>me)</span> <span class='ocrx_word' id='word_1_192' title='bbox 399 1910 438 1940; x_wconf 85' lang='lat'>91</span> <span class='ocrx_word' id='word_1_193' title='bbox 458 1900 582 1931; x_wconf 87' lang='lat' dir='ltr'>adueni</span> <span class='ocrx_word' id='word_1_194' title='bbox 601 1900 743 1941; x_wconf 84' lang='lat' dir='ltr'>Gepperl,</span> <span class='ocrx_word' id='word_1_195' title='bbox 757 1899 930 1931; x_wconf 81' lang='lat' dir='ltr'>Mikkelsen</span> <span class='ocrx_word' id='word_1_196' title='bbox 947 1900 1063 1941; x_wconf 81' lang='lat' dir='ltr'>(Nord.</span> <span class='ocrx_word' id='word_1_197' title='bbox 1083 1900 1209 1933; x_wconf 78' lang='lat' dir='ltr'>Tt&#39;dskr.</span> <span class='ocrx_word' id='word_1_198' title='bbox 1221 1900 1280 1932; x_wconf 82' lang='lat' dir='ltr'>Fil.</span> <span class='ocrx_word' id='word_1_199' title='bbox 1297 1901 1390 1940; x_wconf 88' lang='lat'><strong>1897,</strong></span> <span class='ocrx_word' id='word_1_200' title='bbox 1404 1912 1435 1942; x_wconf 84' lang='lat' dir='ltr'>p.</span> <span class='ocrx_word' id='word_1_201' title='bbox 1451 1902 1508 1943; x_wconf 90' lang='lat'>97)</span> 
     </span>
     <span class='ocr_line' id='line_1_31' title="bbox 180 1943 1508 1985; baseline 0.002 -12"><span class='ocrx_word' id='word_1_202' title='bbox 180 1954 223 1984; x_wconf 89' lang='lat'>92</span> <span class='ocrx_word' id='word_1_203' title='bbox 239 1954 303 1983; x_wconf 89' lang='lat' dir='ltr'>quo</span> <span class='ocrx_word' id='word_1_204' title='bbox 319 1943 396 1974; x_wconf 87' lang='lat' dir='ltr'>hinc</span> <span class='ocrx_word' id='word_1_205' title='bbox 412 1943 536 1975; x_wconf 77' lang='lat' dir='ltr'>Bothe:</span> <span class='ocrx_word' id='word_1_206' title='bbox 560 1944 638 1974; x_wconf 88' lang='lat' dir='ltr'>hinc</span> <span class='ocrx_word' id='word_1_207' title='bbox 656 1944 745 1984; x_wconf 89' lang='lat' dir='ltr'>quod</span> <span class='ocrx_word' id='word_1_208' title='bbox 766 1944 830 1976; x_wconf 85' lang='lat' dir='ltr'>cod.</span> <span class='ocrx_word' id='word_1_209' title='bbox 845 1944 896 1985; x_wconf 74' lang='lat' dir='ltr'>(cfl</span> <span class='ocrx_word' id='word_1_210' title='bbox 916 1943 964 1975; x_wconf 92' lang='lat' dir='ltr'>ad</span> <span class='ocrx_word' id='word_1_211' title='bbox 977 1944 1064 1975; x_wconf 77' lang='lat' dir='ltr'>Trin.</span> <span class='ocrx_word' id='word_1_212' title='bbox 1077 1945 1158 1984; x_wconf 86' lang='lat'>628)</span> <span class='ocrx_word' id='word_1_213' title='bbox 1245 1964 1247 1967; x_wconf 92' lang='lat'><em>-</em></span> <span class='ocrx_word' id='word_1_214' title='bbox 1285 1955 1327 1984; x_wconf 85' lang='lat'>93</span> <span class='ocrx_word' id='word_1_215' title='bbox 1351 1946 1411 1976; x_wconf 87' lang='lat' dir='ltr'>sed</span> <span class='ocrx_word' id='word_1_216' title='bbox 1426 1946 1508 1976; x_wconf 89' lang='lat' dir='ltr'>haec</span> 
     </span>
     <span class='ocr_line' id='line_1_32' title="bbox 180 1987 1511 2029; baseline 0.002 -12"><span class='ocrx_word' id='word_1_217' title='bbox 180 1987 300 2027; x_wconf 87' lang='lat' dir='ltr'>quibus</span> <span class='ocrx_word' id='word_1_218' title='bbox 318 1987 361 2017; x_wconf 51' lang='lat' dir='ltr'>‘B</span> <span class='ocrx_word' id='word_1_219' title='bbox 375 1992 434 2027; x_wconf 84' lang='lat' dir='ltr'>pro</span> <span class='ocrx_word' id='word_1_220' title='bbox 451 1987 497 2027; x_wconf 79' lang='lat' dir='ltr'>D&gt;</span> <span class='ocrx_word' id='word_1_221' title='bbox 516 1987 635 2018; x_wconf 86' lang='lat' dir='ltr'>melius</span> <span class='ocrx_word' id='word_1_222' title='bbox 653 1988 731 2028; x_wconf 81' lang='lat' dir='ltr'>(pro</span> <span class='ocrx_word' id='word_1_223' title='bbox 747 1998 791 2018; x_wconf 90' lang='lat' dir='ltr'>-rn</span> <span class='ocrx_word' id='word_1_224' title='bbox 810 1988 909 2027; x_wconf 87' lang='lat' dir='ltr'>eiius)</span> <span class='ocrx_word' id='word_1_225' title='bbox 929 1992 981 2019; x_wconf 85' lang='lat' dir='ltr'>est</span> <span class='ocrx_word' id='word_1_226' title='bbox 998 1999 1026 2019; x_wconf 86' lang='lat' dir='ltr'>a.</span> <span class='ocrx_word' id='word_1_227' title='bbox 1045 1992 1097 2018; x_wconf 88' lang='lat' dir='ltr'>est</span> <span class='ocrx_word' id='word_1_228' title='bbox 1114 1999 1142 2020; x_wconf 90' lang='lat' dir='ltr'>a.</span> <span class='ocrx_word' id='word_1_229' title='bbox 1163 1987 1228 2019; x_wconf 88' lang='lat' dir='ltr'>cod.</span> <span class='ocrx_word' id='word_1_230' title='bbox 1246 1999 1253 2019; x_wconf 88' lang='lat'>:</span> <span class='ocrx_word' id='word_1_231' title='bbox 1278 1999 1354 2019; x_wconf 87' lang='lat' dir='ltr'>corr.</span> <span class='ocrx_word' id='word_1_232' title='bbox 1375 1988 1511 2029; x_wconf 63' lang='lat' dir='ltr'>Seyffi’rt</span> 
     </span>
     <span class='ocr_line' id='line_1_33' title="bbox 181 2030 1511 2073; baseline 0.002 -12"><span class='ocrx_word' id='word_1_233' title='bbox 181 2031 230 2061; x_wconf 84' lang='lat' dir='ltr'>vel</span> <span class='ocrx_word' id='word_1_234' title='bbox 243 2030 477 2070; x_wconf 82' lang='lat' dir='ltr'>Astaphiumst</span> <span class='ocrx_word' id='word_1_235' title='bbox 620 2041 662 2070; x_wconf 90' lang='lat'>94</span> <span class='ocrx_word' id='word_1_236' title='bbox 686 2042 712 2062; x_wconf 92' lang='lat' dir='ltr'>c.</span> <span class='ocrx_word' id='word_1_237' title='bbox 732 2041 772 2062; x_wconf 87' lang='lat' dir='ltr'>ea</span> <span class='ocrx_word' id='word_1_238' title='bbox 787 2031 882 2063; x_wconf 56' lang='grc' dir='ltr'>Παίς</span> <span class='ocrx_word' id='word_1_239' title='bbox 909 2042 937 2063; x_wconf 95' lang='lat' dir='ltr'>c.</span> <span class='ocrx_word' id='word_1_240' title='bbox 961 2042 1044 2071; x_wconf 85' lang='lat' dir='ltr'>ergo</span> <span class='ocrx_word' id='word_1_241' title='bbox 1065 2032 1152 2063; x_wconf 89' lang='lat' dir='ltr'>cod.:</span> <span class='ocrx_word' id='word_1_242' title='bbox 1177 2042 1248 2062; x_wconf 90' lang='lat' dir='ltr'>eam</span> <span class='ocrx_word' id='word_1_243' title='bbox 1273 2042 1354 2072; x_wconf 84' lang='lat' dir='ltr'>erga</span> <span class='ocrx_word' id='word_1_244' title='bbox 1378 2033 1511 2073; x_wconf 66' lang='lat' dir='ltr'>Seyffert</span> 
     </span>
     <span class='ocr_line' id='line_1_34' title="bbox 180 2073 1508 2114; baseline 0.002 -10"><span class='ocrx_word' id='word_1_245' title='bbox 180 2076 268 2114; x_wconf 87' lang='lat'>95-8</span> <span class='ocrx_word' id='word_1_246' title='bbox 301 2074 406 2114; x_wconf 80' lang='lat' dir='ltr'>adfert</span> <span class='ocrx_word' id='word_1_247' title='bbox 431 2073 624 2105; x_wconf 78' lang='lat' dir='ltr'>Priscianus</span> <span class='ocrx_word' id='word_1_248' title='bbox 655 2074 691 2105; x_wconf 82' lang='lat' dir='ltr'>de</span> <span class='ocrx_word' id='word_1_249' title='bbox 720 2079 810 2106; x_wconf 82' lang='lat' dir='ltr'>metr.</span> <span class='ocrx_word' id='word_1_250' title='bbox 845 2075 965 2107; x_wconf 78' lang='lat' dir='ltr'>Terent.</span> <span class='ocrx_word' id='word_1_251' title='bbox 996 2076 1045 2112; x_wconf 82' lang='lat'>18,</span> <span class='ocrx_word' id='word_1_252' title='bbox 1080 2074 1244 2106; x_wconf 78' lang='lat' dir='ltr'>Plautum</span> <span class='ocrx_word' id='word_1_253' title='bbox 1272 2076 1381 2106; x_wconf 89' lang='lat' dir='ltr'>eodem</span> <span class='ocrx_word' id='word_1_254' title='bbox 1406 2080 1508 2107; x_wconf 84' lang='lat' dir='ltr'>metro</span> 
     </span>
     <span class='ocr_line' id='line_1_35' title="bbox 183 2117 1508 2158; baseline 0.002 -10"><span class='ocrx_word' id='word_1_255' title='bbox 183 2129 283 2149; x_wconf 85' lang='lat' dir='ltr'>usum</span> <span class='ocrx_word' id='word_1_256' title='bbox 299 2129 364 2148; x_wconf 86' lang='lat' dir='ltr'>esse</span> <span class='ocrx_word' id='word_1_257' title='bbox 378 2117 482 2148; x_wconf 83' lang='lat' dir='ltr'>dicens</span> <span class='ocrx_word' id='word_1_258' title='bbox 497 2128 562 2157; x_wconf 87' lang='lat' dir='ltr'>quo</span> <span class='ocrx_word' id='word_1_259' title='bbox 578 2128 660 2148; x_wconf 87' lang='lat' dir='ltr'>usus</span> <span class='ocrx_word' id='word_1_260' title='bbox 674 2118 717 2149; x_wconf 83' lang='lat' dir='ltr'>sit</span> <span class='ocrx_word' id='word_1_261' title='bbox 736 2118 901 2149; x_wconf 80' lang='lat' dir='ltr'>Terentius</span> <span class='ocrx_word' id='word_1_262' title='bbox 924 2119 958 2149; x_wconf 79' lang='lat' dir='ltr'>in</span> <span class='ocrx_word' id='word_1_263' title='bbox 983 2118 1119 2149; x_wconf 79' lang='lat' dir='ltr'>Andria</span> <span class='ocrx_word' id='word_1_264' title='bbox 1141 2119 1200 2158; x_wconf 80' lang='lat' dir='ltr'>(iii.</span> <span class='ocrx_word' id='word_1_265' title='bbox 1229 2120 1274 2157; x_wconf 68' lang='lat'>2),</span> <span class='ocrx_word' id='word_1_266' title='bbox 1294 2119 1405 2150; x_wconf 79' lang='lat' dir='ltr'>scilicet</span> <span class='ocrx_word' id='word_1_267' title='bbox 1425 2122 1508 2151; x_wconf 77' lang='lat' dir='ltr'>‘tro-</span> 
     </span>
     <span class='ocr_line' id='line_1_36' title="bbox 181 2161 1507 2202; baseline 0.002 -11"><span class='ocrx_word' id='word_1_268' title='bbox 181 2162 286 2192; x_wconf 77' lang='lat' dir='ltr'>chaico</span> <span class='ocrx_word' id='word_1_269' title='bbox 303 2162 404 2192; x_wconf 61' lang='lat' dir='ltr'>mitto</span> <span class='ocrx_word' id='word_1_270' title='bbox 414 2161 462 2192; x_wconf 82' lang='lat' dir='ltr'>vel</span> <span class='ocrx_word' id='word_1_271' title='bbox 476 2162 608 2201; x_wconf 87' lang='lat' dir='ltr'>confuso</span> <span class='ocrx_word' id='word_1_272' title='bbox 624 2173 699 2192; x_wconf 87' lang='lat' dir='ltr'>cum</span> <span class='ocrx_word' id='word_1_273' title='bbox 715 2162 870 2193; x_wconf 81' lang='lat' dir='ltr'>iambt&#39;co’</span> <span class='ocrx_word' id='word_1_274' title='bbox 960 2172 1002 2202; x_wconf 81' lang='lat'>95</span> <span class='ocrx_word' id='word_1_275' title='bbox 1026 2163 1206 2193; x_wconf 84' lang='lat' dir='ltr'>adseruate</span> <span class='ocrx_word' id='word_1_276' title='bbox 1219 2162 1307 2194; x_wconf 87' lang='lat' dir='ltr'>codd.</span> <span class='ocrx_word' id='word_1_277' title='bbox 1323 2162 1487 2193; x_wconf 80' lang='lat' dir='ltr'>Prisciani</span> <span class='ocrx_word' id='word_1_278' title='bbox 1501 2175 1507 2193; x_wconf 93' lang='lat'>:</span> 
     </span>
     <span class='ocr_line' id='line_1_37' title="bbox 182 2205 1505 2245; baseline 0.002 -10"><span class='ocrx_word' id='word_1_279' title='bbox 182 2206 344 2236; x_wconf 87' lang='lat' dir='ltr'>adseruas</span> <span class='ocrx_word' id='word_1_280' title='bbox 371 2205 435 2236; x_wconf 87' lang='lat' dir='ltr'>cod.</span> <span class='ocrx_word' id='word_1_281' title='bbox 571 2207 613 2245; x_wconf 89' lang='lat'>96</span> <span class='ocrx_word' id='word_1_282' title='bbox 637 2206 738 2245; x_wconf 88' lang='lat' dir='ltr'>nequi</span> <span class='ocrx_word' id='word_1_283' title='bbox 765 2206 942 2237; x_wconf 82' lang='lat' dir='ltr'>Hermann</span> <span class='ocrx_word' id='word_1_284' title='bbox 1050 2207 1148 2236; x_wconf 86' lang='lat' dir='ltr'>abeat</span> <span class='ocrx_word' id='word_1_285' title='bbox 1173 2206 1256 2245; x_wconf 82' lang='lat' dir='ltr'>FCD,</span> <span class='ocrx_word' id='word_1_286' title='bbox 1285 2205 1372 2238; x_wconf 86' lang='lat' dir='ltr'>codd.</span> <span class='ocrx_word' id='word_1_287' title='bbox 1403 2206 1505 2238; x_wconf 80' lang='lat' dir='ltr'>Prisc.</span> 
     </span>
     <span class='ocr_line' id='line_1_38' title="bbox 181 2248 1508 2289; baseline 0.001 -10"><span class='ocrx_word' id='word_1_288' title='bbox 181 2259 246 2288; x_wconf 88' lang='lat' dir='ltr'>qua</span> <span class='ocrx_word' id='word_1_289' title='bbox 263 2248 295 2278; x_wconf 89' lang='grc' dir='ltr'><em>Β</em></span> <span class='ocrx_word' id='word_1_290' title='bbox 423 2259 465 2288; x_wconf 89' lang='grc'>97</span> <span class='ocrx_word' id='word_1_291' title='bbox 490 2249 565 2288; x_wconf 86' lang='lat' dir='ltr'>quis</span> <span class='ocrx_word' id='word_1_292' title='bbox 583 2248 671 2280; x_wconf 81' lang='lat' dir='ltr'>codd.</span> <span class='ocrx_word' id='word_1_293' title='bbox 688 2248 789 2281; x_wconf 66' lang='lat' dir='ltr'>Prisc.</span> <span class='ocrx_word' id='word_1_294' title='bbox 921 2250 1028 2279; x_wconf 89' lang='lat' dir='ltr'>intero</span> <span class='ocrx_word' id='word_1_295' title='bbox 1044 2248 1169 2280; x_wconf 79' lang='lat' dir='ltr'>Schoell</span> <span class='ocrx_word' id='word_1_296' title='bbox 1285 2249 1327 2289; x_wconf 94' lang='lat'>98</span> <span class='ocrx_word' id='word_1_297' title='bbox 1350 2254 1508 2289; x_wconf 87' lang='lat' dir='ltr'>exportet</span> 
     </span>
     <span class='ocr_line' id='line_1_39' title="bbox 180 2291 1506 2334; baseline 0.002 -12"><span class='ocrx_word' id='word_1_298' title='bbox 180 2291 267 2323; x_wconf 89' lang='lat' dir='ltr'>codd.</span> <span class='ocrx_word' id='word_1_299' title='bbox 286 2292 389 2323; x_wconf 76' lang='lat' dir='ltr'>Prisc.</span> <span class='ocrx_word' id='word_1_300' title='bbox 407 2303 414 2322; x_wconf 89' lang='lat'>:</span> <span class='ocrx_word' id='word_1_301' title='bbox 450 2297 585 2324; x_wconf 87' lang='lat' dir='ltr'>exortet</span> <span class='ocrx_word' id='word_1_302' title='bbox 601 2291 665 2323; x_wconf 86' lang='lat' dir='ltr'>cod.</span> <span class='ocrx_word' id='word_1_303' title='bbox 802 2302 864 2324; x_wconf 87' lang='lat'>100</span> <span class='ocrx_word' id='word_1_304' title='bbox 887 2292 959 2324; x_wconf 87' lang='lat' dir='ltr'>seni</span> <span class='ocrx_word' id='word_1_305' title='bbox 978 2292 1076 2334; x_wconf 71' lang='lat' dir='ltr'>(mei)</span> <span class='ocrx_word' id='word_1_306' title='bbox 1092 2292 1288 2324; x_wconf 81' lang='lat' dir='ltr'>Schneider:</span> <span class='ocrx_word' id='word_1_307' title='bbox 1320 2303 1422 2324; x_wconf 89' lang='lat' dir='ltr'>senec</span> <span class='ocrx_word' id='word_1_308' title='bbox 1440 2293 1506 2325; x_wconf 90' lang='lat' dir='ltr'>cod.</span> 
     </span>
     <span class='ocr_line' id='line_1_40' title="bbox 183 2334 870 2368; baseline 0.001 -3"><span class='ocrx_word' id='word_1_309' title='bbox 183 2345 239 2366; x_wconf 89' lang='lat'>101</span> <span class='ocrx_word' id='word_1_310' title='bbox 266 2334 409 2367; x_wconf 85' lang='lat' dir='ltr'>consilio</span> <span class='ocrx_word' id='word_1_311' title='bbox 425 2335 512 2368; x_wconf 87' lang='lat' dir='ltr'>codd.</span> <span class='ocrx_word' id='word_1_312' title='bbox 530 2347 536 2366; x_wconf 90' lang='lat'>:</span> <span class='ocrx_word' id='word_1_313' title='bbox 561 2345 638 2368; x_wconf 68' lang='lat' dir='ltr'>cort.</span> <span class='ocrx_word' id='word_1_314' title='bbox 660 2335 870 2368; x_wconf 73' lang='lat' dir='ltr'>Camerarius</span> 
     </span>
    </p>
   </div>
   <div class='ocr_carea' id='block_1_10' title="bbox 1533 458 1574 493">
    <p class='ocr_par' dir='ltr' id='par_1_16' title="bbox 1533 458 1574 493">
     <span class='ocr_line' id='line_1_41' title="bbox 1533 458 1574 493; baseline 0 -9"><span class='ocrx_word' id='word_1_315' title='bbox 1533 458 1574 493; x_wconf 77' lang='lat'>70</span> 
     </span>
    </p>
   </div>
   <div class='ocr_carea' id='block_1_11' title="bbox 1534 786 1572 821">
    <p class='ocr_par' dir='ltr' id='par_1_17' title="bbox 1534 786 1572 821">
     <span class='ocr_line' id='line_1_42' title="bbox 1534 786 1572 821; baseline -0.026 0"><span class='ocrx_word' id='word_1_316' title='bbox 1534 786 1572 821; x_wconf 85' lang='lat'>75</span> 
     </span>
    </p>
   </div>
   <div class='ocr_carea' id='block_1_12' title="bbox 1532 1127 1563 1165">
    <p class='ocr_par' dir='ltr' id='par_1_18' title="bbox 1532 1127 1563 1165">
     <span class='ocr_line' id='line_1_43' title="bbox 1532 1127 1563 1165; baseline 0.032 -1"><span class='ocrx_word' id='word_1_317' title='bbox 1532 1127 1563 1165; x_wconf 91' lang='lat' dir='ltr'>ii</span> 
     </span>
    </p>
   </div>
  </div>
 </body>
</html>
