1783 2707
169 139 222 176 11.

189 326 226 346 20

202 1690 240 1721 35

244 137 272 174 ii
662 132 708 168 T.
742 129 922 168 MACCI
954 126 1159 165 PLAVTI

246 243 484 293 mancupion
507 240 573 291 qui
594 238 773 289 accipias,
797 244 923 288 gestas
944 243 1075 274 tecum
1095 234 1245 272 ahenos
1266 232 1436 269 anulos?

246 310 386 360 pignus
407 309 457 346 da
478 306 517 344 ni
538 306 689 355 ligneae
718 305 814 341 haec
836 302 912 339 sint
933 314 1030 350 quas
1062 299 1185 337 habes
1206 296 1409 335 Victorias.
1594 303 1658 339 275

248 377 315 412 AS.
348 386 397 411 ne
427 371 564 420 attigas
595 383 671 407 me.
728 369 803 404 TR.
837 379 937 416 egon
967 372 1005 403 te
1034 364 1223 413 tangam?
1254 363 1307 400 ita
1336 375 1399 399 me
1429 358 1576 397 amabit

1369 414 1575 470 sarculum,

248 512 289 543 ut
311 517 383 554 ego
404 515 466 540 me
488 500 564 538 ruri
583 497 795 548 amplexari
816 494 1001 534 mauelim
1022 494 1197 543 patulam
1217 492 1363 530 bouem

248 581 419 618 cumque
441 580 486 605 ea
506 573 664 604 noctem
687 563 726 601 in
748 560 969 600 stramentis
989 567 1219 610 pernoctare
1240 555 1432 607 perpetim

249 647 367 684 quam
389 640 474 670 tuas
496 637 656 669 centum
678 635 835 666 cenatas
855 632 992 664 noctes
1015 622 1110 661 mihi
1132 624 1239 661 dono
1260 620 1354 660 dari.

250 713 312 737 rus
335 706 375 736 tu
398 697 451 735 mi
472 695 717 746 opprobras?
746 700 788 730 ut
812 698 956 729 nancta
981 703 1022 728 es
1052 687 1255 727 hominem
1285 700 1404 737 quem
1434 686 1580 736 pudeat
1599 686 1667 720 280

1424 749 1555 800 probri
1573 753 1579 787 1

253 831 322 869 sed
343 828 439 879 quid
460 827 566 878 apud
587 832 738 864 nostras
760 821 906 873 negoti,
927 820 1074 867 mulier,
1099 826 1157 858 est
1176 817 1284 857 aedis
1305 816 1408 854 tibi?

253 895 349 946 quid
392 902 434 932 tu
479 894 555 930 hoc
601 902 794 936 occursas,
835 887 875 926 in
919 886 1057 924 urbem
1096 883 1482 935 quotiensquomque
1521 881 1585 918 ad-

1372 945 1553 984 uenimus
1570 946 1586 983 ?

255 1029 324 1064 As.
356 1023 537 1063 mulieres
560 1023 652 1060 uolo
675 1018 887 1058 conuenire
908 1024 1070 1056 nostras.
1129 1016 1205 1052 TR.
1229 1026 1326 1064 quas
1347 1019 1388 1050 tu
1406 1010 1585 1049 mulieres

255 1090 351 1130 mihi
372 1102 513 1135 narras,
537 1087 605 1125 ubi
626 1098 762 1124 musca
782 1085 889 1122 nulla
908 1081 1090 1120 feminast
1110 1079 1149 1119 in
1176 1079 1372 1118 aedibus?

257 1159 324 1194 As.
357 1156 492 1193 nullan
527 1152 613 1191 istic
645 1149 783 1188 mulier
814 1147 995 1186 habitat?
1065 1147 1140 1183 TR.
1173 1158 1246 1191 rus,
1279 1143 1452 1193 inquam,
1484 1139 1586 1178 abie-
1605 1144 1668 1190 285

1352 1214 1450 1245 runt.
1510 1204 1585 1243 abi.

258 1288 326 1325 AS.
360 1284 456 1335 quid
495 1285 650 1328 clamas,
689 1280 858 1318 insane?
933 1279 1008 1315 TR.
1045 1274 1152 1314 abire
1196 1274 1289 1312 hinc
1327 1272 1367 1310 ni
1405 1283 1590 1322 properas

1298 1337 1435 1388 grandi
1454 1337 1588 1387 gradu,

258 1417 336 1456 iarn
352 1416 482 1454 hercle
499 1427 571 1464 ego
587 1412 682 1451 istos
700 1412 822 1457 fictos,
839 1406 1092 1458 compositos,
1109 1404 1256 1454 crispos
1271 1402 1475 1442 cincinnos
1489 1409 1588 1448 tuos,

259 1488 522 1532 unguentatos
562 1491 687 1528 usque
734 1490 780 1514 ex
823 1473 983 1513 cerebro
1027 1472 1231 1510 exuellam.
1306 1471 1374 1507 As.
1420 1480 1591 1518 quanam

1442 1532 1564 1583 gratia
1578 1533 1595 1570 ?

261 1616 337 1651 TR.
370 1611 461 1662 quia
481 1611 531 1649 ad
553 1611 654 1647 fores
676 1614 828 1645 nostras
849 1602 1058 1654 unguentis
1079 1608 1198 1640 uncta
1218 1614 1259 1639 es
1279 1613 1373 1638 ausa
1392 1599 1580 1637 accedere

262 1678 432 1729 quiaque
454 1676 640 1714 bucculas
662 1681 741 1711 tam
764 1672 866 1710 belle
886 1668 1169 1720 purpurissatas
1189 1667 1321 1704 habes.
1612 1673 1682 1708 290

308 1793 371 1821 274
395 1781 607 1821 mancupium
625 1779 658 1809 P
747 1782 843 1817 gesta
859 1776 893 1806 P
978 1775 1087 1805 henos
1104 1782 1210 1804 anuos
1226 1772 1257 1803 Ρ
1387 1779 1449 1809 275
1474 1769 1596 1808 dignus

266 1827 346 1858 dant
363 1825 487 1856 lauinie
507 1825 604 1863 *IN-iae)
618 1822 651 1853 P
729 1822 793 1852 hae
820 1821 888 1851 sint
905 1819 936 1849 A
956 1831 963 1850 ι
988 1819 1042 1849 hic
1061 1822 1139 1849 sunt
1155 1816 1188 1846 P
1260 1815 1322 1854 276
1339 1813 1519 1855 attinga(s)
1537 1813 1569 1842 A
1591 1824 1597 1843 :

265 1871 383 1901 atticas
399 1868 432 1899 P
519 1868 709 1907 (eg'uoint‘e
729 1865 760 1895 A
779 1876 784 1895 :
812 1876 877 1895 om.
898 1863 930 1894 Ρ
1038 1873 1100 1901 277
1126 1871 1179 1891 me
1197 1859 1320 1890 ruriam
1343 1867 1480 1887 exarma
1497 1866 1595 1887 ueum

267 1914 416 1953 patulum
433 1912 548 1943 uoueri
569 1911 600 1941 P
704 1911 766 1949 278
792 1909 847 1949 ea]
868 1908 913 1938 ita
930 1907 963 1937 P
980 1906 1054 1946 (pro
1071 1905 1125 1935 illa
1137 1906 1160 1940 3)
1261 1902 1429 1942 perpetim
1446 1905 1548 1931 totam
1560 1899 1594 1929 A

269 1958 324 1997 (iv.
345 1958 380 1996 2)
471 1966 535 1994 279
559 1954 645 1995 dari]
666 1953 752 1993 patri
777 1953 809 1983 P
825 1952 868 1990 (P
885 1956 947 1991 pro
974 1950 1016 1985 D)
1108 1948 1172 1978 280
1196 1952 1323 1977 rustum
1350 1945 1483 1975 iodbras
1498 1943 1532 1974 P
1548 1943 1594 1980 (D

265 2006 324 2040 pro
341 2010 401 2040 pro
418 2005 475 2040 per
490 1998 654 2038 compend.
682 1997 813 2036 scripto)
928 2004 965 2024 es
988 1994 1060 2024 Ital.
1078 2004 1085 2023 t
1110 1991 1205 2023 estA
1221 2003 1228 2022 ε
1253 2000 1330 2020 esse
1348 1988 1381 2019 Ρ
1531 1988 1592 2018 281

267 2044 371 2084 apud]
390 2045 430 2074 ad
445 2043 478 2072 A
613 2043 676 2072 282
701 2049 859 2071 occurras
878 2038 908 2068 P
1017 2039 1080 2075 283
1105 2034 1289 2066 conuenire
1306 2034 1383 2064 uolo
1399 2034 1432 2064 P
1531 2033 1594 2070 285

267 2087 390 2118 nullam
412 2088 484 2124 (-an
497 2089 522 2118 ’,Μ
550 2086 647 2116 istinc
666 2095 708 2116 m.
728 2084 776 2114 P:
806 2083 919 2113 nullan
938 2092 980 2113 m.
1000 2081 1073 2112 istic
1090 2080 1123 2110 A
1241 2078 1396 2109 abierunt
1413 2078 1547 2116 inquam
1561 2075 1593 2105 A

269 2131 347 2171 pabi
365 2130 397 2160 P
497 2131 561 2160 286
588 2139 732 2169 propera
752 2127 784 2157 Ρ
871 2136 950 2165 gras
966 2125 997 2155 Ρ
1015 2128 1086 2164 (pro
1103 2128 1170 2162 gra,
1190 2124 1209 2154 z'.
1230 2134 1252 2154 e.
1273 2123 1377 2161 gradu
1395 2133 1401 2161 ;
1426 2121 1462 2161 tf
1483 2121 1597 2150 Amer.

265 2174 389 2213 Journ.
417 2175 502 2205 Plzz'l.
535 2183 584 2212 17,
612 2173 691 2211 443)
842 2171 903 2208 287
930 2169 1043 2199 hercle
1070 2178 1135 2198 om.
1164 2165 1197 2196 P
1296 2166 1379 2196 istoc
1404 2164 1521 2196 P(vix
1539 2168 1599 2203 pro

271 2219 387 2257 istosc)
486 2218 549 2247 288
574 2218 790 2247 uniuentatos
810 2213 843 2243 P
952 2212 1119 2251 expellam
1140 2210 1173 2240 P
1265 2210 1390 2249 gratias
1407 2208 1501 2238 PCD:
1524 2211 1598 2245 grat

271 2261 303 2291 Β
322 2264 393 2302 (pro
417 2262 526 2300 gratia
546 2266 605 2300 per
627 2257 790 2299 compend.
815 2258 945 2296 scrz'pto}
1082 2255 1144 2293 289
1168 2253 1288 2294 ad[eo]
1308 2253 1399 2283 foras
1423 2251 1455 2282 P
1477 2251 1534 2292 (iv.
1560 2251 1594 2289 3)

271 2310 420 2345 unguant
446 2305 558 2335 iuncta
581 2314 657 2334 esse
682 2303 788 2333 audes
805 2300 945 2339 (conflat.
973 2309 1011 2330 ex
1035 2308 1072 2329 es
1095 2307 1177 2328 ausa
1193 2300 1221 2326 et
1235 2297 1375 2337 aude53)
1393 2294 1428 2325 P
1534 2304 1598 2333 290

271 2349 444 2390 bucculas]
465 2349 545 2379 istas
562 2348 685 2378 buccas
709 2346 741 2376 Ρ
827 2344 983 2384 purporis
1000 2343 1082 2373 satis
1099 2341 1242 2372 habeost
1258 2339 1291 2370 P
