1783 2707
156 126 225 163 IV,

188 383 225 404 10

196 1425 235 1446 20

211 1846 240 1883 ii

248 125 263 161 1
662 122 707 158 T.
743 102 922 158 MAc'ci
954 119 1157 156 PLAVTI

246 243 364 285 atque
395 236 496 272 lianc
527 241 633 271 tuam
664 230 825 281 gloriam
858 230 933 268 iam
964 236 1055 267 ante
1085 228 1242 266 auribus
1272 240 1499 276 acceperam
1536 233 1572 264 et

1063 293 1232 331 nobilest
1253 293 1358 342 apud
1380 290 1576 337 homines,

246 363 484 414 pauperibus
498 371 536 401 te
550 375 707 413 parcere
723 360 893 406 solitum,
909 358 1051 397 diuites
1069 359 1256 396 damnare
1269 364 1386 406 atque
1400 357 1574 394 domare.

245 430 322 476 abi,
345 430 475 475 laudo,
499 427 573 466 scis
601 426 738 465 ordine
769 433 810 463 ut
840 430 1047 474 aequomst
1078 429 1240 460 tractare
1265 420 1470 468 homines3
1499 421 1574 457 hoc
1594 422 1663 465 830

1280 486 1339 539 dis
1361 485 1570 535 dignumst.

409 572 563 609 semper
585 556 776 595 mendicis
800 553 967 593 modesti
990 553 1077 591 sint.

247 627 340 665 fidu'
367 624 495 663 fuisti:
527 624 692 661 infidum
722 635 806 660 csse
834 621 999 667 iterant3
1029 632 1118 657 nam
1147 631 1296 669 apsque
1323 619 1419 655 foret
1447 624 1495 663 te,
1520 624 1576 654 sat

1336 682 1417 719 scio
1439 681 1476 718 in
1498 683 1577 719 alto

250 756 516 795 (listraxissent
537 754 677 803 disque
699 751 877 790 tulissent
895 751 1078 788 satellites
1100 748 1155 787 tui
1173 762 1235 786 me
1257 747 1440 785 miserum
1462 747 1578 784 foede

250 823 435 871 bonaque
474 819 607 857 omnia
645 818 738 856 item
779 830 855 855 una
896 828 1050 854 mecum
1090 813 1234 864 passim
1274 813 1473 850 caeruleos
1511 824 1579 861 per

1394 889 1578 927 campos:

254 953 304 991 ita
325 952 400 990 iam
419 951 528 1001 quasi
546 962 673 995 canes,
690 950 767 986 hau
789 947 902 993 secu',
922 944 1225 984 circumstabant
1246 955 1389 981 nauem
1406 940 1579 980 turbines
1599 945 1664 990 835
1707 947 1715 952 ”

1459 1005 1577 1052 uenti,

254 1083 396 1120 imbres
419 1083 641 1130 fluctusque
661 1087 779 1128 atque
806 1076 1000 1128 procellae
1025 1076 1199 1114 infensae
1225 1076 1400 1123 frangere
1421 1074 1580 1117 malum,

253 1162 362 1185 ruere
396 1154 613 1191 antemnas
650 1143 829 1182 scindere
868 1142 965 1188 uela,
996 1141 1033 1178 ni
1074 1148 1140 1179 tua
1177 1153 1251 1190 pax
1285 1137 1451 1190 propitia
1485 1138 1582 1174 foret

1414 1209 1579 1253 praestO.

254 1291 377 1328 apage
407 1291 429 1315 a
460 1290 522 1314 me
553 1276 619 1322 sis,
639 1274 783 1313 debinc
815 1273 891 1312 iam
921 1278 1107 1311 certumst
1138 1270 1219 1309 otio
1248 1271 1341 1308 dare
1372 1282 1458 1315 me3
1501 1266 1583 1304 sati’

1280 1341 1434 1384 partum
1455 1332 1584 1371 habeo

255 1408 398 1459 quibus
419 1406 616 1445 aerumnis
637 1403 846 1451 deluctaui‚
871 1402 951 1441 filio
972 1404 1067 1441 dum
1089 1400 1245 1440 diuitias
1267 1412 1423 1449 quaero.

418 1474 487 1510 sed
509 1471 595 1522 quis
617 1470 680 1508 hic
702 1477 759 1508 est
780 1469 846 1519 qui
868 1469 907 1506 in
930 1470 1098 1518 plateam
1120 1465 1334 1516 ingreditur
1605 1466 1673 1509 840

417 1552 507 1576 cum
529 1550 636 1575 nouo
657 1543 795 1574 ornatu
817 1534 1026 1584 specieque
1047 1533 1192 1571 simul?

418 1605 483 1654 pol
505 1614 746 1653 quamquam
763 1602 927 1639 domum
950 1597 1077 1647 cupio,
1102 1594 1289 1645 opperiar,

420 1682 538 1720 quam
560 1667 624 1706 hic
644 1667 724 1706 re'm
746 1673 832 1715 agat
853 1664 1028 1703 animum
1049 1664 1266 1702 aduortam.
1603 1661 1690 1705 842ἢ

513 1841 889 1878 SYCOPHANTA
1001 1836 1345 1874 CHARMIDES

317 1930 380 1967 Sv.
425 1927 534 1966 Huic
568 1939 641 1976 ego
680 1925 744 1964 die
783 1937 929 1963 nomen
960 1923 1194 1961 Trinummo
1226 1920 1350 1959 facio:
1391 1932 1481 1957 nam
1517 1931 1590 1968 ego

1280 1998 1439 2036 operam
1461 1997 1589 2023 meam

307 2098 370 2128 828
396 2096 525 2127 nobiles
545 2095 680 2135 (nobilis
703 2094 748 2131 B)
767 2093 834 2125 cod.
853 2105 859 2124 ε
884 2104 961 2123 corr.
985 2093 1046 2123 Leo
1135 2101 1216 2131 apra
1232 2090 1265 2120 Β
1352 2090 1416 2128 830
1440 2088 1591 2119 ordinem

264 2141 329 2173 cod.
361 2141 452 2173 (corr.
485 2139 573 2179 PCD)
721 2139 780 2176 831
808 2137 866 2168 del.
902 2136 1045 2176 Mueller,
1082 2146 1162 2166 nam
1195 2133 1426 2165 modesti-sint
1455 2131 1594 2172 displicet

264 2187 328 2224 834
354 2183 470 2226 (mea)
500 2193 630 2213 mecum
662 2181 822 2221 Spengel:
856 2180 968 2211 omnia
993 2178 1111 2222 (mea)
1137 2178 1214 2217 Leo,
1250 2182 1288 2208 ut
1317 2176 1504 2208 octonarius
1525 2175 1594 2215 fiat

265 2231 328 2268 835
352 2227 466 2259 accedit
482 2227 525 2267 A,
542 2227 652 2267 prima
668 2226 762 2256 verba
781 2225 931 2256 turbines
949 2224 1042 2254 uenti
1132 2223 1225 2253 uenit
1251 2221 1285 2251 P
1369 2221 1429 2259 837
1449 2219 1594 2259 propitia

267 2284 334 2312 pax
351 2272 383 2301 A
458 2271 522 2310 838
545 2281 563 2300 a
581 2281 647 2300 om.
669 2269 701 2298 P
787 2268 909 2299 dehinc
928 2267 1010 2308 iam]
1028 2267 1152 2297 deinde
1170 2266 1248 2296 hinc
1265 2264 1299 2294 P
1400 2274 1452 2294 me
1468 2263 1547 2294 dare
1565 2261 1598 2291 P

267 2318 332 2354 839
349 2314 487 2354 quibus]
505 2325 579 2344 cum
598 2314 692 2344 hisce
710 2312 797 2343 codd.
814 2311 989 2350 N0111'i468
1077 2312 1136 2349 841
1156 2309 1371 2349 speciemque
1385 2307 1417 2338 A
1436 2318 1442 2338 :
1466 2306 1593 2346 speria-

267 2370 332 2398 que
350 2359 380 2388 Β
524 2358 588 2396 842
614 2359 702 2388 dorni
720 2358 752 2387 A
877 2357 955 2394 842a
980 2359 1057 2393 agat
1079 2379 1084 2385 .
1103 2378 1109 2384 .
1129 2378 1134 2384 .
1152 2354 1326 2383 adum-tam
1350 2363 1414 2382 om.
1434 2350 1466 2380 P
1486 2349 1533 2389 (ii.
1556 2349 1591 2387 53

268 2408 345 2442 agat
363 2403 448 2442 gerit
466 2413 520 2434 an.
538 2401 604 2433 cod.
624 2413 629 2431 ι
656 2412 734 2432 corr.
752 2399 876 2430 Ritscld
962 2400 1025 2436 843
1050 2396 1173 2428 veldiei
1186 2397 1246 2438 (-ei
1264 2395 1372 2436 codd.)
1433 2394 1549 2425 faciam
1565 2391 1607 2422 P>

968 2513 990 2524 l
