1731 2713
87 1873 150 1910 595

724 112 948 150 RVDENS
1448 110 1500 147 II.

176 222 236 260 Sc.
269 222 441 272 tegillum
464 221 642 269 eccillud,
667 221 760 259 mihi
783 234 903 260 unum
927 221 965 259 id
987 228 1065 258 aret
1085 235 1091 259 z
1122 219 1160 258 id
1182 219 1211 257 si
1235 219 1294 258 uis
1315 219 1442 257 dabo:

175 287 314 325 eodem
338 287 514 334 amictus,
539 289 679 326 eodem
702 295 827 325 tectus
848 300 932 324 esse
953 288 1072 332 soleo,
1097 285 1126 323 si
1150 285 1256 335 pluit.

175 360 215 390 tu
231 352 349 391 istaec
367 353 461 390 mihi
479 354 587 391 dato:
617 360 841 391 exarescent
860 353 956 389 faxo.
999 352 1076 390 CH.
1101 351 1178 389 eho
1193 363 1242 388 an
1261 358 1298 389 te
1314 349 1499 400 paenitet,

176 417 213 454 in
237 417 330 455 mari
352 418 459 467 quod
481 417 595 465 elaui‚
617 417 655 455 ni
677 419 740 455 hic
761 417 799 454 in
822 425 919 455 terra
941 416 1079 455 iterum
1102 416 1261 454 elnam?

89 489 156 532 580
175 483 236 520 Sc.
269 484 375 521 eluas
397 491 438 520 tu
459 496 561 521 anne
582 496 804 532 exunguare
825 482 976 520 ciccum
999 495 1079 520 non
1101 480 1323 520 interduim.

174 547 243 586 tibi
261 560 333 597 ego
354 561 571 598 numquam
589 548 801 598 quicquam
819 549 976 586 credam
995 547 1066 585 nisi
1089 547 1118 585 si
1140 554 1304 597 accepto
1326 547 1496 596 pignore.

173 620 213 650 tu
235 614 297 651 ucl
318 614 415 651 suda
437 615 499 651 uel
521 613 600 663 peri
622 615 710 663 algu
734 615 794 651 uel
817 621 857 651 tu
879 621 1035 663 aegrota
1056 614 1118 651 uel
1141 613 1237 650 uale.

173 679 380 717 barbarum
403 678 598 729 hospitem
621 678 672 716 mi
695 678 733 716 in
754 678 863 717 aedis
884 678 936 716 nil
960 691 1098 715 moror.
1159 685 1216 715 sat
1237 676 1469 715 litiumst.-—

173 745 249 783 CH.
283 744 413 782 iamne
433 744 570 782 abeis?
628 744 776 782 uenalis
797 744 874 782 illic
895 743 1113 790 ductitauit,
1137 742 1313 793 quisquis
1335 750 1391 780 est
1410 756 1417 787 ;

87 819 150 864 585
174 822 253 847 non
274 817 331 848 est
354 809 580 848 misericors.
641 811 711 848 sed
732 810 828 860 quid
849 823 921 860 ego
943 809 1005 847 hic
1026 817 1111 847 asto
1133 808 1263 847 infelix
1285 807 1458 846 umidus?

172 874 266 925 quin
306 875 407 913 abeo
445 876 522 913 huc
562 875 601 913 in
637 875 801 914 Veneris
841 877 986 922 fanum,
1024 883 1065 913 ut
1104 874 1363 913 edormiscam
1400 874 1501 911 hanc

367 939 370 942 ’
1287 939 1497 988 crapulam,

172 1019 290 1056 quam
312 1006 446 1056 potaui
468 1014 619 1057 praeter
639 1007 759 1045 animi
780 1020 899 1056 quam
922 1005 1047 1044 lubuit
1069 1004 1304 1044 sententiam
1318 1006 1335 1041 ?

172 1071 283 1122 quasi
304 1071 405 1109 uinis
428 1072 587 1110 Graecis
609 1074 820 1122 Neptunus
841 1071 956 1110 nobis
978 1071 1138 1118 suffudit
1161 1083 1276 1116 mare,

173 1137 304 1186 itaque
324 1138 455 1175 aluom
478 1137 591 1187 prodi
611 1137 781 1187 sperauit
803 1137 917 1175 nobis
938 1137 1047 1175 salsis
1068 1135 1219 1186 poculis
1238 1150 1245 1181 ;
1348 1155 1359 1158 ν
1399 1152 1445 1157 *⁴

86 1217 154 1254 590
172 1202 268 1253 quid
289 1210 405 1252 opust
426 1202 585 1241 uerbis?
614 1202 644 1240 si
665 1202 830 1240 inuitare
851 1216 922 1241 nos
944 1201 1154 1252 paullisper
1174 1207 1359 1250 pergeret,

172 1267 319 1306 ibidem
341 1267 676 1306 obdormissemus
695 1282 701 1305 :
732 1281 837 1306 nunc
858 1267 922 1305 uix
943 1267 1056 1305 uiuos
1077 1265 1206 1304 amisit
1227 1267 1402 1304 domum.

171 1344 277 1370 nunc
296 1333 480 1371 lenonem
501 1332 598 1383 quid
617 1332 695 1383 agit
715 1331 820 1371 intus
842 1331 977 1379 uisam,
1002 1331 1213 1370 conuiuam
1235 1343 1436 1369 meum.—

627 1529 883 1577 ACTVS
939 1527 1029 1575 III

675 1635 986 1672 DAEMONES

331 1728 442 1767 Miris
464 1727 591 1767 modis
612 1727 653 1766 di
672 1728 788 1766 ludos
808 1726 956 1765 faciunt
976 1725 1215 1772 hominibus,
1241 1746 1249 1750 -

331 1793 516 1844 mirisque
537 1792 724 1843 exemplis
746 1791 900 1830 somnia
920 1791 959 1829 in
981 1790 1130 1830 somnis
1151 1791 1326 1830 danunt:

332 1873 382 1898 ne
401 1857 631 1898 dormientis
652 1857 813 1908 quidem
835 1856 968 1896 sinunt
989 1856 1200 1906 quiescere.

332 1925 440 1963 uelut
461 1937 533 1974 ego
554 1924 628 1962 hac
648 1930 765 1962 nocte
787 1936 888 1973 quae
909 1921 1097 1973 processit
1118 1935 1308 1972 proxuma

214 2030 278 2068 576
301 2029 452 2068 tegillum
476 2027 532 2066 (ti-
555 2029 582 2066 ἕ)
608 2027 737 2067 ecillum
763 2027 821 2058 A:
846 2026 987 2066 tigillum
1012 2026 1094 2067 (tix-
1127 2025 1169 2065 T)
1200 2025 1321 2057 ecillud
1343 2025 1377 2055 P
1463 2025 1497 2056 id

164 2074 261 2114 prius
276 2083 341 2104 om.
361 2073 404 2111 P,
419 2071 507 2103 codd.
526 2072 632 2102 Pauli
642 2073 706 2110 366
838 2081 900 2111 577
926 2070 968 2112 si]
989 2081 1009 2100 u
1024 2089 1065 2094 -
1076 2069 1110 2100 A
1129 2068 1189 2107 (cm
1206 2069 1262 2100 ubi
1275 2072 1301 2111 ἓ)
1390 2068 1497 2108 pluuit

169 2117 209 2157 P,
227 2116 261 2146 A
281 2127 312 2147 n.
332 2117 351 2148 Ι.
467 2125 531 2155 579
557 2126 600 2146 ne
616 2115 702 2146 codd.
822 2116 887 2153 580
911 2120 946 2146 tu
963 2125 1052 2145 anne
1071 2117 1107 2144 ut
1121 2113 1184 2144 vid.
1204 2113 1238 2144 P
1253 2118 1301 2147 (tu
1318 2123 1361 2143 an
1379 2112 1421 2152 B,
1439 2117 1496 2143 tua

170 2171 213 2191 ne
237 2159 340 2199 PCD),
366 2159 399 2189 A
428 2170 459 2192 n.
487 2159 508 2190 l.
620 2158 787 2190 interdum
813 2158 846 2189 P
993 2159 1053 2197 581
1083 2157 1260 2188 Charmidi
1282 2156 1341 2187 dat
1367 2157 1406 2197 (2)
1432 2155 1497 2186 Leo

169 2205 197 2234 si
213 2215 278 2235 om.
298 2203 332 2234 A
445 2204 509 2242 583
532 2202 645 2234 aedeis
661 2202 695 2232 P
805 2203 869 2241 584
893 2202 1025 2233 uenalis
1042 2202 1088 2232 bis
1103 2201 1136 2231 P
1188 2201 1267 2241 jillic
1284 2200 1316 2230 A
1431 2200 1497 2239 586

169 2246 249 2288 huc]
268 2247 346 2278 hinc
362 2246 396 2277 P
505 2248 568 2286 587
593 2257 692 2286 quom
712 2256 743 2286 p.
765 2246 807 2287 (3)
826 2245 891 2276 Leo
1007 2246 1159 2285 588-602
1183 2245 1274 2275 initia
1282 2243 1353 2283 fhre
1368 2246 1496 2274 servata

169 2291 202 2321 A
314 2301 377 2330 592
400 2294 478 2330 agat
497 2290 709 2321 Camerarius
817 2299 890 2329 593,
904 2299 967 2329 594
988 2290 1038 2329 (cf.
1054 2289 1148 2321 Merc.
1168 2298 1240 2328 225,
1261 2288 1337 2324 226)
1357 2288 1495 2318 alterum

169 2335 234 2366 secl.
256 2335 381 2365 Ritsclzl
489 2344 553 2374 593
577 2333 754 2372 m(ei‘,r(is)
773 2333 805 2363 A
924 2343 987 2371 594
1011 2332 1143 2363 somnia
1159 2332 1253 2362 Merc.
1274 2332 1338 2362 226
1355 2343 1362 2362 :
1385 2331 1496 2361 omnia

171 2378 230 2417 (Bw
251 2378 300 2409 vel
315 2388 390 2409 nam
407 2378 520 2409 omnia
539 2376 641 2411 (PCDl
655 2377 694 2417 P,
708 2377 740 2407 A
755 2388 786 2408 n.
798 2377 818 2407 I.
953 2377 1019 2416 596
1043 2375 1230 2416 praecessit
1248 2374 1311 2405 Leo
1328 2374 1376 2415 (A
1395 2385 1425 2405 n.
1443 2375 1497 2415 L),

169 2421 227 2453 sed
241 2423 276 2461 cf.
300 2421 402 2453 Marx
419 2421 567 2463 (Sitzbcr.
593 2420 684 2450 Wt'en
700 2419 812 2452 Akad.
835 2420 934 2461 1899)

1525 109 1584 146 vii

1523 365 1562 388 20

1523 693 1560 724 25

1523 1087 1563 1118 30

1517 1633 1595 1671 ΙΙΙ.
1618 1632 1632 1669 i
