1731 2713
646 96 1057 135 TRVCVLENTVS
1465 101 1518 138 ΙΙ.

178 205 258 249 As.
292 205 409 243 salue.
469 205 545 242 TR.
578 210 635 241 sat
653 203 747 241 mihi
769 211 826 242 est
849 206 937 242 tuae
954 204 1098 243 salutis.
1159 206 1211 244 nil
1235 220 1375 245 moror.
1434 221 1513 246 non

1368 273 1511 311 salueo.

100 335 168 370 260
185 342 384 389 aegrotare
406 334 537 372 malim
559 347 677 384 quam
699 348 784 373 esse
806 342 870 372 tua
891 337 1015 373 salute
1037 335 1174 374 sanior.

94 728 159 773 265

88 1320 156 1355 270

185 400 255 437 sed
276 400 368 436 uolo
389 398 496 445 scire,
520 398 615 448 quid
637 400 803 437 debetur
823 399 885 437 hic
907 399 977 437 tibi
1000 408 1154 439 nostrae
1175 402 1315 440 domi?

184 466 252 502 AS.
285 463 500 514 comprime
521 463 571 501 sis
593 463 722 502 eiram.
783 465 858 502 TR.
888 477 974 502 eam
997 464 1158 514 quidem
1180 467 1309 505 hercle
1338 474 1387 513 tu,
1412 480 1512 516 quae

1106 530 1260 578 solita⁷s,
1283 532 1509 582 comprime,

183 593 390 644 inpudens,
414 607 514 644 quae
535 607 603 643 per
623 593 830 632 ridiculum
852 593 997 633 rustico
1018 596 1160 634 suades
1182 604 1369 646 stuprum.

183 662 250 698 As.
286 660 447 698 ‘eiram'
468 659 547 698 dixi
567 675 573 697 τ
604 668 645 698 ut
666 660 862 710 excepisti,
887 660 1092 711 dempsisti
1114 676 1231 700 unam
1253 663 1430 702 litteram.

183 725 289 763 nimi’
323 725 484 775 quidem
519 725 583 763 hic
622 727 893 763 truculentust.
966 728 1041 765 TR.
1075 727 1207 778 pergin
1249 730 1348 767 male
1388 729 1506 779 loqui,

1211 793 1359 841 mulier,
1383 794 1510 833 mihi?

179 857 247 893 As.
280 855 376 905 quid
406 855 477 894 tibi
507 868 579 906 ego
609 856 710 894 male
740 855 863 894 dico?
919 857 994 894 TR.
1028 856 1119 906 quia
1146 857 1250 895 enim
1280 872 1342 896 me
1371 857 1509 912 tru[n]-

1012 920 1292 974 cu[m]lentum
1314 923 1506 962 nominas.

179 997 285 1023 nunc
305 986 416 1032 adeo,
440 984 513 1022 nisi
533 984 617 1023 abis
638 992 815 1023 actutum
835 993 902 1023 aut
922 985 1020 1024 dicis
1041 986 1137 1036 quid
1158 1001 1320 1037 quaeras
1341 988 1430 1036 cito,

179 1048 256 1088 iam
289 1051 417 1088 hercle
452 1063 524 1100 ego
559 1050 622 1088 hic
656 1059 704 1097 te,
737 1050 889 1099 mulier,
919 1051 1030 1101 quasi
1060 1065 1124 1090 sus
1159 1054 1309 1091 catulos
1339 1054 1507 1103 pedibus

1298 1126 1503 1168 proteram.

177 1182 244 1218 As.
281 1193 345 1218 rus
384 1193 534 1219 merum
580 1181 656 1219 hoc
699 1179 907 1231 quidemst.
991 1182 1066 1219 TR.
1103 1183 1374 1231 pudendumst
1413 1198 1506 1223 uero

1156 1247 1349 1286 clurinum
1371 1262 1501 1299 pecus.

174 1310 369 1349 aduenisti
390 1312 467 1349 huc
488 1319 525 1350 te
546 1318 786 1350 ostentatum
808 1325 898 1350 cum
919 1312 1113 1351 exornatis
1134 1312 1302 1361 ossibus,

174 1375 266 1425 quia
286 1375 355 1414 tibi
377 1389 492 1414 suaso
514 1375 681 1414 infecisti
701 1376 942 1426 propudiosa
962 1378 1181 1427 pallulam?

172 1454 223 1479 an
243 1454 291 1479 eo
311 1441 413 1479 bella
433 1454 484 1487 eS,
508 1440 600 1490 quia
619 1441 804 1492 accepisti
825 1441 896 1480 tibi
916 1443 1084 1480 armillas
1105 1445 1278 1482 aeneas?

172 1507 240 1544 As.
273 1519 379 1544 nunc
408 1507 549 1556 places,
581 1520 703 1556 quom
738 1506 791 1544 mi
830 1506 1085 1546 inclementer
1114 1507 1221 1546 dicis,
1299 1510 1375 1547 TR.
1408 1510 1503 1560 quid

1096 1575 1172 1612 hoc
1193 1575 1301 1623 quod
1322 1581 1359 1613 te
1380 1578 1504 1626 rogo?

216 1685 280 1715 259
303 1680 355 1707 sat
371 1676 486 1707 salueo
501 1675 534 1706 A
553 1687 560 1706 z
595 1686 663 1706 non
681 1676 820 1707 salueo?
840 1676 1094 1717 (interrogative)
1112 1676 1180 1708 edd.
1203 1676 1275 1718 (sed
1287 1678 1325 1717 cf.
1346 1677 1503 1710 Sacerdos

172 1730 236 1759 433
252 1723 354 1759 et49o
366 1720 425 1757 K.)
517 1722 580 1751 260
597 1725 786 1759 egrotarem
801 1720 943 1759 aliquam
960 1720 993 1750 P
1075 1731 1155 1752 esse
1170 1721 1315 1752 tua-Ital.
1333 1732 1340 1752 ε
1362 1723 1431 1762 isse
1445 1727 1501 1754 tua

171 1765 204 1793 A
223 1775 229 1794 :
256 1774 366 1794 essem
383 1774 476 1794 suam
493 1763 527 1793 Ρ
656 1766 717 1794 261
743 1763 819 1805 sed]
839 1768 873 1794 at
889 1763 923 1793 P
1008 1764 1040 1794 in
1059 1769 1173 1795 nostra
1192 1764 1332 1795 domoA
1438 1768 1500 1797 262

172 1808 356 1847 comprime
374 1817 475 1846 spero
493 1807 543 1838 P:
569 1807 715 1847 reprime
727 1807 773 1837 sis
786 1807 867 1838 iram
878 1806 1039 1838 Sacerdos
1052 1818 1115 1847 453
1129 1812 1157 1838 et
1169 1809 1230 1847 461
1245 1808 1289 1840 K.
1350 1819 1457 1840 meam
1470 1810 1504 1840 P

172 1851 371 1891 comprimas
388 1850 421 1880 Ρ
562 1853 625 1890 263
649 1851 836 1890 inprudens
861 1861 923 1890 per
947 1851 1007 1881 rid.
1036 1857 1072 1882 ut
1098 1853 1176 1892 <pro
1202 1857 1237 1882 ut
1258 1863 1288 1892 p.
1310 1852 1354 1892 r.)
1374 1854 1498 1884 rustico

172 1896 291 1925 suadet
307 1899 347 1925 st.
367 1894 401 1924 P
530 1896 592 1933 264
617 1902 669 1935 sut
686 1894 849 1934 decepisti
867 1895 897 1925 d.
915 1905 945 1925 u.
966 1895 985 1924 l.
1003 1894 1036 1924 A
1056 1906 1062 1926 :
1088 1902 1123 1925 ut
1145 1906 1221 1926 esse
1246 1896 1365 1935 cepisti
1389 1897 1497 1928 sidem

171 1939 279 1969 sistun
295 1938 433 1968 alteram
450 1937 499 1968 P:
525 1939 646 1969 correxi
659 1937 864 1968 dubitanter:
891 1938 939 1968 ‘i’
959 1942 992 1967 tu
1005 1939 1167 1978 excepisti
1178 1939 1349 1970 Buecheler
1433 1942 1496 1980 265

172 1981 225 2013 hic
251 1982 385 2021 quidem
412 1983 622 2013 truculentus
639 1981 672 2011 P
757 1980 837 2011 mihi
862 1980 930 2022 [es]
950 1981 983 2011 P
998 1982 1043 2022 (ii.
1063 1983 1099 2023 4)
1232 1985 1295 2014 266
1319 1994 1383 2023 ego
1405 1984 1493 2025 [aut]

172 2026 301 2056 medico
318 2025 351 2054 P
364 2025 407 2061 (v.
433 2026 463 2064 ι)
596 2025 666 2056 vide
690 2035 729 2055 ne
751 2035 863 2055 versus
887 2025 1044 2055 iambicus
1065 2026 1109 2056 sit
1125 2025 1202 2065 (tibi
1223 2028 1316 2066 ego),
1334 2037 1415 2058 nam
1432 2029 1496 2058 ioco

170 2069 245 2099 huic
257 2073 415 2107 personae
431 2073 499 2099 tam
517 2073 592 2109 apto
610 2069 659 2108 kcs.
680 2068 728 2099 ad
739 2079 767 2099 v.
785 2069 864 2108 674)
882 2079 976 2108 aegre
990 2079 1078 2099 careo
1095 2069 1169 2104 (sed
1180 2071 1216 2109 cf.
1231 2071 1250 2102 i.
1264 2071 1298 2112 8)
1387 2075 1495 2102 trucu-

170 2112 299 2143 lentum
325 2112 477 2142 nomines
498 2111 531 2141 P
659 2114 720 2151 267
744 2111 817 2151 aut]
835 2122 874 2142 ac
889 2111 923 2141 P
1007 2112 1099 2151 dicas
1123 2123 1222 2152 quem
1241 2115 1273 2144 A
1365 2115 1450 2146 scito
1466 2114 1500 2145 P

170 2157 234 2186 268
258 2156 377 2186 mulier
387 2159 461 2195 post
475 2156 603 2186 catulos
615 2155 739 2196 Afort.
758 2159 834 2186 recte
963 2158 1027 2195 269
1051 2157 1244 2196 pudendum
1262 2163 1295 2189 et
1312 2157 1346 2188 P
1431 2169 1495 2198 270

170 2199 202 2229 h.
221 2199 433 2230 sistentatum
451 2210 504 2230 ex.
524 2199 558 2229 P
678 2209 738 2239 271
769 2200 906 2229 insuaso
925 2199 949 2238 (‘
962 2200 1097 2238 quidam
1115 2200 1266 2239 legunt')
1284 2201 1398 2232 Festus
1407 2212 1472 2241 302
1487 2214 1494 2233 ε

169 2252 309 2274 resuasu
326 2242 359 2273 P
415 2243 571 2282 paliuiam
585 2242 618 2273 P
703 2253 766 2282 272
791 2247 843 2274 est
859 2242 893 2273 P
941 2243 996 2282 qui
1008 2243 1200 2291 accepistibi
1219 2244 1284 2284 (vel
1296 2246 1373 2284 quia
1387 2246 1494 2286 clepis

429 2294 444 2311 e

169 2320 243 2355 tibi)
261 2320 405 2361 armilias
422 2330 526 2350 aneas
549 2321 625 2350 etin
643 2320 793 2361 margine
815 2329 935 2362 aeneas
955 2319 988 2350 A
1004 2330 1011 2350 :
1036 2320 1257 2361 quiaccepisti
1275 2332 1365 2353 arme
1384 2323 1493 2364 (arma

167 2363 257 2402 PCD)
275 2365 436 2395 aduenias
458 2363 588 2404 P(pro
611 2365 763 2395 aduenas
776 2365 802 2406 2)
937 2373 999 2402 273
1022 2373 1097 2394 curn
1125 2374 1180 2395 me
1204 2365 1251 2395 illi
1277 2367 1330 2397 uel
1355 2367 1387 2398 in
1412 2368 1492 2409 (pro

169 2417 222 2438 me
240 2407 328 2438 incle
344 2418 352 2446 3
376 2417 404 2439 v.
428 2408 457 2447 1)
476 2407 608 2438 mentiri
627 2409 657 2438 d.
677 2407 710 2438 P
838 2407 904 2439 hoc
921 2417 985 2438 om.
1004 2406 1038 2437 P

1541 100 1571 138 ii

1534 354 1550 384 5

1534 745 1570 766 10

1525 1329 1563 1361 15
