1783 2707
174 127 240 164 IV.
264 127 292 164 ii
687 128 732 164 T.
765 127 946 167 MACCI
979 128 1181 165 PLAVTI

263 239 381 288 quam
416 252 503 277 erus
538 252 649 278 meus
679 245 750 286 est,
770 252 900 289 neque
930 244 1009 277 tam
1040 239 1167 276 luteus
1197 252 1327 289 neque
1357 246 1437 278 tarn
1467 253 1592 280 caeno

1409 305 1588 345 conlitus.

222 384 238 413 5
262 368 314 407 ita
336 383 397 409 me
419 370 462 408 df
480 376 624 416 ament,
648 370 710 407 uel
732 368 771 406 in
793 368 991 408 lautumiis
1013 369 1075 407 uel
1096 367 1136 407 in
1157 367 1322 418 pistrino
1343 369 1527 410 mauelim

260 448 374 484 agere
394 442 561 472 aetatem
584 434 835 484 praepeditus
856 435 975 472 latere
996 433 1083 471 forti
1104 435 1228 472 ferreo

261 512 380 549 quam
400 500 506 549 apud
527 501 712 538 lenonem
734 500 840 537 hunc
861 498 1089 538 seruitutem
1107 501 1244 539 colere.
1302 499 1399 551 quid
1420 499 1511 540 illuc
1532 509 1590 541 est

1453 579 1587 616 genus,

259 629 362 679 quae
382 629 459 668 illie
480 629 687 668 hominum
709 631 953 680 corruptelae
973 630 1072 668 fiunt
1089 632 1095 668 3
1135 629 1176 669 di
1196 637 1370 669 nostram
1391 631 1509 670 fidem
1528 634 1534 670 ἔ
1609 634 1679 678 830

259 694 429 745 quoduis
467 708 590 744 genus
629 695 682 734 ibi
722 695 930 734 hominum
972 694 1108 734 uideas
1147 695 1259 748 quasi
1297 696 1589 735 Accheruntem

1423 760 1588 808 ueneris,

202 839 241 863 10
259 825 444 875 equitem,
468 825 652 876 peditem,
676 825 913 872 libertinum,
936 826 1061 864 furem
1081 838 1131 864 an
1151 825 1359 876 fugitiuom
1380 825 1488 873 uelis,

259 891 518 938 uerberatum,
549 891 736 939 uinctum,
761 890 988 931 addictum:
1023 892 1090 941 qui
1120 891 1239 930 habet
1266 893 1374 941 quod
1401 893 1480 938 det,
1502 898 1589 930 utut

1375 957 1497 995 homo
1517 964 1586 1004 est,

258 1021 392 1060 omnia
410 1034 552 1072 genera
573 1020 836 1072 recipiuntur3
865 1020 997 1071 itaque
1018 1020 1057 1059 in
1079 1021 1169 1060 totis
1189 1020 1354 1060 aedibus

257 1088 453 1135 tenebrae,
477 1088 658 1134 latebrae,
683 1086 838 1133 bibitur,
862 1095 967 1125 estur
986 1085 1098 1137 quasi
1118 1086 1159 1125 in
1178 1086 1336 1137 popina,
1359 1087 1436 1125 hait
1461 1099 1584 1126 secus
1606 1092 1672 1139 835

258 1153 312 1191 ibi
334 1160 374 1191 tu
396 1152 532 1191 uideas
553 1152 738 1191 litteratas
761 1151 888 1190 fictilis
909 1151 1106 1202 epistulas,

205 1237 237 1268 ¹5
258 1219 345 1269 pice
366 1218 545 1268 signatas,
570 1217 731 1256 nomina
752 1217 884 1255 insunt
905 1216 1083 1255 cubitum
1105 1215 1231 1267 longis
1251 1215 1411 1256 litteris:

258 1283 310 1322 ita
331 1283 569 1322 uinariorum
590 1282 782 1321 habemus
804 1288 960 1321 nostrae
980 1281 1169 1320 dilectum
1191 1281 1310 1320 domi.

258 1351 329 1387 M1.
363 1348 496 1386 onmia
517 1349 659 1398 edepol
680 1348 777 1387 mira
796 1355 886 1386 sunt
907 1347 990 1386 nesi
1013 1361 1100 1386 erus
1121 1348 1227 1385 hunc
1248 1348 1434 1386 heredem
1455 1347 1557 1395 facit,

257 1427 347 1452 nam
370 1414 409 1452 id
431 1413 604 1464 quidem,
627 1413 692 1460 illi,
715 1413 770 1451 uti
793 1412 1013 1460 meditatur,
1038 1412 1158 1451 uerba
1179 1411 1270 1450 facit
1291 1420 1483 1452 emortuo.
1606 1417 1676 1461 840

257 1487 295 1518 et
315 1479 422 1518 adire
443 1479 551 1517 lubet
573 1478 775 1517 hominem
792 1486 830 1517 et
846 1486 978 1517 autem
995 1477 1111 1516 nimis
1128 1491 1217 1516 eum
1234 1479 1413 1516 ausculto
1433 1478 1585 1516 lubens.

199 1561 239 1586 20
258 1547 321 1585 ΞΥ.
367 1547 464 1583 haec
503 1558 625 1595 quom
664 1544 728 1583 hie
770 1543 889 1583 uideo
928 1542 1023 1590 fieri,
1044 1542 1218 1582 crucior:
1261 1542 1394 1592 pretiis
1433 1550 1587 1593 emptos

1395 1608 1586 1647 maxumis

255 1677 363 1727 apud
384 1689 455 1715 nos
477 1675 741 1726 expeculiatos
762 1688 896 1714 seruos
917 1674 997 1714 fieri
1019 1674 1097 1713 suis
1118 1674 1202 1714 eris.

256 1742 326 1781 sed
347 1743 396 1781 ad
413 1749 655 1792 postremum
672 1740 768 1779 nihil
789 1749 949 1791 apparet
967 1756 973 1778 z
1002 1741 1102 1779 male
1122 1747 1277 1790 partum
1293 1740 1394 1778 male
1411 1739 1582 1790 disperit.

258 1810 330 1846 M1.
363 1807 529 1858 proinde
549 1807 668 1845 habet
689 1806 905 1845 orationem
928 1806 1037 1856 quasi
1059 1805 1141 1856 ipse
1162 1805 1209 1843 sit
1231 1805 1327 1855 frugi
1349 1805 1488 1852 bonae,
1605 1806 1670 1850 845

257 1873 323 1923 qui
345 1873 451 1923 ipsus
472 1874 601 1911 hercle
622 1872 863 1922 ignauiorem
886 1871 988 1922 potis
1009 1879 1066 1910 est
1088 1873 1214 1910 facere
1237 1870 1453 1921 Ignauiam.

199 1953 237 1985 25
259 1940 320 1977 ΞΥ.
363 1951 468 1976 nunc
503 1939 667 1976 domum
702 1939 800 1976 haec
834 1937 884 1976 ab
918 1936 1006 1976 aedi
1038 1936 1202 1976 Veneris
1237 1937 1360 1976 refero
1392 1950 1495 1985 uasa,
1518 1936 1586 1976 ubi

1449 2001 1586 2041 hostiis

257 2069 334 2107 eru'
355 2068 533 2119 nequiuit
554 2067 762 2119 propitiare
783 2070 980 2107 Venerem
1002 2081 1073 2106 suo
1094 2069 1193 2106 festo
1213 2066 1289 2107 die.

298 2175 362 2204 828
387 2173 496 2204 ferreo
512 2171 679 2213 Scaliger:
704 2173 792 2203 ferro
809 2164 873 2204 cod.
976 2173 1039 2212 829
1062 2172 1153 2211 quod
1170 2171 1275 2202 Bothe
1362 2172 1424 2210 832
1450 2181 1491 2202 an
1509 2171 1583 2202 Aci-

256 2217 384 2249 dalius:
409 2218 451 2248 ad
468 2216 537 2247 cod.
555 2228 562 2247 2
593 2216 652 2247 del.
672 2218 711 2253 m
727 2216 793 2247 Leo
882 2218 945 2255 833
970 2221 1044 2246 utut
1059 2220 1094 2246 nt
1110 2215 1171 2246 vid.
1190 2214 1256 2245 cod.
1273 2225 1280 2245 :
1304 2219 1339 2245 ut
1356 2215 1430 2245 ch
1519 2216 1582 2254 834

257 2261 289 2291 in
308 2260 364 2291 del.
386 2260 562 2291 Abraham
689 2262 754 2298 836
778 2259 889 2290 sutiles
910 2260 1032 2299 r2fict.)
1056 2259 1102 2290 T:
1128 2269 1194 2290 om.
1212 2257 1286 2288 PCD
1415 2259 1480 2297 840
1503 2269 1581 2289 nam

256 2305 309 2335 hic
333 2304 468 2343 quidem
493 2304 604 2334 Luchs
701 2306 752 2335 vel
771 2304 836 2334 illic
862 2308 897 2333 ut
940 2308 975 2333 ut
999 2302 1081 2341 cod.)
1181 2301 1279 2332 saciet
1303 2306 1433 2332 mortuo
1461 2302 1585 2342 Ussing

255 2349 315 2386 841
355 2353 411 2378 aut
436 2348 524 2379 culto
548 2347 614 2379 cod.
785 2348 848 2385 843
881 2347 948 2376 eris
975 2346 1094 2385 meris)
1123 2344 1354 2375 Camerarius:
1394 2345 1482 2375 ceris
1512 2345 1579 2376 cod.

254 2392 318 2430 844
342 2397 473 2431 partum
502 2391 595 2421 Jtal.:
635 2401 749 2430 parum
778 2389 845 2423 cod,
950 2390 1014 2428 846
1038 2388 1151 2418 hercle
1172 2388 1266 2427 ipsus
1283 2388 1368 2419 c0d.:
1395 2389 1464 2419 tras.
1484 2388 1582 2418 Curso

255 2434 324 2474 poti
342 2440 393 2465 est
410 2434 475 2465 cod.
501 2437 593 2475 'sspro
615 2439 713 2473 potes
730 2445 756 2464 e.
778 2444 856 2464 corr.
878 2434 968 2472 potis
988 2433 1033 2471 e.)
1162 2432 1225 2469 848
1248 2431 1397 2469 nequiuit
1415 2431 1488 2462 Ital.
1507 2443 1513 2462 :
1537 2442 1579 2462 ne

255 2479 348 2518 quuti
367 2477 431 2508 cod.

949 2524 971 2534 l
