1783 2707
168 154 245 190 ΙΙΙ.
269 153 314 190 iv
689 153 734 190 T.
770 153 948 191 MACCI
982 153 1185 191 PLAVTI

214 278 250 309 25
271 265 323 304 ita
344 279 416 315 ego
438 273 474 304 te
496 264 587 303 hinc
609 271 791 303 ornatum
811 263 988 302 amittam
1010 272 1050 303 tu
1071 263 1178 315 ipsus
1199 272 1236 303 te
1257 272 1299 303 ut
1319 279 1401 304 non
1428 264 1596 304 noueris.
1619 277 1689 314 730

271 344 342 369 uos
363 331 474 376 adeo,
498 329 565 368 ubi
587 343 660 379 ego
680 329 846 367 innuero
867 328 992 376 uobis,
1016 329 1055 366 ni
1076 329 1110 367 ei
1131 338 1249 379 caput
1270 330 1548 377 exoculassitis,

272 394 382 445 quasi
403 402 571 433 murteta
591 393 710 441 iunci,
732 393 825 432 item
847 407 920 443 ego
940 407 1011 432 uos
1033 393 1149 443 uirgis
1170 394 1503 433 circumuinciam.

272 462 342 498 LA.
375 460 415 498 ui
435 459 516 510 agis
539 457 740 511 [mecum]
801 460 876 496 TR.
909 457 1026 496 etiam
1048 458 1129 496 uim
1150 466 1368 509 proportas,
1388 459 1507 509 flagiti
1538 462 1602 498 fla-

1423 525 1573 574 grantia
1586 527 1602 563 ?

271 592 340 629 LA.
374 598 455 637 tun,
478 589 693 636 trifurcifer,
717 588 812 626 mihi
834 589 956 628 audes
977 587 1233 628 inclementer
1253 589 1413 628 dicere?

212 671 251 702 30
271 659 346 694 TR.
379 657 511 701 fateor,
531 669 604 705 ego
625 654 829 693 trifurcifer
850 668 949 702 sum,
965 657 1006 693 tu
1028 668 1068 693 es
1089 656 1211 694 homo
1231 655 1409 705 adprime
1429 656 1576 706 probus
1595 671 1601 693 :
1622 669 1686 706 735

271 723 435 773 numqui
453 722 582 761 minus
599 724 717 760 hasce
733 735 818 760 esse
834 729 989 771 oportet
1004 721 1174 760 liberas?
1213 724 1283 760 LA.
1308 722 1414 772 quid,
1433 722 1602 761 liberas?

270 790 346 827 TR.
387 796 506 839 atque
545 801 628 827 eras
668 795 752 826 tuas
792 787 954 837 quidem
993 789 1123 826 hercle
1161 795 1280 838 atque
1326 802 1372 826 ex
1416 801 1603 839 germana

1413 853 1577 892 Graecia
1591 868 1602 902 5

272 933 363 958 nam
384 920 504 958 altera
524 919 622 957 haec
643 925 700 957 est
721 926 813 956 nata
832 917 1001 957 Athenis
1021 917 1201 969 ingenuis
1222 917 1458 969 parentibus.

274 987 350 1024 DA.
383 984 478 1036 quid
499 997 572 1035 ego
599 998 646 1023 ex
666 991 703 1022 te
732 982 882 1022 audio?
937 984 1013 1022 TR.
1046 985 1148 1023 hanc
1169 983 1336 1022 Athenis
1364 997 1449 1022 esse
1469 991 1601 1022 natam

1426 1049 1599 1088 liberam.

216 1127 251 1159 35
276 1118 351 1155 DA.
384 1129 472 1155 mea
501 1114 714 1167 popularis,
734 1127 911 1165 opsecro,
934 1115 1032 1153 haec
1060 1116 1148 1153 est?
1204 1117 1280 1154 TR.
1312 1128 1394 1153 non
1419 1122 1459 1153 tu
1488 1116 1603 1165 Cyre·
1622 1127 1692 1162 740

1380 1180 1513 1219 nensis
1534 1181 1604 1219 es?

272 1249 347 1285 DA.
380 1246 503 1285 immo
523 1245 691 1284 Athenis
713 1252 826 1284 natus
847 1246 1029 1296 altusque
1049 1247 1321 1296 educatusque
1342 1245 1493 1284 Atticis.

206 1325 210 1328 ·
270 1314 346 1351 TR.
379 1324 554 1362 opsecro,
579 1312 750 1349 defende
771 1310 868 1349 ciuis
890 1317 988 1357 tuas,
1011 1324 1143 1349 senex.
1202 1313 1278 1349 DA.
1311 1324 1335 1349 o
1351 1310 1430 1349 filia

272 1391 370 1425 mea,
412 1390 534 1428 quom
569 1377 671 1414 hanc
703 1375 833 1423 uideo,
869 1388 1045 1414 mearum
1080 1389 1144 1414 me
1181 1388 1324 1425 apsens
1363 1374 1605 1414 miseriarum

1349 1454 1580 1479 commones
1594 1454 1605 1489 3

273 1508 387 1547 trima
407 1521 508 1558 quae
528 1506 641 1557 periit
662 1506 716 1544 mi
737 1506 814 1544 iam
836 1502 945 1544 tanta
966 1512 1080 1552 esset,
1103 1504 1135 1544 si
1155 1505 1267 1553 uiuit,
1288 1505 1380 1544 scio.

211 1589 255 1620 40
273 1575 346 1612 LA.
377 1580 580 1624 argentum
602 1585 674 1622 ego
695 1584 766 1621 pro
786 1570 917 1609 istisce
937 1570 1131 1610 ambabus
1148 1569 1290 1621 quoiae
1311 1577 1419 1609 erant
1440 1569 1605 1609 domino
1625 1584 1692 1621 745

1487 1634 1579 1674 dedi
1594 1649 1605 1683 3

272 1703 368 1755 quid
388 1717 476 1743 mea
496 1704 610 1742 refert
630 1701 799 1741 Athenis
821 1709 936 1741 natae
957 1703 1055 1741 haec
1076 1716 1126 1741 an
1147 1701 1298 1741 Thebis
1319 1701 1430 1749 sient,

272 1770 369 1808 dum
391 1768 486 1807 mihi
506 1775 610 1807 recte
631 1767 860 1806 seruitutem
882 1767 1084 1806 seruiant?
1140 1769 1216 1806 TR.
1239 1766 1356 1814 itane,
1378 1766 1606 1817 inpudens?

273 1842 367 1873 tune
387 1834 462 1881 hic,
486 1835 580 1872 feles
601 1832 809 1883 uirginalis,
833 1832 978 1871 liberos
999 1832 1227 1882 parentibus

273 1900 472 1938 sublectos
492 1897 657 1936 habebis
677 1905 797 1947 atque
818 1897 982 1948 indigno
1004 1906 1170 1947 quaestu
1191 1898 1400 1936 conteres?

211 1979 252 2011 45
272 1978 364 2003 nam
385 1965 477 2002 hu'i'c
497 1965 640 2002 alterae
661 1976 762 2013 quae
784 1962 907 2013 patria
928 1962 977 2000 sit
997 1964 1175 2013 profecto
1195 1962 1340 2010 nescio,
1625 1970 1693 2007 750

317 2079 380 2108 730
404 2068 543 2116 ita-hinc
560 2078 624 2106 ego
641 2071 674 2097 te
698 2071 851 2097 ornatum
879 2070 912 2096 te
939 2066 1089 2096 amittam
1109 2065 1142 2095 P
1227 2070 1262 2096 ut
1283 2070 1318 2096 tu
1342 2065 1551 2105 ipsu-„uerit
1568 2064 1602 2095 A

273 2156 332 2186 731
359 2145 408 2187 ni]
435 2120 468 2176 rili
495 2146 530 2186 (i.
546 2156 570 2176 e.
585 2145 619 2175 ni
638 2155 717 2175 corr.
740 2143 821 2182 nisi)
842 2143 882 2181 P,
902 2145 938 2173 ut
952 2141 1016 2174 vid.
1036 2143 1079 2182 (si
1098 2142 1133 2181 T,
1154 2142 1227 2173 sine
1243 2142 1340 2180 PBC;
1365 2153 1396 2174 v.
1411 2144 1459 2181 35,
1475 2141 1509 2172 A
1528 2153 1559 2173 n.
1579 2141 1601 2175 l.

274 2199 336 2229 732
360 2190 448 2221 iunci
466 2188 530 2220 Leo
547 2200 553 2220 :
577 2188 684 2219 luncis
703 2187 741 2219 P.
756 2186 789 2217 A
809 2186 871 2217 n.I.
963 2187 1086 2217 circum
1105 2186 1249 2216 uinclam
1266 2186 1306 2223 P,
1324 2185 1356 2215 A
1377 2197 1408 2216 n.
1428 2185 1447 2216 l.
1540 2196 1603 2225 733

272 2234 330 2265 vix
346 2234 402 2264 uid
469 2243 599 2264 mecum
617 2242 687 2262 om.
700 2230 733 2261 A
802 2230 928 2270 probro
945 2230 1005 2260 das
1022 2231 1059 2270 (2)
1079 2228 1146 2260 Leo
1247 2230 1310 2268 736
1334 2233 1469 2268 oportet
1484 2239 1561 2260 esse
1573 2230 1607 2259 P

274 2277 326 2317 (cf.
340 2277 422 2308 adv.
436 2277 512 2316 714)
583 2276 646 2314 738
663 2275 824 2314 nam1que
835 2274 917 2303 haec
929 2273 1142 2312 ame—fort.
1158 2272 1192 2302 A
1263 2282 1325 2310 740
1341 2282 1483 2312 opsecro
1494 2271 1603 2302 om.A

274 2331 333 2360 741
360 2321 614 2361 edu(ca')tisque
631 2317 664 2348 A
768 2317 882 2355 attigis
897 2316 929 2347 P
946 2316 992 2357 <G
1004 2321 1066 2356 pro
1082 2316 1123 2356 C)
1275 2326 1336 2355 743
1361 2325 1435 2346 cum
1454 2315 1550 2356 [ego]
1568 2315 1599 2346 h.

272 2364 306 2394 P
402 2373 550 2395 mearum
569 2373 621 2393 me
642 2362 710 2401 (me
727 2371 793 2392 om.
813 2360 901 2401 PCD)
920 2359 973 2390 P:
998 2364 1122 2390 memet
1138 2358 1172 2388 A
1301 2360 1363 2398 746
1387 2359 1451 2389 hae
1467 2359 1604 2389 athenis

272 2413 371 2439 natae
387 2407 427 2446 P,
440 2408 473 2437 A
489 2418 519 2438 n.
533 2407 552 2437 l.
568 2417 574 2437 :
600 2405 670 2436 irai.
685 2404 818 2440 Sclzoell,
832 2414 915 2434 nam
933 2408 1032 2434 natae
1053 2402 1060 2445 Ι
1078 2413 1120 2433 an
1139 2403 1278 2443 displicet
1433 2403 1495 2441 748
1520 2401 1604 2432 seles

242 2493 252 2498 “
279 2452 452 2484 Turnebus
467 2463 474 2481 t
499 2450 584 2481 fallis
601 2450 642 2487 P,
660 2449 692 2478 A
711 2459 741 2479 n.
760 2448 779 2478 l.
803 2448 844 2488 (L
856 2452 918 2487 pro
936 2447 978 2486 Ε)
1115 2456 1178 2485 750
1201 2445 1310 2486 patria
1326 2456 1412 2485 quae
1429 2445 1463 2475 P

958 2526 980 2537 l
