<?xml version="1.0" encoding="UTF-8"?>
<!DOCTYPE html PUBLIC "-//W3C//DTD XHTML 1.0 Transitional//EN"
    "http://www.w3.org/TR/xhtml1/DTD/xhtml1-transitional.dtd">
<html xmlns="http://www.w3.org/1999/xhtml" xml:lang="en" lang="en">
 <head>
  <title>
</title>
<meta http-equiv="Content-Type" content="text/html;charset=utf-8" />
  <meta name='ocr-system' content='tesseract 3.04.00' />
  <meta name='ocr-capabilities' content='ocr_page ocr_carea ocr_par ocr_line ocrx_word'/>
</head>
<body>
  <div class='ocr_page' id='page_1' title='image "./tmacciplauticomo02plauuoft_0495.png"; bbox 0 0 1731 2713; ppageno 0'>
   <div class='ocr_carea' id='block_1_1' title="bbox 662 95 1555 135">
    <p class='ocr_par' dir='ltr' id='par_1_1' title="bbox 662 95 1555 135">
     <span class='ocr_line' id='line_1_1' title="bbox 662 95 1555 135; baseline -0.002 -1"><span class='ocrx_word' id='word_1_1' title='bbox 662 97 1008 135; x_wconf 70' lang='lat' dir='ltr'>TRINVMMVS</span> <span class='ocrx_word' id='word_1_2' title='bbox 1437 97 1502 133; x_wconf 71' lang='lat' dir='ltr'>IV.</span> <span class='ocrx_word' id='word_1_3' title='bbox 1525 95 1555 132; x_wconf 77' lang='lat' dir='ltr'>ii</span> 
     </span>
    </p>
   </div>
   <div class='ocr_carea' id='block_1_2' title="bbox 93 206 1588 521">
    <p class='ocr_par' dir='ltr' id='par_1_2' title="bbox 93 206 1588 521">
     <span class='ocr_line' id='line_1_2' title="bbox 165 206 1486 261; baseline -0.004 -13"><span class='ocrx_word' id='word_1_4' title='bbox 165 223 252 261; x_wconf 16' lang='lat' dir='ltr'>*ego</span> <span class='ocrx_word' id='word_1_5' title='bbox 273 210 325 247; x_wconf 83' lang='lat' dir='ltr'>ol)</span> <span class='ocrx_word' id='word_1_6' title='bbox 348 212 447 248; x_wconf 81' lang='lat' dir='ltr'>hanc</span> <span class='ocrx_word' id='word_1_7' title='bbox 469 222 627 260; x_wconf 86' lang='lat' dir='ltr'>operam</span> <span class='ocrx_word' id='word_1_8' title='bbox 649 215 851 258; x_wconf 83' lang='lat' dir='ltr'>argentum</span> <span class='ocrx_word' id='word_1_9' title='bbox 874 207 1020 257; x_wconf 82' lang='lat' dir='ltr'>accepi,</span> <span class='ocrx_word' id='word_1_10' title='bbox 1040 215 1076 245; x_wconf 83' lang='lat' dir='ltr'>te</span> <span class='ocrx_word' id='word_1_11' title='bbox 1099 217 1228 245; x_wconf 76' lang='lat' dir='ltr'>macto</span> <span class='ocrx_word' id='word_1_12' title='bbox 1250 206 1486 244; x_wconf 86' lang='lat' dir='ltr'>infortunio:</span> 
     </span>
     <span class='ocr_line' id='line_1_3' title="bbox 179 272 1337 324; baseline -0.003 -11"><span class='ocrx_word' id='word_1_13' title='bbox 179 283 351 313; x_wconf 77' lang='lat' dir='ltr'>ceterum</span> <span class='ocrx_word' id='word_1_14' title='bbox 374 274 440 324; x_wconf 86' lang='lat' dir='ltr'>qui</span> <span class='ocrx_word' id='word_1_15' title='bbox 462 275 524 321; x_wconf 81' lang='lat' dir='ltr'>sis,</span> <span class='ocrx_word' id='word_1_16' title='bbox 548 274 613 324; x_wconf 89' lang='lat' dir='ltr'>qui</span> <span class='ocrx_word' id='word_1_17' title='bbox 637 286 715 312; x_wconf 90' lang='lat' dir='ltr'>non</span> <span class='ocrx_word' id='word_1_18' title='bbox 738 273 799 320; x_wconf 88' lang='lat' dir='ltr'>sis,</span> <span class='ocrx_word' id='word_1_19' title='bbox 823 274 992 311; x_wconf 88' lang='lat' dir='ltr'>floccum</span> <span class='ocrx_word' id='word_1_20' title='bbox 1014 285 1093 310; x_wconf 86' lang='lat' dir='ltr'>non</span> <span class='ocrx_word' id='word_1_21' title='bbox 1116 272 1337 310; x_wconf 79' lang='lat' dir='ltr'>interduim.</span> 
     </span>
     <span class='ocr_line' id='line_1_4' title="bbox 93 337 1354 389; baseline -0.002 -12"><span class='ocrx_word' id='word_1_22' title='bbox 93 353 157 389; x_wconf 83' lang='lat'>995</span> <span class='ocrx_word' id='word_1_23' title='bbox 181 340 256 386; x_wconf 81' lang='lat' dir='ltr'>ibo,</span> <span class='ocrx_word' id='word_1_24' title='bbox 279 341 329 378; x_wconf 85' lang='lat' dir='ltr'>ad</span> <span class='ocrx_word' id='word_1_25' title='bbox 351 339 457 377; x_wconf 73' lang='lat' dir='ltr'>illum</span> <span class='ocrx_word' id='word_1_26' title='bbox 482 338 715 378; x_wconf 80' lang='lat' dir='ltr'>renuntiabo</span> <span class='ocrx_word' id='word_1_27' title='bbox 736 337 801 388; x_wconf 90' lang='lat' dir='ltr'>qui</span> <span class='ocrx_word' id='word_1_28' title='bbox 825 337 919 375; x_wconf 89' lang='lat' dir='ltr'>mihi</span> <span class='ocrx_word' id='word_1_29' title='bbox 942 337 1006 375; x_wconf 89' lang='lat' dir='ltr'>tris</span> <span class='ocrx_word' id='word_1_30' title='bbox 1029 351 1212 375; x_wconf 83' lang='lat' dir='ltr'>nummos</span> <span class='ocrx_word' id='word_1_31' title='bbox 1234 337 1354 383; x_wconf 87' lang='lat' dir='ltr'>dedit,</span> 
     </span>
     <span class='ocr_line' id='line_1_5' title="bbox 181 403 1374 455; baseline -0.003 -12"><span class='ocrx_word' id='word_1_32' title='bbox 181 414 220 444; x_wconf 83' lang='lat' dir='ltr'>ut</span> <span class='ocrx_word' id='word_1_33' title='bbox 242 405 336 443; x_wconf 80' lang='lat' dir='ltr'>sciat</span> <span class='ocrx_word' id='word_1_34' title='bbox 358 418 398 443; x_wconf 86' lang='lat' dir='ltr'>se</span> <span class='ocrx_word' id='word_1_35' title='bbox 421 405 646 455; x_wconf 75' lang='lat' dir='ltr'>perdidisse.</span> <span class='ocrx_word' id='word_1_36' title='bbox 707 416 779 454; x_wconf 87' lang='lat' dir='ltr'>ego</span> <span class='ocrx_word' id='word_1_37' title='bbox 799 404 910 442; x_wconf 86' lang='lat' dir='ltr'>abeo.</span> <span class='ocrx_word' id='word_1_38' title='bbox 972 405 1072 441; x_wconf 88' lang='lat' dir='ltr'>male</span> <span class='ocrx_word' id='word_1_39' title='bbox 1095 403 1184 441; x_wconf 90' lang='lat' dir='ltr'>uiue</span> <span class='ocrx_word' id='word_1_40' title='bbox 1206 412 1242 441; x_wconf 89' lang='lat' dir='ltr'>et</span> <span class='ocrx_word' id='word_1_41' title='bbox 1264 404 1350 441; x_wconf 85' lang='lat' dir='ltr'>uale</span> <span class='ocrx_word' id='word_1_42' title='bbox 1369 406 1374 440; x_wconf 90' lang='lat'>!</span> 
     </span>
     <span class='ocr_line' id='line_1_6' title="bbox 179 468 1588 521; baseline -0.003 -13"><span class='ocrx_word' id='word_1_43' title='bbox 179 471 244 521; x_wconf 86' lang='lat' dir='ltr'>qui</span> <span class='ocrx_word' id='word_1_44' title='bbox 267 478 304 508; x_wconf 86' lang='lat' dir='ltr'>te</span> <span class='ocrx_word' id='word_1_45' title='bbox 320 470 358 508; x_wconf 91' lang='lat' dir='ltr'>di</span> <span class='ocrx_word' id='word_1_46' title='bbox 376 483 514 508; x_wconf 87' lang='lat' dir='ltr'>omnes</span> <span class='ocrx_word' id='word_1_47' title='bbox 531 469 808 508; x_wconf 83' lang='lat' dir='ltr'>aduenientem</span> <span class='ocrx_word' id='word_1_48' title='bbox 827 482 985 519; x_wconf 77' lang='lat' dir='ltr'><strong>peregre</strong></span> <span class='ocrx_word' id='word_1_49' title='bbox 1002 469 1178 518; x_wconf 80' lang='lat' dir='ltr'>perdant,</span> <span class='ocrx_word' id='word_1_50' title='bbox 1196 468 1428 507; x_wconf 84' lang='lat' dir='ltr'>Charmides</span> <span class='ocrx_word' id='word_1_51' title='bbox 1445 470 1506 507; x_wconf 72' lang='lat' dir='ltr'>l—</span> <span class='ocrx_word' id='word_1_52' title='bbox 1530 481 1588 514; x_wconf 82' lang='lat'>155</span> 
     </span>
    </p>
   </div>
   <div class='ocr_carea' id='block_1_3' title="bbox 71 596 1592 1038">
    <p class='ocr_par' dir='ltr' id='par_1_3' title="bbox 286 596 1406 712">
     <span class='ocr_line' id='line_1_7' title="bbox 286 596 1406 648; baseline -0.001 -12"><span class='ocrx_word' id='word_1_53' title='bbox 286 599 362 637; x_wconf 73' lang='lat' dir='ltr'>Cu.</span> <span class='ocrx_word' id='word_1_54' title='bbox 396 605 604 648; x_wconf 80' lang='lat' dir='ltr'>postquam</span> <span class='ocrx_word' id='word_1_55' title='bbox 628 596 704 635; x_wconf 91' lang='lat' dir='ltr'>illic</span> <span class='ocrx_word' id='word_1_56' title='bbox 726 596 817 634; x_wconf 89' lang='lat' dir='ltr'>hine</span> <span class='ocrx_word' id='word_1_57' title='bbox 838 596 942 642; x_wconf 71' lang='lat' dir='ltr'>abiit,</span> <span class='ocrx_word' id='word_1_58' title='bbox 967 603 1055 646; x_wconf 85' lang='lat' dir='ltr'>post</span> <span class='ocrx_word' id='word_1_59' title='bbox 1076 596 1264 646; x_wconf 87' lang='lat' dir='ltr'>loquendi</span> <span class='ocrx_word' id='word_1_60' title='bbox 1286 596 1406 635; x_wconf 86' lang='lat' dir='ltr'>libere</span> 
     </span>
     <span class='ocr_line' id='line_1_8' title="bbox 286 660 1119 712; baseline -0.002 -11"><span class='ocrx_word' id='word_1_61' title='bbox 286 663 440 701; x_wconf 86' lang='lat' dir='ltr'>uidetur</span> <span class='ocrx_word' id='word_1_62' title='bbox 461 670 616 712; x_wconf 89' lang='lat' dir='ltr'>tempus</span> <span class='ocrx_word' id='word_1_63' title='bbox 637 661 793 700; x_wconf 88' lang='lat' dir='ltr'>uenisse</span> <span class='ocrx_word' id='word_1_64' title='bbox 813 668 931 711; x_wconf 88' lang='lat' dir='ltr'>atque</span> <span class='ocrx_word' id='word_1_65' title='bbox 953 660 1119 699; x_wconf 81' lang='lat' dir='ltr'>occasio.</span> 
     </span>
    </p>

    <p class='ocr_par' dir='ltr' id='par_1_4' title="bbox 71 727 1592 1038">
     <span class='ocr_line' id='line_1_9' title="bbox 71 727 1285 777; baseline -0.001 -11"><span class='ocrx_word' id='word_1_66' title='bbox 71 744 161 770; x_wconf 89' lang='lat'>1000</span> <span class='ocrx_word' id='word_1_67' title='bbox 287 729 362 766; x_wconf 86' lang='lat' dir='ltr'>iam</span> <span class='ocrx_word' id='word_1_68' title='bbox 385 728 536 766; x_wconf 87' lang='lat' dir='ltr'>dudum</span> <span class='ocrx_word' id='word_1_69' title='bbox 560 740 691 765; x_wconf 87' lang='lat' dir='ltr'>meum</span> <span class='ocrx_word' id='word_1_70' title='bbox 714 728 777 765; x_wconf 90' lang='lat' dir='ltr'>ille</span> <span class='ocrx_word' id='word_1_71' title='bbox 798 734 934 777; x_wconf 85' lang='lat' dir='ltr'>pectus</span> <span class='ocrx_word' id='word_1_72' title='bbox 957 727 1094 777; x_wconf 84' lang='lat' dir='ltr'>pungit</span> <span class='ocrx_word' id='word_1_73' title='bbox 1115 728 1285 774; x_wconf 87' lang='lat' dir='ltr'>aculeus,</span> 
     </span>
     <span class='ocr_line' id='line_1_10' title="bbox 287 792 1123 843; baseline -0.001 -12"><span class='ocrx_word' id='word_1_74' title='bbox 287 793 382 843; x_wconf 88' lang='lat' dir='ltr'>quid</span> <span class='ocrx_word' id='word_1_75' title='bbox 405 793 459 831; x_wconf 83' lang='lat' dir='ltr'>illi</span> <span class='ocrx_word' id='word_1_76' title='bbox 480 793 611 843; x_wconf 87' lang='lat' dir='ltr'>negoti</span> <span class='ocrx_word' id='word_1_77' title='bbox 633 792 745 831; x_wconf 85' lang='lat' dir='ltr'>fuerit</span> <span class='ocrx_word' id='word_1_78' title='bbox 766 799 857 831; x_wconf 83' lang='lat' dir='ltr'>ante</span> <span class='ocrx_word' id='word_1_79' title='bbox 877 792 985 831; x_wconf 81' lang='lat' dir='ltr'><strong>aedis</strong></span> <span class='ocrx_word' id='word_1_80' title='bbox 1007 806 1123 831; x_wconf 84' lang='lat' dir='ltr'>meas.</span> 
     </span>
     <span class='ocr_line' id='line_1_11' title="bbox 288 850 1592 908; baseline -0.004 -11"><span class='ocrx_word' id='word_1_81' title='bbox 288 872 378 897; x_wconf 83' lang='lat' dir='ltr'>nam</span> <span class='ocrx_word' id='word_1_82' title='bbox 401 857 568 908; x_wconf 79' lang='lat' dir='ltr'><strong>epistula</strong></span> <span class='ocrx_word' id='word_1_83' title='bbox 588 857 652 896; x_wconf 88' lang='lat' dir='ltr'>illa</span> <span class='ocrx_word' id='word_1_84' title='bbox 674 857 767 896; x_wconf 90' lang='lat' dir='ltr'>mihi</span> <span class='ocrx_word' id='word_1_85' title='bbox 789 856 1060 896; x_wconf 76' lang='lat' dir='ltr'>concenturiat</span> <span class='ocrx_word' id='word_1_86' title='bbox 1082 850 1229 896; x_wconf 75' lang='lat' dir='ltr'>metum</span> <span class='ocrx_word' id='word_1_87' title='bbox 1529 859 1592 892; x_wconf 85' lang='lat'>160</span> 
     </span>
     <span class='ocr_line' id='line_1_12' title="bbox 288 922 1360 974; baseline 0 -12"><span class='ocrx_word' id='word_1_88' title='bbox 288 924 327 962; x_wconf 90' lang='lat' dir='ltr'>in</span> <span class='ocrx_word' id='word_1_89' title='bbox 349 924 468 962; x_wconf 87' lang='lat' dir='ltr'>eorde</span> <span class='ocrx_word' id='word_1_90' title='bbox 489 931 526 961; x_wconf 90' lang='lat' dir='ltr'>et</span> <span class='ocrx_word' id='word_1_91' title='bbox 548 923 644 961; x_wconf 90' lang='lat' dir='ltr'>illud</span> <span class='ocrx_word' id='word_1_92' title='bbox 665 922 771 961; x_wconf 91' lang='lat' dir='ltr'>mille</span> <span class='ocrx_word' id='word_1_93' title='bbox 791 936 998 960; x_wconf 90' lang='lat' dir='ltr'>nummum</span> <span class='ocrx_word' id='word_1_94' title='bbox 1021 935 1138 972; x_wconf 89' lang='lat' dir='ltr'>quam</span> <span class='ocrx_word' id='word_1_95' title='bbox 1160 936 1240 961; x_wconf 89' lang='lat' dir='ltr'>rem</span> <span class='ocrx_word' id='word_1_96' title='bbox 1261 930 1360 974; x_wconf 84' lang='lat' dir='ltr'>agat.</span> 
     </span>
     <span class='ocr_line' id='line_1_13' title="bbox 290 987 1328 1038; baseline 0.001 -12"><span class='ocrx_word' id='word_1_97' title='bbox 290 1002 506 1038; x_wconf 80' lang='lat' dir='ltr'>numquam</span> <span class='ocrx_word' id='word_1_98' title='bbox 530 989 671 1038; x_wconf 89' lang='lat' dir='ltr'><strong>edepol</strong></span> <span class='ocrx_word' id='word_1_99' title='bbox 694 995 838 1026; x_wconf 89' lang='lat' dir='ltr'>temere</span> <span class='ocrx_word' id='word_1_100' title='bbox 859 987 974 1026; x_wconf 92' lang='lat' dir='ltr'>tinnit</span> <span class='ocrx_word' id='word_1_101' title='bbox 996 987 1304 1026; x_wconf 80' lang='lat' dir='ltr'>tintinnabulum</span> <span class='ocrx_word' id='word_1_102' title='bbox 1322 1005 1328 1027; x_wconf 91' lang='lat'>:</span> 
     </span>
    </p>
   </div>
   <div class='ocr_carea' id='block_1_4' title="bbox 76 1053 1592 1335">
    <p class='ocr_par' dir='ltr' id='par_1_5' title="bbox 76 1053 1592 1335">
     <span class='ocr_line' id='line_1_14' title="bbox 76 1053 1346 1103; baseline 0.001 -12"><span class='ocrx_word' id='word_1_103' title='bbox 76 1064 160 1101; x_wconf 86' lang='lat'>1005</span> <span class='ocrx_word' id='word_1_104' title='bbox 290 1053 363 1092; x_wconf 86' lang='lat' dir='ltr'>nisi</span> <span class='ocrx_word' id='word_1_105' title='bbox 385 1053 451 1103; x_wconf 92' lang='lat' dir='ltr'>qui</span> <span class='ocrx_word' id='word_1_106' title='bbox 474 1053 570 1092; x_wconf 91' lang='lat' dir='ltr'>illud</span> <span class='ocrx_word' id='word_1_107' title='bbox 593 1060 730 1091; x_wconf 87' lang='lat' dir='ltr'>tractat</span> <span class='ocrx_word' id='word_1_108' title='bbox 751 1060 817 1091; x_wconf 86' lang='lat' dir='ltr'>aut</span> <span class='ocrx_word' id='word_1_109' title='bbox 839 1060 983 1100; x_wconf 86' lang='lat' dir='ltr'>mouet,</span> <span class='ocrx_word' id='word_1_110' title='bbox 1008 1060 1211 1101; x_wconf 79' lang='lat' dir='ltr'>mutumst‚</span> <span class='ocrx_word' id='word_1_111' title='bbox 1234 1061 1346 1092; x_wconf 88' lang='lat' dir='ltr'>tacet.</span> 
     </span>
     <span class='ocr_line' id='line_1_15' title="bbox 289 1118 1475 1171; baseline 0.001 -13"><span class='ocrx_word' id='word_1_112' title='bbox 289 1121 359 1158; x_wconf 85' lang='lat' dir='ltr'>sed</span> <span class='ocrx_word' id='word_1_113' title='bbox 380 1119 466 1169; x_wconf 91' lang='lat' dir='ltr'>quis</span> <span class='ocrx_word' id='word_1_114' title='bbox 488 1119 552 1157; x_wconf 91' lang='lat' dir='ltr'>hic</span> <span class='ocrx_word' id='word_1_115' title='bbox 573 1126 629 1157; x_wconf 90' lang='lat' dir='ltr'>est</span> <span class='ocrx_word' id='word_1_116' title='bbox 651 1118 717 1168; x_wconf 90' lang='lat' dir='ltr'>qui</span> <span class='ocrx_word' id='word_1_117' title='bbox 739 1120 815 1157; x_wconf 88' lang='lat' dir='ltr'>huc</span> <span class='ocrx_word' id='word_1_118' title='bbox 837 1120 875 1156; x_wconf 87' lang='lat' dir='ltr'>in</span> <span class='ocrx_word' id='word_1_119' title='bbox 897 1120 1066 1168; x_wconf 79' lang='lat' dir='ltr'>plateam</span> <span class='ocrx_word' id='word_1_120' title='bbox 1088 1132 1286 1158; x_wconf 79' lang='lat' dir='ltr'>cursuram</span> <span class='ocrx_word' id='word_1_121' title='bbox 1309 1119 1475 1171; x_wconf 84' lang='lat' dir='ltr'>incipit?</span> 
     </span>
     <span class='ocr_line' id='line_1_16' title="bbox 289 1183 1592 1235; baseline 0.002 -12"><span class='ocrx_word' id='word_1_122' title='bbox 289 1185 397 1223; x_wconf 88' lang='lat' dir='ltr'>lubet</span> <span class='ocrx_word' id='word_1_123' title='bbox 419 1184 627 1234; x_wconf 76' lang='lat' dir='ltr'>opseruare</span> <span class='ocrx_word' id='word_1_124' title='bbox 648 1183 744 1233; x_wconf 89' lang='lat' dir='ltr'>quid</span> <span class='ocrx_word' id='word_1_125' title='bbox 765 1191 850 1233; x_wconf 81' lang='lat' dir='ltr'>agat</span> <span class='ocrx_word' id='word_1_126' title='bbox 870 1199 876 1222; x_wconf 72' lang='grc' dir='ltr'><em>τ</em></span> <span class='ocrx_word' id='word_1_127' title='bbox 906 1185 983 1222; x_wconf 88' lang='lat' dir='ltr'>huc</span> <span class='ocrx_word' id='word_1_128' title='bbox 1005 1198 1246 1223; x_wconf 88' lang='lat' dir='ltr'>concessero.</span> <span class='ocrx_word' id='word_1_129' title='bbox 1533 1193 1592 1235; x_wconf 87' lang='lat'>165</span> 
     </span>
     <span class='ocr_line' id='line_1_17' title="bbox 451 1297 1573 1335; baseline 0 0"><span class='ocrx_word' id='word_1_130' title='bbox 451 1298 731 1335; x_wconf 74' lang='lat' dir='ltr'>STAsles</span> <span class='ocrx_word' id='word_1_131' title='bbox 896 1297 1240 1335; x_wconf 78' lang='lat' dir='ltr'>CHARMIDES</span> <span class='ocrx_word' id='word_1_132' title='bbox 1529 1299 1573 1335; x_wconf 90' lang='lat' dir='ltr'>iii</span> 
     </span>
    </p>
   </div>
   <div class='ocr_carea' id='block_1_5' title="bbox 77 1380 1512 1628">
    <p class='ocr_par' dir='ltr' id='par_1_6' title="bbox 182 1380 1509 1494">
     <span class='ocr_line' id='line_1_18' title="bbox 182 1380 1509 1431; baseline -0.002 -11"><span class='ocrx_word' id='word_1_133' title='bbox 182 1382 245 1420; x_wconf 80' lang='lat' dir='ltr'>ST,</span> <span class='ocrx_word' id='word_1_134' title='bbox 278 1380 455 1427; x_wconf 85' lang='lat' dir='ltr'>Stasime,</span> <span class='ocrx_word' id='word_1_135' title='bbox 478 1381 538 1419; x_wconf 85' lang='lat' dir='ltr'>fac</span> <span class='ocrx_word' id='word_1_136' title='bbox 566 1387 603 1419; x_wconf 93' lang='lat' dir='ltr'>te</span> <span class='ocrx_word' id='word_1_137' title='bbox 631 1392 794 1430; x_wconf 91' lang='lat' dir='ltr'>propere</span> <span class='ocrx_word' id='word_1_138' title='bbox 819 1380 997 1427; x_wconf 84' lang='lat' dir='ltr'>celerem,</span> <span class='ocrx_word' id='word_1_139' title='bbox 1023 1380 1152 1431; x_wconf 88' lang='lat' dir='ltr'>recipe</span> <span class='ocrx_word' id='word_1_140' title='bbox 1172 1387 1210 1419; x_wconf 92' lang='lat' dir='ltr'>te</span> <span class='ocrx_word' id='word_1_141' title='bbox 1230 1381 1280 1419; x_wconf 86' lang='lat' dir='ltr'>ad</span> <span class='ocrx_word' id='word_1_142' title='bbox 1302 1380 1509 1419; x_wconf 85' lang='lat' dir='ltr'>dominum</span> 
     </span>
     <span class='ocr_line' id='line_1_19' title="bbox 1332 1447 1508 1494; baseline -0.006 -9"><span class='ocrx_word' id='word_1_143' title='bbox 1332 1447 1508 1494; x_wconf 87' lang='lat' dir='ltr'>domum,</span> 
     </span>
    </p>

    <p class='ocr_par' dir='ltr' id='par_1_7' title="bbox 77 1510 1512 1628">
     <span class='ocr_line' id='line_1_20' title="bbox 184 1510 1249 1565; baseline -0.001 -14"><span class='ocrx_word' id='word_1_144' title='bbox 184 1526 234 1551; x_wconf 88' lang='lat' dir='ltr'>ne</span> <span class='ocrx_word' id='word_1_145' title='bbox 255 1512 386 1551; x_wconf 87' lang='lat' dir='ltr'>subito</span> <span class='ocrx_word' id='word_1_146' title='bbox 407 1519 534 1551; x_wconf 88' lang='lat' dir='ltr'>metus</span> <span class='ocrx_word' id='word_1_147' title='bbox 556 1511 749 1551; x_wconf 88' lang='lat' dir='ltr'>exoriatur</span> <span class='ocrx_word' id='word_1_148' title='bbox 769 1511 937 1562; x_wconf 87' lang='lat' dir='ltr'>scapulis</span> <span class='ocrx_word' id='word_1_149' title='bbox 958 1511 1120 1550; x_wconf 89' lang='lat' dir='ltr'>stultitia</span> <span class='ocrx_word' id='word_1_150' title='bbox 1138 1510 1249 1565; x_wconf 72' lang='lat' dir='ltr'>(tua).</span> 
     </span>
     <span class='ocr_line' id='line_1_21' title="bbox 77 1577 1512 1628; baseline 0.002 -15"><span class='ocrx_word' id='word_1_151' title='bbox 77 1587 166 1614; x_wconf 86' lang='lat'>1010</span> <span class='ocrx_word' id='word_1_152' title='bbox 184 1579 287 1617; x_wconf 87' lang='lat' dir='ltr'>adde</span> <span class='ocrx_word' id='word_1_153' title='bbox 307 1579 482 1628; x_wconf 83' lang='lat' dir='ltr'>gradum,</span> <span class='ocrx_word' id='word_1_154' title='bbox 505 1579 734 1628; x_wconf 88' lang='lat' dir='ltr'>adpropera.</span> <span class='ocrx_word' id='word_1_155' title='bbox 780 1577 857 1616; x_wconf 90' lang='lat' dir='ltr'>iam</span> <span class='ocrx_word' id='word_1_156' title='bbox 875 1578 1026 1617; x_wconf 89' lang='lat' dir='ltr'>dudum</span> <span class='ocrx_word' id='word_1_157' title='bbox 1044 1579 1228 1616; x_wconf 85' lang='lat' dir='ltr'>factumst</span> <span class='ocrx_word' id='word_1_158' title='bbox 1244 1591 1365 1628; x_wconf 90' lang='lat' dir='ltr'>quom</span> <span class='ocrx_word' id='word_1_159' title='bbox 1382 1577 1512 1616; x_wconf 87' lang='lat' dir='ltr'>abiisti</span> 
     </span>
    </p>
   </div>
   <div class='ocr_carea' id='block_1_6' title="bbox 185 1645 1510 1747">
    <p class='ocr_par' dir='ltr' id='par_1_8' title="bbox 185 1645 1510 1747">
     <span class='ocr_line' id='line_1_22' title="bbox 1377 1645 1510 1682; baseline 0 0"><span class='ocrx_word' id='word_1_160' title='bbox 1377 1645 1510 1682; x_wconf 91' lang='lat' dir='ltr'>domo.</span> 
     </span>
     <span class='ocr_line' id='line_1_23' title="bbox 185 1684 1304 1747; baseline -0.001 -11"><span class='ocrx_word' id='word_1_161' title='bbox 185 1711 282 1736; x_wconf 89' lang='lat' dir='ltr'>caue</span> <span class='ocrx_word' id='word_1_162' title='bbox 303 1697 354 1736; x_wconf 91' lang='lat' dir='ltr'>sis</span> <span class='ocrx_word' id='word_1_163' title='bbox 376 1697 446 1736; x_wconf 89' lang='lat' dir='ltr'>tibi</span> <span class='ocrx_word' id='word_1_164' title='bbox 467 1711 517 1736; x_wconf 90' lang='lat' dir='ltr'>ne</span> <span class='ocrx_word' id='word_1_165' title='bbox 539 1684 677 1737; x_wconf 89' lang='lat' dir='ltr'>bubuli</span> <span class='ocrx_word' id='word_1_166' title='bbox 698 1697 737 1735; x_wconf 93' lang='lat' dir='ltr'>in</span> <span class='ocrx_word' id='word_1_167' title='bbox 760 1705 798 1736; x_wconf 92' lang='lat' dir='ltr'>te</span> <span class='ocrx_word' id='word_1_168' title='bbox 819 1697 967 1736; x_wconf 86' lang='lat' dir='ltr'>cottabi</span> <span class='ocrx_word' id='word_1_169' title='bbox 988 1697 1111 1736; x_wconf 87' lang='lat' dir='ltr'>crebri</span> <span class='ocrx_word' id='word_1_170' title='bbox 1133 1705 1304 1747; x_wconf 82' lang='lat' dir='ltr'>crepent,</span> 
     </span>
    </p>
   </div>
   <div class='ocr_carea' id='block_1_7' title="bbox 79 1762 1550 2074">
    <p class='ocr_par' dir='ltr' id='par_1_9' title="bbox 79 1762 1550 2074">
     <span class='ocr_line' id='line_1_24' title="bbox 184 1762 1550 1813; baseline 0.001 -12"><span class='ocrx_word' id='word_1_171' title='bbox 184 1762 215 1801; x_wconf 90' lang='lat' dir='ltr'>si</span> <span class='ocrx_word' id='word_1_172' title='bbox 236 1762 362 1801; x_wconf 86' lang='lat' dir='ltr'>aberis</span> <span class='ocrx_word' id='word_1_173' title='bbox 383 1763 433 1801; x_wconf 85' lang='lat' dir='ltr'>ab</span> <span class='ocrx_word' id='word_1_174' title='bbox 455 1762 507 1802; x_wconf 92' lang='lat' dir='ltr'>eri</span> <span class='ocrx_word' id='word_1_175' title='bbox 530 1762 771 1813; x_wconf 88' lang='lat' dir='ltr'>quaestione.</span> <span class='ocrx_word' id='word_1_176' title='bbox 833 1776 882 1801; x_wconf 90' lang='lat' dir='ltr'>ne</span> <span class='ocrx_word' id='word_1_177' title='bbox 904 1762 1097 1801; x_wconf 84' lang='lat' dir='ltr'>destiteris</span> <span class='ocrx_word' id='word_1_178' title='bbox 1120 1776 1282 1802; x_wconf 87' lang='lat' dir='ltr'>currere.</span> <span class='ocrx_word' id='word_1_179' title='bbox 1533 1781 1550 1812; x_wconf 86' lang='lat'><strong>5</strong></span> 
     </span>
     <span class='ocr_line' id='line_1_25' title="bbox 184 1827 1405 1879; baseline 0 -13"><span class='ocrx_word' id='word_1_180' title='bbox 184 1841 276 1866; x_wconf 90' lang='lat' dir='ltr'>ecce</span> <span class='ocrx_word' id='word_1_181' title='bbox 298 1827 500 1867; x_wconf 89' lang='lat' dir='ltr'>hominem</span> <span class='ocrx_word' id='word_1_182' title='bbox 521 1836 569 1876; x_wconf 88' lang='lat' dir='ltr'>te,</span> <span class='ocrx_word' id='word_1_183' title='bbox 594 1827 771 1875; x_wconf 87' lang='lat' dir='ltr'>Stasime‚</span> <span class='ocrx_word' id='word_1_184' title='bbox 795 1827 905 1866; x_wconf 89' lang='lat' dir='ltr'>nihili</span> <span class='ocrx_word' id='word_1_185' title='bbox 923 1831 929 1866; x_wconf 71' lang='grc' dir='ltr'><strong>Ξ</strong></span> <span class='ocrx_word' id='word_1_186' title='bbox 960 1827 1061 1866; x_wconf 90' lang='lat' dir='ltr'>satin</span> <span class='ocrx_word' id='word_1_187' title='bbox 1082 1827 1121 1865; x_wconf 90' lang='lat' dir='ltr'>in</span> <span class='ocrx_word' id='word_1_188' title='bbox 1143 1828 1405 1879; x_wconf 90' lang='lat' dir='ltr'>thermopolio</span> 
     </span>
     <span class='ocr_line' id='line_1_26' title="bbox 185 1893 1450 1944; baseline 0.001 -13"><span class='ocrx_word' id='word_1_189' title='bbox 185 1893 412 1932; x_wconf 86' lang='lat' dir='ltr'>condalium</span> <span class='ocrx_word' id='word_1_190' title='bbox 433 1906 473 1931; x_wconf 86' lang='lat' dir='ltr'>es</span> <span class='ocrx_word' id='word_1_191' title='bbox 494 1893 650 1940; x_wconf 89' lang='lat' dir='ltr'>oblitus,</span> <span class='ocrx_word' id='word_1_192' title='bbox 674 1900 883 1943; x_wconf 87' lang='lat' dir='ltr'>postquam</span> <span class='ocrx_word' id='word_1_193' title='bbox 905 1893 1204 1943; x_wconf 89' lang='lat' dir='ltr'>thermopotasti</span> <span class='ocrx_word' id='word_1_194' title='bbox 1225 1896 1450 1944; x_wconf 86' lang='lat' dir='ltr'>gutturem?</span> 
     </span>
     <span class='ocr_line' id='line_1_27' title="bbox 79 1956 1510 2009; baseline 0.001 -13"><span class='ocrx_word' id='word_1_195' title='bbox 79 1970 164 2007; x_wconf 86' lang='lat'>1015</span> <span class='ocrx_word' id='word_1_196' title='bbox 185 1958 314 2008; x_wconf 88' lang='lat' dir='ltr'>recipe</span> <span class='ocrx_word' id='word_1_197' title='bbox 328 1965 366 1996; x_wconf 90' lang='lat' dir='ltr'>te</span> <span class='ocrx_word' id='word_1_198' title='bbox 382 1966 419 1996; x_wconf 90' lang='lat' dir='ltr'>et</span> <span class='ocrx_word' id='word_1_199' title='bbox 436 1970 587 1996; x_wconf 89' lang='lat' dir='ltr'>recurre</span> <span class='ocrx_word' id='word_1_200' title='bbox 601 1965 733 2008; x_wconf 90' lang='lat' dir='ltr'>petere</span> <span class='ocrx_word' id='word_1_201' title='bbox 745 1956 820 2009; x_wconf 74' lang='lat' dir='ltr'>(re)</span> <span class='ocrx_word' id='word_1_202' title='bbox 832 1957 991 1996; x_wconf 89' lang='lat' dir='ltr'>recenti.</span> <span class='ocrx_word' id='word_1_203' title='bbox 1032 1958 1110 1997; x_wconf 82' lang='lat' dir='ltr'>CH.</span> <span class='ocrx_word' id='word_1_204' title='bbox 1133 1957 1235 2006; x_wconf 88' lang='lat' dir='ltr'>huic,</span> <span class='ocrx_word' id='word_1_205' title='bbox 1251 1958 1428 2008; x_wconf 85' lang='lat' dir='ltr'>quisquis</span> <span class='ocrx_word' id='word_1_206' title='bbox 1442 1966 1510 2005; x_wconf 88' lang='lat' dir='ltr'>est,</span> 
     </span>
     <span class='ocr_line' id='line_1_28' title="bbox 185 2022 1412 2074; baseline 0 -12"><span class='ocrx_word' id='word_1_207' title='bbox 185 2023 398 2074; x_wconf 79' lang='lat' dir='ltr'>gurguliost</span> <span class='ocrx_word' id='word_1_208' title='bbox 419 2023 630 2062; x_wconf 81' lang='lat' dir='ltr'>exercitor:</span> <span class='ocrx_word' id='word_1_209' title='bbox 660 2022 691 2062; x_wconf 90' lang='lat' dir='ltr'>is</span> <span class='ocrx_word' id='word_1_210' title='bbox 711 2024 818 2061; x_wconf 84' lang='lat' dir='ltr'>hunc</span> <span class='ocrx_word' id='word_1_211' title='bbox 839 2022 1040 2061; x_wconf 79' lang='lat' dir='ltr'>hominem</span> <span class='ocrx_word' id='word_1_212' title='bbox 1063 2036 1263 2062; x_wconf 86' lang='lat' dir='ltr'>cursuram</span> <span class='ocrx_word' id='word_1_213' title='bbox 1284 2025 1412 2063; x_wconf 89' lang='lat' dir='ltr'>docet.</span> 
     </span>
    </p>
   </div>
   <div class='ocr_carea' id='block_1_8' title="bbox 186 2125 1515 2426">
    <p class='ocr_par' dir='ltr' id='par_1_10' title="bbox 186 2125 1515 2426">
     <span class='ocr_line' id='line_1_29' title="bbox 229 2125 1512 2167; baseline 0.002 -11"><span class='ocrx_word' id='word_1_214' title='bbox 229 2136 294 2166; x_wconf 86' lang='lat'>993</span> <span class='ocrx_word' id='word_1_215' title='bbox 319 2126 512 2166; x_wconf 87' lang='lat' dir='ltr'>inportunio</span> <span class='ocrx_word' id='word_1_216' title='bbox 530 2125 595 2157; x_wconf 86' lang='lat' dir='ltr'>cod.</span> <span class='ocrx_word' id='word_1_217' title='bbox 686 2137 749 2166; x_wconf 90' lang='lat'>994</span> <span class='ocrx_word' id='word_1_218' title='bbox 767 2131 915 2157; x_wconf 88' lang='lat' dir='ltr'>ceterum</span> <span class='ocrx_word' id='word_1_219' title='bbox 936 2125 1149 2158; x_wconf 77' lang='lat' dir='ltr'>Gulielmius:</span> <span class='ocrx_word' id='word_1_220' title='bbox 1167 2127 1227 2157; x_wconf 87' lang='lat' dir='ltr'>sed</span> <span class='ocrx_word' id='word_1_221' title='bbox 1245 2128 1319 2167; x_wconf 72' lang='lat' dir='ltr'>(pro</span> <span class='ocrx_word' id='word_1_222' title='bbox 1334 2128 1402 2158; x_wconf 43' lang='lat' dir='ltr'>set}</span> <span class='ocrx_word' id='word_1_223' title='bbox 1419 2138 1512 2159; x_wconf 88' lang='lat' dir='ltr'>erum</span> 
     </span>
     <span class='ocr_line' id='line_1_30' title="bbox 186 2169 1512 2210; baseline 0.001 -9"><span class='ocrx_word' id='word_1_224' title='bbox 186 2171 252 2202; x_wconf 81' lang='lat' dir='ltr'>cod.</span> <span class='ocrx_word' id='word_1_225' title='bbox 358 2170 527 2200; x_wconf 88' lang='lat' dir='ltr'>interdum</span> <span class='ocrx_word' id='word_1_226' title='bbox 545 2169 609 2200; x_wconf 85' lang='lat' dir='ltr'>cod.</span> <span class='ocrx_word' id='word_1_227' title='bbox 627 2181 633 2200; x_wconf 90' lang='lat'>:</span> <span class='ocrx_word' id='word_1_228' title='bbox 673 2181 753 2202; x_wconf 81' lang='lat' dir='ltr'>corr.</span> <span class='ocrx_word' id='word_1_229' title='bbox 777 2169 986 2201; x_wconf 77' lang='lat' dir='ltr'>Camerarius</span> <span class='ocrx_word' id='word_1_230' title='bbox 1126 2181 1189 2210; x_wconf 87' lang='lat'>995</span> <span class='ocrx_word' id='word_1_231' title='bbox 1214 2171 1254 2201; x_wconf 92' lang='lat' dir='ltr'>ad</span> <span class='ocrx_word' id='word_1_232' title='bbox 1272 2171 1346 2201; x_wconf 79' lang='lat' dir='ltr'>Ital.</span> <span class='ocrx_word' id='word_1_233' title='bbox 1366 2183 1373 2201; x_wconf 91' lang='lat'>:</span> <span class='ocrx_word' id='word_1_234' title='bbox 1399 2172 1429 2202; x_wconf 91' lang='lat' dir='ltr'>id</span> <span class='ocrx_word' id='word_1_235' title='bbox 1447 2172 1512 2202; x_wconf 80' lang='lat' dir='ltr'><em>cod.</em></span> 
     </span>
     <span class='ocr_line' id='line_1_31' title="bbox 186 2213 1513 2254; baseline 0.001 -10"><span class='ocrx_word' id='word_1_236' title='bbox 186 2225 248 2254; x_wconf 90' lang='lat'>997</span> <span class='ocrx_word' id='word_1_237' title='bbox 275 2214 330 2253; x_wconf 89' lang='lat' dir='ltr'>qui</span> <span class='ocrx_word' id='word_1_238' title='bbox 348 2218 381 2244; x_wconf 86' lang='lat' dir='ltr'>te</span> <span class='ocrx_word' id='word_1_239' title='bbox 399 2213 430 2243; x_wconf 89' lang='lat' dir='ltr'>di</span> <span class='ocrx_word' id='word_1_240' title='bbox 448 2213 595 2254; x_wconf 79' lang='lat' dir='ltr'>Scaliger</span> <span class='ocrx_word' id='word_1_241' title='bbox 611 2225 618 2244; x_wconf 91' lang='lat'>:</span> <span class='ocrx_word' id='word_1_242' title='bbox 641 2223 708 2252; x_wconf 90' lang='lat' dir='ltr'>quo</span> <span class='ocrx_word' id='word_1_243' title='bbox 726 2215 757 2244; x_wconf 90' lang='lat' dir='ltr'>di</span> <span class='ocrx_word' id='word_1_244' title='bbox 777 2219 809 2244; x_wconf 88' lang='lat' dir='ltr'>te</span> <span class='ocrx_word' id='word_1_245' title='bbox 826 2213 892 2245; x_wconf 84' lang='lat' dir='ltr'>cod.</span> <span class='ocrx_word' id='word_1_246' title='bbox 1044 2224 1126 2245; x_wconf 91' lang='lat'>1002</span> <span class='ocrx_word' id='word_1_247' title='bbox 1151 2215 1318 2254; x_wconf 82' lang='lat' dir='ltr'>epistulae</span> <span class='ocrx_word' id='word_1_248' title='bbox 1338 2215 1415 2245; x_wconf 89' lang='lat' dir='ltr'>illae</span> <span class='ocrx_word' id='word_1_249' title='bbox 1432 2216 1513 2246; x_wconf 82' lang='lat' dir='ltr'>mihi</span> 
     </span>
     <span class='ocr_line' id='line_1_32' title="bbox 187 2256 1511 2297; baseline 0.002 -9"><span class='ocrx_word' id='word_1_250' title='bbox 187 2257 444 2288; x_wconf 73' lang='lat' dir='ltr'>concentui-iant</span> <span class='ocrx_word' id='word_1_251' title='bbox 461 2256 567 2297; x_wconf 81' lang='lat' dir='ltr'>Meyer</span> <span class='ocrx_word' id='word_1_252' title='bbox 679 2267 762 2296; x_wconf 86' lang='lat'>1004</span> <span class='ocrx_word' id='word_1_253' title='bbox 789 2268 968 2297; x_wconf 87' lang='lat' dir='ltr'>numquem</span> <span class='ocrx_word' id='word_1_254' title='bbox 985 2257 1051 2289; x_wconf 84' lang='lat' dir='ltr'><em>cod.</em></span> <span class='ocrx_word' id='word_1_255' title='bbox 1167 2268 1249 2297; x_wconf 87' lang='lat'>1005</span> <span class='ocrx_word' id='word_1_256' title='bbox 1274 2264 1386 2289; x_wconf 85' lang='lat' dir='ltr'>mutus</span> <span class='ocrx_word' id='word_1_257' title='bbox 1403 2264 1425 2290; x_wconf 89' lang='lat' dir='ltr'>t.</span> <span class='ocrx_word' id='word_1_258' title='bbox 1445 2259 1511 2291; x_wconf 88' lang='lat' dir='ltr'>cod.</span> 
     </span>
     <span class='ocr_line' id='line_1_33' title="bbox 192 2300 1515 2341; baseline 0.002 -11"><span class='ocrx_word' id='word_1_259' title='bbox 192 2312 274 2341; x_wconf 88' lang='lat'>1009</span> <span class='ocrx_word' id='word_1_260' title='bbox 308 2301 450 2332; x_wconf 79' lang='lat' dir='ltr'>stultitia</span> <span class='ocrx_word' id='word_1_261' title='bbox 480 2305 535 2331; x_wconf 88' lang='lat' dir='ltr'>tua</span> <span class='ocrx_word' id='word_1_262' title='bbox 569 2300 802 2332; x_wconf 81' lang='lat' dir='ltr'>Camerarius:</span> <span class='ocrx_word' id='word_1_263' title='bbox 842 2301 1015 2331; x_wconf 85' lang='lat' dir='ltr'>stultitiam</span> <span class='ocrx_word' id='word_1_264' title='bbox 1047 2301 1118 2332; x_wconf 84' lang='lat' dir='ltr'><em>cod.</em></span> <span class='ocrx_word' id='word_1_265' title='bbox 1298 2312 1380 2332; x_wconf 88' lang='lat'>1012</span> <span class='ocrx_word' id='word_1_266' title='bbox 1403 2303 1515 2333; x_wconf 85' lang='lat' dir='ltr'>aberis</span> 
     </span>
     <span class='ocr_line' id='line_1_34' title="bbox 190 2344 1513 2383; baseline 0.001 -8"><span class='ocrx_word' id='word_1_267' title='bbox 190 2344 420 2375; x_wconf 68' lang='lat' dir='ltr'>Caum-arms:</span> <span class='ocrx_word' id='word_1_268' title='bbox 443 2344 566 2375; x_wconf 85' lang='lat' dir='ltr'>abieris</span> <span class='ocrx_word' id='word_1_269' title='bbox 590 2344 655 2375; x_wconf 84' lang='lat' dir='ltr'><em>cod.</em></span> <span class='ocrx_word' id='word_1_270' title='bbox 793 2355 874 2383; x_wconf 86' lang='lat'>1013</span> <span class='ocrx_word' id='word_1_271' title='bbox 899 2355 977 2375; x_wconf 87' lang='lat' dir='ltr'>ecce</span> <span class='ocrx_word' id='word_1_272' title='bbox 1001 2350 1034 2375; x_wconf 88' lang='lat' dir='ltr'>te</span> <span class='ocrx_word' id='word_1_273' title='bbox 1058 2345 1226 2376; x_wconf 85' lang='lat' dir='ltr'>hominem</span> <span class='ocrx_word' id='word_1_274' title='bbox 1252 2346 1340 2376; x_wconf 71' lang='lat' dir='ltr'>Baclt</span> <span class='ocrx_word' id='word_1_275' title='bbox 1429 2346 1513 2376; x_wconf 87' lang='lat' dir='ltr'>nihil</span> 
     </span>
     <span class='ocr_line' id='line_1_35' title="bbox 188 2387 857 2426; baseline 0 -8"><span class='ocrx_word' id='word_1_276' title='bbox 188 2388 252 2419; x_wconf 84' lang='lat' dir='ltr'>cod.</span> <span class='ocrx_word' id='word_1_277' title='bbox 392 2398 472 2426; x_wconf 85' lang='lat'>1015</span> <span class='ocrx_word' id='word_1_278' title='bbox 498 2398 534 2418; x_wconf 84' lang='lat' dir='ltr'>re</span> <span class='ocrx_word' id='word_1_279' title='bbox 550 2387 625 2419; x_wconf 83' lang='lat' dir='ltr'>add.</span> <span class='ocrx_word' id='word_1_280' title='bbox 647 2387 857 2419; x_wconf 75' lang='lat' dir='ltr'>Camerarius</span> 
     </span>
    </p>
   </div>
  </div>
 </body>
</html>
