1783 2707
203 1153 241 1175 10

202 1479 237 1511 15

213 1641 243 1678 ii

773 361 1010 409 ACTVS
1063 360 1082 406 Ι

721 469 1143 506 MEGARONIDES

315 555 501 595 Amicum
523 555 710 605 castigare
731 555 783 592 ob
805 553 983 592 meritam
1005 551 1162 591 noxiam

315 621 500 658 inmoene
521 627 578 658 est
600 619 764 666 facinus,
785 631 922 656 uerum
944 617 983 655 in
1004 624 1131 655 aetate
1153 615 1245 654 utile

315 693 352 724 ct
374 685 633 724 conducibile.
693 684 783 722 na‘m
806 697 878 733 ego
898 682 1069 720 amicum
1091 681 1210 720 hodie
1231 694 1363 719 meum

316 749 595 799 concastigabo
617 762 687 799 pro
708 747 939 786 commerita
960 747 1088 795 noxia,

315 815 472 861 inuitus,
496 814 535 852 ni
556 814 596 853 id
618 828 680 852 me
701 813 840 852 inuitet
861 820 903 851 ut
924 812 1063 851 faciam
1085 813 1192 850 fides.

315 894 406 918 nam
428 879 491 917 bic
513 879 677 917 nimium
700 879 860 917 morbus
882 891 1010 916 mores
1032 877 1175 915 inuasit
1196 877 1322 915 bonos
1340 890 1351 924 3

314 945 367 983 ita
387 944 562 995 plerique
584 957 722 982 omnes
744 943 821 982 iam
843 950 934 981 sunt
955 942 1210 981 intermortui.

315 1011 384 1048 sed
406 1011 501 1048 dum
523 1009 575 1047 illi
597 1016 811 1059 aegrotant,
835 1007 990 1046 interim
1011 1020 1138 1046 mores
1161 1006 1252 1045 mali

315 1075 425 1125 quasi
448 1076 569 1113 herba
590 1074 739 1124 inrigua
761 1086 991 1112 succreuere
1012 1073 1220 1111 uberrume
1238 1086 1247 1119 3

314 1154 444 1190 neque
465 1140 677 1190 quicquam
698 1139 762 1177 bic
783 1152 889 1176 nunc
910 1144 968 1176 est
988 1137 1065 1175 uile
1086 1136 1159 1174 nisi
1181 1150 1307 1174 mores
1329 1135 1446 1184 mali3

314 1219 448 1243 eorum
470 1205 560 1243 licet
581 1204 658 1242 iam
681 1211 827 1242 metere
849 1216 1018 1241 messem
1039 1215 1287 1240 maxumam:

312 1270 515 1320 nimioque
536 1270 599 1307 hic
621 1269 741 1319 pluris
762 1268 992 1319 pauciorum
1013 1267 1175 1317 gratiam

310 1336 457 1374 faciunt
479 1349 565 1386 pars
586 1334 793 1373 hominum
815 1348 933 1384 quam
954 1333 994 1372 id
1016 1334 1123 1383 quod
1145 1331 1293 1382 prosint
1313 1331 1500 1382 pluribus.

312 1401 365 1439 ita
385 1401 550 1439 uincunt
574 1400 670 1438 illud
692 1398 945 1438 conducibile
965 1398 1120 1448 gratiae,

312 1480 413 1516 quae
435 1465 472 1503 in
494 1466 610 1504 rebus
631 1464 763 1503 multis
785 1471 941 1515 opstant
962 1463 1223 1513 odiossaeque
1244 1470 1335 1500 sunt

314 1544 587 1581 remoramque
607 1529 755 1568 faciunt
775 1529 828 1568 rei
850 1528 1023 1579 priuatae
1044 1536 1081 1567 et
1102 1527 1293 1578 publicae.

479 1644 796 1682 CALL1cLEs
909 1643 1333 1679 MEGARONIDES

315 1726 385 1764 CA.
419 1727 559 1764 Larem
581 1738 727 1763 corona
747 1731 924 1762 nostrum
945 1722 1121 1762 decorari
1141 1724 1244 1761 uolo.

312 1803 417 1837 uxor,
442 1804 627 1828 uenerare
648 1797 690 1827 ut
712 1788 827 1827 nobis
847 1790 946 1827 haec
967 1787 1157 1827 habitatio

313 1856 428 1902 bona,
452 1857 588 1902 fausta,
611 1854 701 1893 felix
724 1856 1001 1904 fortunataque
1023 1860 1220 1892 euenat—

312 1927 430 1970 teque
451 1928 492 1958 ut
513 1934 632 1970 quam
654 1919 823 1970 primum
845 1918 992 1969 possim
1015 1919 1171 1957 uideam
1194 1925 1422 1956 emortuam.

313 1986 396 2022 ME.
429 1985 492 2023 hic
514 1985 577 2023 ille
599 1984 656 2023 e'st
678 1991 837 2023 senecta
856 1991 983 2021 aetate
1005 1983 1070 2033 qui
1092 1984 1232 2021 factust
1253 1996 1358 2033 puer,

311 2049 377 2099 qui
398 2048 555 2088 admisit
576 2049 614 2087 in
637 2063 677 2088 se
699 2051 855 2098 culpam
877 2047 1154 2098 castigabilem.

1608 1018 1654 1052 30

1607 1341 1649 1378 35

1606 1801 1652 1835 40

299 2164 341 2192 23
364 2164 417 2184 me
437 2154 469 2194 (i.
486 2165 508 2185 e.
530 2153 615 2192 ΜΕ.)
641 2154 783 2184 amicum
802 2152 833 2182 P
934 2152 1016 2193 [non
1041 2151 1144 2192 mala]
1171 2152 1305 2182 noxiam
1330 2152 1363 2182 P
1385 2152 1410 2191 (Ζ
1423 2151 1464 2182 iv.
1487 2162 1525 2191 3;
1552 2151 1583 2182 Μ

250 2203 313 2238 pro
331 2198 372 2233 X,
395 2198 420 2227 L
440 2203 501 2237 pro
519 2197 550 2231 15
662 2206 703 2235 25
729 2197 827 2227 hodie
845 2195 988 2226 amicum
1006 2196 1038 2224 A
1151 2206 1190 2234 27
1217 2206 1269 2225 me
1287 2196 1319 2225 id
1338 2194 1370 2224 P
1434 2196 1534 2226 saciat
1550 2195 1584 2225 A

254 2252 296 2280 29
313 2242 467 2281 plerique
485 2241 578 2271 ‘libri
592 2241 663 2271 vet.’
683 2239 860 2270 Lambini:
887 2240 1045 2278 prerique
1064 2238 1096 2268 A
1113 2250 1119 2269 ε
1145 2238 1341 2278 plerumque
1357 2238 1391 2267 P
1477 2240 1582 2269 homi-

254 2295 315 2315 nes
340 2286 372 2315 A
508 2294 546 2323 31
574 2288 815 2315 succreuerunt
842 2282 875 2312 P
898 2283 931 2321 (j.
946 2293 968 2313 e.
993 2287 1190 2313 succrerunt
1205 2284 1230 2313 25
1379 2292 1420 2321 33
1445 2286 1519 2312 ante
1539 2292 1582 2321 32

255 2329 568 2359 collocatBuecheler
668 2338 710 2366 32
731 2328 799 2357 uile
816 2336 906 2356 nunc
921 2331 973 2356 est
989 2326 1023 2355 P
1116 2327 1159 2364 36
1182 2325 1405 2356 conductibile
1422 2323 1455 2355 P
1540 2337 1582 2364 40

256 2373 351 2402 uobis
368 2372 400 2401 A
521 2382 561 2406 42
586 2372 692 2411 possit
709 2370 894 2401 Lambinus
