<?xml version="1.0" encoding="UTF-8"?>
<!DOCTYPE html PUBLIC "-//W3C//DTD XHTML 1.0 Transitional//EN"
    "http://www.w3.org/TR/xhtml1/DTD/xhtml1-transitional.dtd">
<html xmlns="http://www.w3.org/1999/xhtml" xml:lang="en" lang="en">
 <head>
  <title>
</title>
<meta http-equiv="Content-Type" content="text/html;charset=utf-8" />
  <meta name='ocr-system' content='tesseract 3.04.00' />
  <meta name='ocr-capabilities' content='ocr_page ocr_carea ocr_par ocr_line ocrx_word'/>
</head>
<body>
  <div class='ocr_page' id='page_1' title='image "./tmacciplauticomo02plauuoft_0484.png"; bbox 0 0 1783 2707; ppageno 0'>
   <div class='ocr_carea' id='block_1_1' title="bbox 180 119 257 156">
    <p class='ocr_par' dir='ltr' id='par_1_1' title="bbox 180 119 257 156">
     <span class='ocr_line' id='line_1_1' title="bbox 180 119 257 156; baseline 0 0"><span class='ocrx_word' id='word_1_1' title='bbox 180 119 257 156; x_wconf 91' lang='lat' dir='ltr'><strong>III.</strong></span> 
     </span>
    </p>
   </div>
   <div class='ocr_carea' id='block_1_2' title="bbox 215 826 256 860">
    <p class='ocr_par' dir='ltr' id='par_1_2' title="bbox 215 826 256 860">
     <span class='ocr_line' id='line_1_2' title="bbox 215 826 256 860; baseline 0 -12"><span class='ocrx_word' id='word_1_2' title='bbox 215 826 256 860; x_wconf 78' lang='lat'>70</span> 
     </span>
    </p>
   </div>
   <div class='ocr_carea' id='block_1_3' title="bbox 217 1152 232 1185">
    <p class='ocr_par' dir='ltr' id='par_1_3' title="bbox 217 1152 232 1185">
     <span class='ocr_line' id='line_1_3' title="bbox 217 1152 232 1185; textangle 90"><span class='ocrx_word' id='word_1_3' title='bbox 217 1152 232 1185; x_wconf 53' lang='grc' dir='ltr'>λῘ</span> 
     </span>
    </p>
   </div>
   <div class='ocr_carea' id='block_1_4' title="bbox 215 1475 256 1506">
    <p class='ocr_par' dir='ltr' id='par_1_4' title="bbox 215 1475 256 1506">
     <span class='ocr_line' id='line_1_4' title="bbox 215 1475 256 1506; baseline 0.024 -1"><span class='ocrx_word' id='word_1_4' title='bbox 215 1475 256 1506; x_wconf 77' lang='grc'>80</span> 
     </span>
    </p>
   </div>
   <div class='ocr_carea' id='block_1_5' title="bbox 278 118 1197 156">
    <p class='ocr_par' dir='ltr' id='par_1_5' title="bbox 278 118 1197 156">
     <span class='ocr_line' id='line_1_5' title="bbox 278 118 1197 156; baseline -0.001 -1"><span class='ocrx_word' id='word_1_5' title='bbox 278 119 323 155; x_wconf 79' lang='lat' dir='ltr'>iii</span> <span class='ocrx_word' id='word_1_6' title='bbox 702 119 748 156; x_wconf 84' lang='lat' dir='ltr'>T.</span> <span class='ocrx_word' id='word_1_7' title='bbox 782 118 961 156; x_wconf 80' lang='lat' dir='ltr'><strong>MACCI</strong></span> <span class='ocrx_word' id='word_1_8' title='bbox 995 118 1197 155; x_wconf 67' lang='lat' dir='ltr'><strong>PLAVTI</strong></span> 
     </span>
    </p>
   </div>
   <div class='ocr_carea' id='block_1_6' title="bbox 326 227 1602 1977">
    <p class='ocr_par' dir='ltr' id='par_1_6' title="bbox 330 227 1220 284">
     <span class='ocr_line' id='line_1_6' title="bbox 330 227 1220 284; baseline -0.004 -14"><span class='ocrx_word' id='word_1_9' title='bbox 330 230 416 284; x_wconf 90' lang='lat' dir='ltr'>[sed</span> <span class='ocrx_word' id='word_1_10' title='bbox 437 244 558 281; x_wconf 89' lang='lat' dir='ltr'>quom</span> <span class='ocrx_word' id='word_1_11' title='bbox 581 231 804 281; x_wconf 82' lang='lat' dir='ltr'>opsignatas</span> <span class='ocrx_word' id='word_1_12' title='bbox 825 230 995 268; x_wconf 87' lang='lat' dir='ltr'>attulerit</span> <span class='ocrx_word' id='word_1_13' title='bbox 1018 227 1220 281; x_wconf 78' lang='lat' dir='ltr'>epistulas]</span> 
     </span>
    </p>

    <p class='ocr_par' dir='ltr' id='par_1_7' title="bbox 328 294 1234 334">
     <span class='ocr_line' id='line_1_7' title="bbox 328 294 1234 334; baseline -0.003 0"><span class='ocrx_word' id='word_1_14' title='bbox 328 309 461 334; x_wconf 90' lang='lat' dir='ltr'>nonne</span> <span class='ocrx_word' id='word_1_15' title='bbox 482 295 676 334; x_wconf 84' lang='lat' dir='ltr'>arbitraris</span> <span class='ocrx_word' id='word_1_16' title='bbox 698 309 787 333; x_wconf 90' lang='lat' dir='ltr'>eum</span> <span class='ocrx_word' id='word_1_17' title='bbox 810 295 1105 333; x_wconf 73' lang='lat' dir='ltr'>adulescentem</span> <span class='ocrx_word' id='word_1_18' title='bbox 1128 294 1234 332; x_wconf 86' lang='lat' dir='ltr'>anuli</span> 
     </span>
    </p>

    <p class='ocr_par' dir='ltr' id='par_1_8' title="bbox 328 359 1369 474">
     <span class='ocr_line' id='line_1_8' title="bbox 328 359 1334 412; baseline -0.003 -13"><span class='ocrx_word' id='word_1_19' title='bbox 328 361 475 412; x_wconf 88' lang='lat' dir='ltr'>paterni</span> <span class='ocrx_word' id='word_1_20' title='bbox 499 361 652 410; x_wconf 84' lang='lat' dir='ltr'>signum</span> <span class='ocrx_word' id='word_1_21' title='bbox 674 362 823 398; x_wconf 81' lang='lat' dir='ltr'>nosse?</span> <span class='ocrx_word' id='word_1_22' title='bbox 881 361 964 397; x_wconf 65' lang='lat' dir='ltr'>Mn.</span> <span class='ocrx_word' id='word_1_23' title='bbox 998 359 1114 397; x_wconf 75' lang='lat' dir='ltr'>etiam</span> <span class='ocrx_word' id='word_1_24' title='bbox 1137 366 1177 397; x_wconf 90' lang='lat' dir='ltr'>tu</span> <span class='ocrx_word' id='word_1_25' title='bbox 1199 360 1334 396; x_wconf 86' lang='lat' dir='ltr'>taces?</span> 
     </span>
     <span class='ocr_line' id='line_1_9' title="bbox 328 423 1369 474; baseline -0.003 -9"><span class='ocrx_word' id='word_1_26' title='bbox 328 433 530 465; x_wconf 83' lang='lat' dir='ltr'>sescentae</span> <span class='ocrx_word' id='word_1_27' title='bbox 549 427 600 465; x_wconf 88' lang='lat' dir='ltr'>ad</span> <span class='ocrx_word' id='word_1_28' title='bbox 622 439 708 464; x_wconf 87' lang='lat' dir='ltr'>earn</span> <span class='ocrx_word' id='word_1_29' title='bbox 731 439 811 464; x_wconf 91' lang='lat' dir='ltr'>rem</span> <span class='ocrx_word' id='word_1_30' title='bbox 834 438 995 463; x_wconf 75' lang='lat' dir='ltr'>caussae</span> <span class='ocrx_word' id='word_1_31' title='bbox 1015 431 1179 474; x_wconf 83' lang='lat' dir='ltr'>possunt</span> <span class='ocrx_word' id='word_1_32' title='bbox 1201 423 1344 473; x_wconf 83' lang='lat' dir='ltr'>conligi</span> <span class='ocrx_word' id='word_1_33' title='bbox 1363 439 1369 462; x_wconf 90' lang='lat'>:</span> 
     </span>
    </p>

    <p class='ocr_par' dir='ltr' id='par_1_9' title="bbox 328 486 1522 607">
     <span class='ocr_line' id='line_1_10' title="bbox 328 486 1522 542; baseline -0.003 -12"><span class='ocrx_word' id='word_1_34' title='bbox 328 492 437 530; x_wconf 77' lang='lat' dir='ltr'>illt‘irn</span> <span class='ocrx_word' id='word_1_35' title='bbox 459 505 576 542; x_wconf 87' lang='lat' dir='ltr'>quern</span> <span class='ocrx_word' id='word_1_36' title='bbox 598 491 735 529; x_wconf 73' lang='lat' dir='ltr'>habuit</span> <span class='ocrx_word' id='word_1_37' title='bbox 756 490 937 540; x_wconf 83' lang='lat' dir='ltr'>perdidit,</span> <span class='ocrx_word' id='word_1_38' title='bbox 966 488 1101 542; x_wconf 84' lang='lat' dir='ltr'>[alium</span> <span class='ocrx_word' id='word_1_39' title='bbox 1123 486 1230 540; x_wconf 89' lang='lat' dir='ltr'>post]</span> <span class='ocrx_word' id='word_1_40' title='bbox 1252 488 1342 527; x_wconf 87' lang='lat' dir='ltr'>fecit</span> <span class='ocrx_word' id='word_1_41' title='bbox 1364 501 1522 527; x_wconf 89' lang='lat' dir='ltr'>nouom.</span> 
     </span>
     <span class='ocr_line' id='line_1_11' title="bbox 328 555 1296 607; baseline -0.003 -12"><span class='ocrx_word' id='word_1_42' title='bbox 328 557 405 595; x_wconf 88' lang='lat' dir='ltr'>iam</span> <span class='ocrx_word' id='word_1_43' title='bbox 427 556 457 595; x_wconf 88' lang='lat' dir='ltr'>si</span> <span class='ocrx_word' id='word_1_44' title='bbox 479 556 702 607; x_wconf 80' lang='lat' dir='ltr'>opsignatas</span> <span class='ocrx_word' id='word_1_45' title='bbox 724 569 805 594; x_wconf 90' lang='lat' dir='ltr'>non</span> <span class='ocrx_word' id='word_1_46' title='bbox 827 557 932 601; x_wconf 85' lang='lat' dir='ltr'>feret,</span> <span class='ocrx_word' id='word_1_47' title='bbox 958 555 1034 593; x_wconf 89' lang='lat' dir='ltr'>dici</span> <span class='ocrx_word' id='word_1_48' title='bbox 1057 556 1132 592; x_wconf 89' lang='lat' dir='ltr'>hoc</span> <span class='ocrx_word' id='word_1_49' title='bbox 1153 561 1296 605; x_wconf 82' lang='lat' dir='ltr'>potest,</span> 
     </span>
    </p>

    <p class='ocr_par' dir='ltr' id='par_1_10' title="bbox 326 619 1095 672">
     <span class='ocr_line' id='line_1_12' title="bbox 326 619 1095 672; baseline -0.004 -12"><span class='ocrx_word' id='word_1_50' title='bbox 326 623 432 672; x_wconf 91' lang='lat' dir='ltr'>apud</span> <span class='ocrx_word' id='word_1_51' title='bbox 453 621 680 671; x_wconf 87' lang='lat' dir='ltr'>portitorem</span> <span class='ocrx_word' id='word_1_52' title='bbox 703 634 767 659; x_wconf 87' lang='lat' dir='ltr'>eas</span> <span class='ocrx_word' id='word_1_53' title='bbox 789 620 1000 670; x_wconf 82' lang='lat' dir='ltr'>resignatas</span> <span class='ocrx_word' id='word_1_54' title='bbox 1023 619 1095 658; x_wconf 89' lang='lat' dir='ltr'>sibi</span> 
     </span>
    </p>

    <p class='ocr_par' dir='ltr' id='par_1_11' title="bbox 328 684 1250 737">
     <span class='ocr_line' id='line_1_13' title="bbox 328 684 1250 737; baseline -0.003 -12"><span class='ocrx_word' id='word_1_55' title='bbox 328 687 604 737; x_wconf 88' lang='lat' dir='ltr'>inspectasque</span> <span class='ocrx_word' id='word_1_56' title='bbox 625 699 720 725; x_wconf 88' lang='lat' dir='ltr'>esse.</span> <span class='ocrx_word' id='word_1_57' title='bbox 781 686 820 724; x_wconf 92' lang='lat' dir='ltr'>in</span> <span class='ocrx_word' id='word_1_58' title='bbox 842 685 1069 724; x_wconf 86' lang='lat' dir='ltr'>huiusmodi</span> <span class='ocrx_word' id='word_1_59' title='bbox 1092 684 1250 734; x_wconf 82' lang='lat' dir='ltr'>negotio</span> 
     </span>
    </p>

    <p class='ocr_par' dir='ltr' id='par_1_12' title="bbox 328 749 1169 800">
     <span class='ocr_line' id='line_1_14' title="bbox 328 749 1169 800; baseline -0.004 -10"><span class='ocrx_word' id='word_1_60' title='bbox 328 752 432 790; x_wconf 89' lang='lat' dir='ltr'>diem</span> <span class='ocrx_word' id='word_1_61' title='bbox 456 765 636 790; x_wconf 87' lang='lat' dir='ltr'>sermone</span> <span class='ocrx_word' id='word_1_62' title='bbox 657 759 779 790; x_wconf 87' lang='lat' dir='ltr'>terere</span> <span class='ocrx_word' id='word_1_63' title='bbox 801 749 983 800; x_wconf 84' lang='lat' dir='ltr'>segnities</span> <span class='ocrx_word' id='word_1_64' title='bbox 1005 757 1169 788; x_wconf 84' lang='lat' dir='ltr'>merast:</span> 
     </span>
    </p>

    <p class='ocr_par' dir='ltr' id='par_1_13' title="bbox 329 814 1190 867">
     <span class='ocr_line' id='line_1_15' title="bbox 329 814 1190 867; baseline -0.003 -12"><span class='ocrx_word' id='word_1_65' title='bbox 329 816 509 867; x_wconf 88' lang='lat' dir='ltr'>quamuis</span> <span class='ocrx_word' id='word_1_66' title='bbox 529 829 729 855; x_wconf 90' lang='lat' dir='ltr'>sermones</span> <span class='ocrx_word' id='word_1_67' title='bbox 751 823 914 865; x_wconf 90' lang='lat' dir='ltr'>possunt</span> <span class='ocrx_word' id='word_1_68' title='bbox 936 814 1041 864; x_wconf 84' lang='lat' dir='ltr'>longi</span> <span class='ocrx_word' id='word_1_69' title='bbox 1062 814 1190 853; x_wconf 76' lang='lat' dir='ltr'>texier.</span> 
     </span>
    </p>

    <p class='ocr_par' dir='ltr' id='par_1_14' title="bbox 327 879 1322 926">
     <span class='ocr_line' id='line_1_16' title="bbox 327 879 1322 926; baseline -0.003 -6"><span class='ocrx_word' id='word_1_70' title='bbox 327 881 391 920; x_wconf 88' lang='lat' dir='ltr'>abi</span> <span class='ocrx_word' id='word_1_71' title='bbox 412 883 462 920; x_wconf 85' lang='lat' dir='ltr'>ad</span> <span class='ocrx_word' id='word_1_72' title='bbox 484 882 738 920; x_wconf 84' lang='lat' dir='ltr'>thensaurum</span> <span class='ocrx_word' id='word_1_73' title='bbox 760 880 836 918; x_wconf 89' lang='lat' dir='ltr'>iam</span> <span class='ocrx_word' id='word_1_74' title='bbox 859 879 1065 918; x_wconf 88' lang='lat' dir='ltr'>confestim</span> <span class='ocrx_word' id='word_1_75' title='bbox 1088 881 1322 926; x_wconf 87' lang='lat' dir='ltr'>clanculum,</span> 
     </span>
    </p>

    <p class='ocr_par' dir='ltr' id='par_1_15' title="bbox 326 943 1549 1324">
     <span class='ocr_line' id='line_1_17' title="bbox 327 943 1549 995; baseline -0.002 -10"><span class='ocrx_word' id='word_1_76' title='bbox 327 961 470 993; x_wconf 78' lang='lat' dir='ltr'>seruos,</span> <span class='ocrx_word' id='word_1_77' title='bbox 495 946 655 985; x_wconf 84' lang='lat' dir='ltr'>ancillas</span> <span class='ocrx_word' id='word_1_78' title='bbox 676 959 829 984; x_wconf 77' lang='lat' dir='ltr'>amone.</span> <span class='ocrx_word' id='word_1_79' title='bbox 889 953 1007 995; x_wconf 84' lang='lat' dir='ltr'>atque</span> <span class='ocrx_word' id='word_1_80' title='bbox 1027 945 1181 983; x_wconf 88' lang='lat' dir='ltr'>audin?</span> <span class='ocrx_word' id='word_1_81' title='bbox 1238 946 1309 984; x_wconf 84' lang='lat' dir='ltr'>CA.</span> <span class='ocrx_word' id='word_1_82' title='bbox 1343 943 1439 994; x_wconf 88' lang='lat' dir='ltr'>quid</span> <span class='ocrx_word' id='word_1_83' title='bbox 1461 945 1549 983; x_wconf 88' lang='lat' dir='ltr'>est?</span> 
     </span>
     <span class='ocr_line' id='line_1_18' title="bbox 329 1010 1509 1062; baseline -0.003 -12"><span class='ocrx_word' id='word_1_84' title='bbox 329 1015 412 1051; x_wconf 69' lang='lat' dir='ltr'>ME.</span> <span class='ocrx_word' id='word_1_85' title='bbox 446 1025 604 1050; x_wconf 72' lang='lat' dir='ltr'>uxorem</span> <span class='ocrx_word' id='word_1_86' title='bbox 628 1025 787 1062; x_wconf 88' lang='lat' dir='ltr'>quoque</span> <span class='ocrx_word' id='word_1_87' title='bbox 809 1024 967 1060; x_wconf 84' lang='lat' dir='ltr'>eampse</span> <span class='ocrx_word' id='word_1_88' title='bbox 988 1012 1090 1048; x_wconf 88' lang='lat' dir='ltr'>hanc</span> <span class='ocrx_word' id='word_1_89' title='bbox 1111 1023 1190 1048; x_wconf 86' lang='lat' dir='ltr'>rem</span> <span class='ocrx_word' id='word_1_90' title='bbox 1215 1010 1268 1047; x_wconf 90' lang='lat' dir='ltr'>uti</span> <span class='ocrx_word' id='word_1_91' title='bbox 1291 1011 1393 1047; x_wconf 90' lang='lat' dir='ltr'>celes</span> <span class='ocrx_word' id='word_1_92' title='bbox 1415 1010 1509 1055; x_wconf 65' lang='lat' dir='ltr'>face5</span> 
     </span>
     <span class='ocr_line' id='line_1_19' title="bbox 328 1075 1443 1128; baseline -0.004 -12"><span class='ocrx_word' id='word_1_93' title='bbox 328 1092 418 1117; x_wconf 89' lang='lat' dir='ltr'>nam</span> <span class='ocrx_word' id='word_1_94' title='bbox 440 1080 506 1128; x_wconf 90' lang='lat' dir='ltr'>pol</span> <span class='ocrx_word' id='word_1_95' title='bbox 529 1086 656 1116; x_wconf 86' lang='lat' dir='ltr'>tacere</span> <span class='ocrx_word' id='word_1_96' title='bbox 676 1089 894 1127; x_wconf 86' lang='lat' dir='ltr'>numquam</span> <span class='ocrx_word' id='word_1_97' title='bbox 917 1075 1165 1126; x_wconf 81' lang='lat' dir='ltr'>quicquamst</span> <span class='ocrx_word' id='word_1_98' title='bbox 1187 1075 1295 1124; x_wconf 88' lang='lat' dir='ltr'>quod</span> <span class='ocrx_word' id='word_1_99' title='bbox 1316 1082 1443 1123; x_wconf 81' lang='lat' dir='ltr'>queat.</span> 
     </span>
     <span class='ocr_line' id='line_1_20' title="bbox 329 1141 1475 1193; baseline -0.004 -12"><span class='ocrx_word' id='word_1_100' title='bbox 329 1143 425 1193; x_wconf 87' lang='lat' dir='ltr'>quid</span> <span class='ocrx_word' id='word_1_101' title='bbox 447 1156 552 1181; x_wconf 88' lang='lat' dir='ltr'>nunc</span> <span class='ocrx_word' id='word_1_102' title='bbox 575 1144 683 1181; x_wconf 89' lang='lat' dir='ltr'>stas?</span> <span class='ocrx_word' id='word_1_103' title='bbox 712 1142 807 1192; x_wconf 90' lang='lat' dir='ltr'>quin</span> <span class='ocrx_word' id='word_1_104' title='bbox 830 1149 871 1180; x_wconf 87' lang='lat' dir='ltr'>tu</span> <span class='ocrx_word' id='word_1_105' title='bbox 893 1141 986 1179; x_wconf 85' lang='lat' dir='ltr'>hinc</span> <span class='ocrx_word' id='word_1_106' title='bbox 1006 1153 1168 1179; x_wconf 88' lang='lat' dir='ltr'>amoues</span> <span class='ocrx_word' id='word_1_107' title='bbox 1190 1146 1227 1178; x_wconf 88' lang='lat' dir='ltr'>et</span> <span class='ocrx_word' id='word_1_108' title='bbox 1248 1147 1285 1178; x_wconf 87' lang='lat' dir='ltr'>te</span> <span class='ocrx_word' id='word_1_109' title='bbox 1308 1141 1475 1177; x_wconf 88' lang='lat' dir='ltr'>moues?</span> 
     </span>
     <span class='ocr_line' id='line_1_21' title="bbox 326 1206 1466 1258; baseline -0.004 -11"><span class='ocrx_word' id='word_1_110' title='bbox 326 1208 444 1258; x_wconf 86' lang='lat' dir='ltr'>aperi,</span> <span class='ocrx_word' id='word_1_111' title='bbox 467 1209 656 1258; x_wconf 89' lang='lat' dir='ltr'>deprome</span> <span class='ocrx_word' id='word_1_112' title='bbox 677 1207 770 1246; x_wconf 88' lang='lat' dir='ltr'>inde</span> <span class='ocrx_word' id='word_1_113' title='bbox 790 1206 872 1245; x_wconf 90' lang='lat' dir='ltr'>auri</span> <span class='ocrx_word' id='word_1_114' title='bbox 893 1207 943 1245; x_wconf 89' lang='lat' dir='ltr'>ad</span> <span class='ocrx_word' id='word_1_115' title='bbox 965 1207 1066 1245; x_wconf 89' lang='lat' dir='ltr'>hanc</span> <span class='ocrx_word' id='word_1_116' title='bbox 1088 1219 1168 1244; x_wconf 88' lang='lat' dir='ltr'>rem</span> <span class='ocrx_word' id='word_1_117' title='bbox 1190 1206 1298 1256; x_wconf 91' lang='lat' dir='ltr'>quod</span> <span class='ocrx_word' id='word_1_118' title='bbox 1320 1212 1377 1243; x_wconf 88' lang='lat' dir='ltr'>sat</span> <span class='ocrx_word' id='word_1_119' title='bbox 1399 1212 1466 1251; x_wconf 87' lang='lat' dir='ltr'>est,</span> 
     </span>
     <span class='ocr_line' id='line_1_22' title="bbox 327 1273 1226 1324; baseline -0.004 -11"><span class='ocrx_word' id='word_1_120' title='bbox 327 1274 518 1313; x_wconf 91' lang='lat' dir='ltr'>continuo</span> <span class='ocrx_word' id='word_1_121' title='bbox 540 1273 691 1324; x_wconf 89' lang='lat' dir='ltr'>operito</span> <span class='ocrx_word' id='word_1_122' title='bbox 713 1275 846 1312; x_wconf 88' lang='lat' dir='ltr'>denuo</span> <span class='ocrx_word' id='word_1_123' title='bbox 862 1288 871 1321; x_wconf 84' lang='lat'>;</span> <span class='ocrx_word' id='word_1_124' title='bbox 901 1273 971 1311; x_wconf 89' lang='lat' dir='ltr'>sed</span> <span class='ocrx_word' id='word_1_125' title='bbox 993 1273 1226 1317; x_wconf 69' lang='lat' dir='ltr'>clanculum,</span> 
     </span>
    </p>

    <p class='ocr_par' dir='ltr' id='par_1_16' title="bbox 328 1337 1233 1390">
     <span class='ocr_line' id='line_1_23' title="bbox 328 1337 1233 1390; baseline -0.003 -12"><span class='ocrx_word' id='word_1_126' title='bbox 328 1340 427 1379; x_wconf 87' lang='lat' dir='ltr'>sicut</span> <span class='ocrx_word' id='word_1_127' title='bbox 448 1339 629 1390; x_wconf 86' lang='lat' dir='ltr'>praecepi</span> <span class='ocrx_word' id='word_1_128' title='bbox 647 1355 656 1387; x_wconf 81' lang='lat'><em>3</em></span> <span class='ocrx_word' id='word_1_129' title='bbox 689 1346 853 1377; x_wconf 90' lang='lat' dir='ltr'>cunctos</span> <span class='ocrx_word' id='word_1_130' title='bbox 875 1338 1037 1377; x_wconf 83' lang='lat' dir='ltr'>exturba</span> <span class='ocrx_word' id='word_1_131' title='bbox 1058 1337 1233 1376; x_wconf 78' lang='lat' dir='ltr'>aedibus.</span> 
     </span>
    </p>

    <p class='ocr_par' dir='ltr' id='par_1_17' title="bbox 329 1400 1602 1520">
     <span class='ocr_line' id='line_1_24' title="bbox 329 1400 1602 1453; baseline -0.004 -10"><span class='ocrx_word' id='word_1_132' title='bbox 329 1406 400 1444; x_wconf 83' lang='lat' dir='ltr'>CA.</span> <span class='ocrx_word' id='word_1_133' title='bbox 426 1405 477 1443; x_wconf 88' lang='lat' dir='ltr'>ita</span> <span class='ocrx_word' id='word_1_134' title='bbox 499 1404 650 1443; x_wconf 80' lang='lat' dir='ltr'>faciam.</span> <span class='ocrx_word' id='word_1_135' title='bbox 694 1406 776 1442; x_wconf 71' lang='lat' dir='ltr'>ME.</span> <span class='ocrx_word' id='word_1_136' title='bbox 800 1412 839 1443; x_wconf 88' lang='lat' dir='ltr'>at</span> <span class='ocrx_word' id='word_1_137' title='bbox 861 1403 965 1443; x_wconf 90' lang='lat' dir='ltr'>enim</span> <span class='ocrx_word' id='word_1_138' title='bbox 988 1402 1095 1441; x_wconf 87' lang='lat' dir='ltr'>nimi&#39;</span> <span class='ocrx_word' id='word_1_139' title='bbox 1116 1404 1234 1453; x_wconf 85' lang='lat' dir='ltr'>longo</span> <span class='ocrx_word' id='word_1_140' title='bbox 1251 1414 1431 1441; x_wconf 89' lang='lat' dir='ltr'>sermone</span> <span class='ocrx_word' id='word_1_141' title='bbox 1447 1400 1602 1446; x_wconf 73' lang='lat' dir='ltr'>utimur,</span> 
     </span>
     <span class='ocr_line' id='line_1_25' title="bbox 329 1469 1316 1520; baseline -0.004 -11"><span class='ocrx_word' id='word_1_142' title='bbox 329 1470 435 1509; x_wconf 88' lang='lat' dir='ltr'>diem</span> <span class='ocrx_word' id='word_1_143' title='bbox 457 1470 690 1509; x_wconf 86' lang='lat' dir='ltr'>conficimus</span> <span class='ocrx_word' id='word_1_144' title='bbox 711 1471 819 1520; x_wconf 90' lang='lat' dir='ltr'>quod</span> <span class='ocrx_word' id='word_1_145' title='bbox 842 1469 917 1507; x_wconf 86' lang='lat' dir='ltr'>iam</span> <span class='ocrx_word' id='word_1_146' title='bbox 941 1475 1185 1519; x_wconf 84' lang='lat' dir='ltr'>properatost</span> <span class='ocrx_word' id='word_1_147' title='bbox 1207 1481 1316 1518; x_wconf 88' lang='lat' dir='ltr'>opus.</span> 
     </span>
    </p>

    <p class='ocr_par' dir='ltr' id='par_1_18' title="bbox 330 1534 1272 1586">
     <span class='ocr_line' id='line_1_26' title="bbox 330 1534 1272 1586; baseline -0.002 -13"><span class='ocrx_word' id='word_1_148' title='bbox 330 1535 425 1574; x_wconf 89' lang='lat' dir='ltr'>nihil</span> <span class='ocrx_word' id='word_1_149' title='bbox 447 1543 504 1575; x_wconf 89' lang='lat' dir='ltr'>est</span> <span class='ocrx_word' id='word_1_150' title='bbox 526 1537 575 1575; x_wconf 92' lang='lat' dir='ltr'>de</span> <span class='ocrx_word' id='word_1_151' title='bbox 597 1535 708 1586; x_wconf 85' lang='lat' dir='ltr'>signo</span> <span class='ocrx_word' id='word_1_152' title='bbox 730 1537 838 1586; x_wconf 88' lang='lat' dir='ltr'>quod</span> <span class='ocrx_word' id='word_1_153' title='bbox 860 1548 1018 1574; x_wconf 88' lang='lat' dir='ltr'>uereare</span> <span class='ocrx_word' id='word_1_154' title='bbox 1035 1550 1043 1581; x_wconf 78' lang='lat'>3</span> <span class='ocrx_word' id='word_1_155' title='bbox 1073 1548 1136 1573; x_wconf 88' lang='lat' dir='ltr'>me</span> <span class='ocrx_word' id='word_1_156' title='bbox 1158 1534 1248 1573; x_wconf 89' lang='lat' dir='ltr'>uide</span> <span class='ocrx_word' id='word_1_157' title='bbox 1266 1548 1272 1571; x_wconf 90' lang='lat'><strong>:</strong></span> 
     </span>
    </p>

    <p class='ocr_par' dir='ltr' id='par_1_19' title="bbox 329 1599 1308 1652">
     <span class='ocr_line' id='line_1_27' title="bbox 329 1599 1308 1652; baseline -0.002 -13"><span class='ocrx_word' id='word_1_158' title='bbox 329 1601 459 1652; x_wconf 87' lang='lat' dir='ltr'>lepida</span> <span class='ocrx_word' id='word_1_159' title='bbox 480 1601 579 1640; x_wconf 90' lang='lat' dir='ltr'>illast</span> <span class='ocrx_word' id='word_1_160' title='bbox 601 1614 748 1648; x_wconf 81' lang='lat' dir='ltr'>caussa,</span> <span class='ocrx_word' id='word_1_161' title='bbox 772 1608 813 1639; x_wconf 92' lang='lat' dir='ltr'>ut</span> <span class='ocrx_word' id='word_1_162' title='bbox 835 1599 1157 1647; x_wconf 85' lang='lat' dir='ltr'>commemoraui,</span> <span class='ocrx_word' id='word_1_163' title='bbox 1178 1599 1308 1638; x_wconf 89' lang='lat' dir='ltr'>dicere</span> 
     </span>
    </p>

    <p class='ocr_par' dir='ltr' id='par_1_20' title="bbox 328 1664 1230 1716">
     <span class='ocr_line' id='line_1_28' title="bbox 328 1664 1230 1716; baseline -0.003 -11"><span class='ocrx_word' id='word_1_164' title='bbox 328 1667 435 1716; x_wconf 87' lang='lat' dir='ltr'>apud</span> <span class='ocrx_word' id='word_1_165' title='bbox 455 1666 662 1716; x_wconf 88' lang='lat' dir='ltr'>portitores</span> <span class='ocrx_word' id='word_1_166' title='bbox 684 1680 768 1705; x_wconf 88' lang='lat' dir='ltr'>esse</span> <span class='ocrx_word' id='word_1_167' title='bbox 791 1667 996 1716; x_wconf 86' lang='lat' dir='ltr'>inspectas.</span> <span class='ocrx_word' id='word_1_168' title='bbox 1057 1664 1230 1714; x_wconf 85' lang='lat' dir='ltr'>denique</span> 
     </span>
    </p>

    <p class='ocr_par' dir='ltr' id='par_1_21' title="bbox 329 1730 1252 1782">
     <span class='ocr_line' id='line_1_29' title="bbox 329 1730 1252 1782; baseline -0.003 -12"><span class='ocrx_word' id='word_1_169' title='bbox 329 1731 407 1770; x_wconf 91' lang='lat' dir='ltr'>diei</span> <span class='ocrx_word' id='word_1_170' title='bbox 428 1739 583 1782; x_wconf 88' lang='lat' dir='ltr'>tempus</span> <span class='ocrx_word' id='word_1_171' title='bbox 605 1745 684 1770; x_wconf 90' lang='lat' dir='ltr'>non</span> <span class='ocrx_word' id='word_1_172' title='bbox 706 1731 850 1770; x_wconf 86' lang='lat' dir='ltr'>uides?</span> <span class='ocrx_word' id='word_1_173' title='bbox 880 1730 976 1781; x_wconf 90' lang='lat' dir='ltr'>quid</span> <span class='ocrx_word' id='word_1_174' title='bbox 998 1730 1105 1769; x_wconf 72' lang='lat' dir='ltr'>illum</span> <span class='ocrx_word' id='word_1_175' title='bbox 1128 1737 1252 1780; x_wconf 84' lang='lat' dir='ltr'>putas,</span> 
     </span>
    </p>

    <p class='ocr_par' dir='ltr' id='par_1_22' title="bbox 328 1794 1439 1977">
     <span class='ocr_line' id='line_1_30' title="bbox 330 1794 1359 1846; baseline -0.003 -11"><span class='ocrx_word' id='word_1_176' title='bbox 330 1804 468 1835; x_wconf 89' lang='lat' dir='ltr'>natura</span> <span class='ocrx_word' id='word_1_177' title='bbox 487 1796 552 1835; x_wconf 82' lang='lat' dir='ltr'>illa</span> <span class='ocrx_word' id='word_1_178' title='bbox 571 1804 690 1846; x_wconf 86' lang='lat' dir='ltr'>atque</span> <span class='ocrx_word' id='word_1_179' title='bbox 711 1796 901 1846; x_wconf 80' lang='lat' dir='ltr'>ingenio?</span> <span class='ocrx_word' id='word_1_180' title='bbox 931 1795 1007 1834; x_wconf 88' lang='lat' dir='ltr'>iam</span> <span class='ocrx_word' id='word_1_181' title='bbox 1029 1796 1181 1834; x_wconf 89' lang='lat' dir='ltr'>dudum</span> <span class='ocrx_word' id='word_1_182' title='bbox 1203 1794 1359 1833; x_wconf 87' lang='lat' dir='ltr'>ebriust.</span> 
     </span>
     <span class='ocr_line' id='line_1_31' title="bbox 330 1859 1359 1912; baseline -0.003 -12"><span class='ocrx_word' id='word_1_183' title='bbox 330 1861 487 1912; x_wconf 89' lang='lat' dir='ltr'>quiduis</span> <span class='ocrx_word' id='word_1_184' title='bbox 508 1862 673 1912; x_wconf 87' lang='lat' dir='ltr'>probare</span> <span class='ocrx_word' id='word_1_185' title='bbox 695 1861 836 1912; x_wconf 86' lang='lat' dir='ltr'>poterit</span> <span class='ocrx_word' id='word_1_186' title='bbox 854 1876 861 1908; x_wconf 88' lang='lat'>;</span> <span class='ocrx_word' id='word_1_187' title='bbox 891 1869 987 1908; x_wconf 91' lang='lat' dir='ltr'>tum,</span> <span class='ocrx_word' id='word_1_188' title='bbox 1010 1862 1117 1910; x_wconf 87' lang='lat' dir='ltr'>quod</span> <span class='ocrx_word' id='word_1_189' title='bbox 1140 1859 1359 1906; x_wconf 83' lang='lat' dir='ltr'>maxumist‚</span> 
     </span>
     <span class='ocr_line' id='line_1_32' title="bbox 328 1924 1439 1977; baseline -0.003 -12"><span class='ocrx_word' id='word_1_190' title='bbox 328 1928 488 1973; x_wconf 84' lang='lat' dir='ltr'>adferre,</span> <span class='ocrx_word' id='word_1_191' title='bbox 513 1940 591 1965; x_wconf 90' lang='lat' dir='ltr'>non</span> <span class='ocrx_word' id='word_1_192' title='bbox 615 1934 746 1977; x_wconf 80' lang='lat' dir='ltr'>petere</span> <span class='ocrx_word' id='word_1_193' title='bbox 769 1926 830 1964; x_wconf 90' lang='lat' dir='ltr'>hic</span> <span class='ocrx_word' id='word_1_194' title='bbox 852 1940 892 1964; x_wconf 85' lang='lat' dir='ltr'>se</span> <span class='ocrx_word' id='word_1_195' title='bbox 914 1926 1028 1965; x_wconf 88' lang='lat' dir='ltr'>dicet.</span> <span class='ocrx_word' id='word_1_196' title='bbox 1090 1926 1161 1964; x_wconf 74' lang='lat' dir='ltr'>CA.</span> <span class='ocrx_word' id='word_1_197' title='bbox 1194 1924 1270 1963; x_wconf 88' lang='lat' dir='ltr'>iam</span> <span class='ocrx_word' id='word_1_198' title='bbox 1293 1931 1350 1963; x_wconf 92' lang='lat' dir='ltr'>sat</span> <span class='ocrx_word' id='word_1_199' title='bbox 1371 1931 1439 1963; x_wconf 89' lang='lat' dir='ltr'>est.</span> 
     </span>
    </p>
   </div>
   <div class='ocr_carea' id='block_1_7' title="bbox 274 2027 1608 2462">
    <p class='ocr_par' dir='ltr' id='par_1_23' title="bbox 274 2027 1608 2462">
     <span class='ocr_line' id='line_1_33' title="bbox 319 2027 1608 2071; baseline -0.003 -9"><span class='ocrx_word' id='word_1_200' title='bbox 319 2033 396 2070; x_wconf 68' lang='lat'>788³</span> <span class='ocrx_word' id='word_1_201' title='bbox 420 2032 621 2062; x_wconf 60' lang='lat' dir='ltr'>retractam-i</span> <span class='ocrx_word' id='word_1_202' title='bbox 641 2032 768 2062; x_wconf 73' lang='lat' dir='ltr'>ascribit</span> <span class='ocrx_word' id='word_1_203' title='bbox 785 2031 919 2071; x_wconf 53' lang='lat' dir='ltr'>Rz&#39;tscha</span> <span class='ocrx_word' id='word_1_204' title='bbox 940 2031 992 2061; x_wconf 80' lang='lat' dir='ltr'>cui</span> <span class='ocrx_word' id='word_1_205' title='bbox 1014 2030 1165 2061; x_wconf 74' lang='lat' dir='ltr'>attulerit</span> <span class='ocrx_word' id='word_1_206' title='bbox 1189 2030 1242 2060; x_wconf 78' lang='lat' dir='ltr'>vix</span> <span class='ocrx_word' id='word_1_207' title='bbox 1265 2028 1461 2059; x_wconf 75' lang='lat' dir='ltr'>Plautinum</span> <span class='ocrx_word' id='word_1_208' title='bbox 1482 2027 1608 2059; x_wconf 79' lang='lat' dir='ltr'>videtur</span> 
     </span>
     <span class='ocr_line' id='line_1_34' title="bbox 276 2072 1604 2115; baseline -0.003 -9"><span class='ocrx_word' id='word_1_209' title='bbox 276 2077 339 2115; x_wconf 88' lang='lat'>789</span> <span class='ocrx_word' id='word_1_210' title='bbox 361 2074 455 2115; x_wconf 85' lang='lat' dir='ltr'>eum]</span> <span class='ocrx_word' id='word_1_211' title='bbox 473 2080 540 2105; x_wconf 87' lang='lat' dir='ltr'>turn</span> <span class='ocrx_word' id='word_1_212' title='bbox 559 2075 664 2105; x_wconf 78' lang='lat' dir='ltr'>Bothe</span> <span class='ocrx_word' id='word_1_213' title='bbox 841 2085 904 2114; x_wconf 90' lang='lat'>790</span> <span class='ocrx_word' id='word_1_214' title='bbox 930 2074 978 2105; x_wconf 76' lang='lat' dir='ltr'>vel</span> <span class='ocrx_word' id='word_1_215' title='bbox 1007 2073 1145 2105; x_wconf 86' lang='lat' dir='ltr'>nouisse</span> <span class='ocrx_word' id='word_1_216' title='bbox 1321 2082 1383 2112; x_wconf 90' lang='lat'>792</span> <span class='ocrx_word' id='word_1_217' title='bbox 1407 2072 1509 2103; x_wconf 86' lang='lat' dir='ltr'>alium</span> <span class='ocrx_word' id='word_1_218' title='bbox 1528 2077 1604 2112; x_wconf 90' lang='lat' dir='ltr'>post</span> 
     </span>
     <span class='ocr_line' id='line_1_35' title="bbox 274 2115 1602 2158; baseline -0.003 -9"><span class='ocrx_word' id='word_1_219' title='bbox 274 2120 390 2149; x_wconf 79' lang='lat' dir='ltr'>seclusi</span> <span class='ocrx_word' id='word_1_220' title='bbox 406 2119 536 2158; x_wconf 79' lang='lat' dir='ltr'>(Jonrn.</span> <span class='ocrx_word' id='word_1_221' title='bbox 556 2119 642 2150; x_wconf 79' lang='lat' dir='ltr'>Pln&#39;l.</span> <span class='ocrx_word' id='word_1_222' title='bbox 662 2120 714 2157; x_wconf 83' lang='lat'>26,</span> <span class='ocrx_word' id='word_1_223' title='bbox 734 2120 813 2158; x_wconf 72' lang='lat'><strong>297)</strong></span> <span class='ocrx_word' id='word_1_224' title='bbox 943 2128 1006 2157; x_wconf 88' lang='lat'>794</span> <span class='ocrx_word' id='word_1_225' title='bbox 1031 2117 1214 2157; x_wconf 88' lang='lat' dir='ltr'>portitores</span> <span class='ocrx_word' id='word_1_226' title='bbox 1233 2115 1327 2146; x_wconf 80' lang='lat' dir='ltr'>Valla</span> <span class='ocrx_word' id='word_1_227' title='bbox 1439 2117 1501 2155; x_wconf 89' lang='lat'>796</span> <span class='ocrx_word' id='word_1_228' title='bbox 1534 2126 1602 2146; x_wconf 86' lang='lat' dir='ltr'>ser-</span> 
     </span>
     <span class='ocr_line' id='line_1_36' title="bbox 277 2159 1603 2202; baseline -0.003 -9"><span class='ocrx_word' id='word_1_229' title='bbox 277 2173 407 2194; x_wconf 88' lang='lat' dir='ltr'>monem</span> <span class='ocrx_word' id='word_1_230' title='bbox 426 2168 554 2194; x_wconf 84' lang='lat' dir='ltr'>terrere</span> <span class='ocrx_word' id='word_1_231' title='bbox 572 2163 638 2194; x_wconf 84' lang='lat' dir='ltr'>cod.</span> <span class='ocrx_word' id='word_1_232' title='bbox 803 2166 809 2178; x_wconf 82' lang='lat'><strong><em>⁴</em></strong></span> <span class='ocrx_word' id='word_1_233' title='bbox 826 2172 936 2192; x_wconf 77' lang='lat' dir='ltr'>versus</span> <span class='ocrx_word' id='word_1_234' title='bbox 944 2162 1091 2200; x_wconf 75' lang='lat' dir='ltr'>sortasse</span> <span class='ocrx_word' id='word_1_235' title='bbox 1107 2160 1326 2202; x_wconf 73' lang='lat' dir='ltr'>dz&#39;ttogmpln&#39;a</span> <span class='ocrx_word' id='word_1_236' title='bbox 1343 2159 1519 2199; x_wconf 79' lang='lat' dir='ltr'>sequentis&#39;</span> <span class='ocrx_word' id='word_1_237' title='bbox 1539 2159 1603 2189; x_wconf 76' lang='lat' dir='ltr'>Leo</span> 
     </span>
     <span class='ocr_line' id='line_1_37' title="bbox 278 2202 1603 2246; baseline -0.004 -8"><span class='ocrx_word' id='word_1_238' title='bbox 278 2207 340 2246; x_wconf 87' lang='lat'>798</span> <span class='ocrx_word' id='word_1_239' title='bbox 363 2207 417 2237; x_wconf 85' lang='lat' dir='ltr'>abi</span> <span class='ocrx_word' id='word_1_240' title='bbox 436 2208 478 2238; x_wconf 91' lang='lat' dir='ltr'>ad</span> <span class='ocrx_word' id='word_1_241' title='bbox 496 2207 713 2238; x_wconf 81' lang='lat' dir='ltr'>thensaurum</span> <span class='ocrx_word' id='word_1_242' title='bbox 734 2205 966 2237; x_wconf 72' lang='lat' dir='ltr'>Camerarius:</span> <span class='ocrx_word' id='word_1_243' title='bbox 993 2205 1050 2235; x_wconf 91' lang='lat' dir='ltr'>tibi</span> <span class='ocrx_word' id='word_1_244' title='bbox 1070 2205 1210 2235; x_wconf 84' lang='lat' dir='ltr'>athenas</span> <span class='ocrx_word' id='word_1_245' title='bbox 1228 2214 1343 2235; x_wconf 83' lang='lat' dir='ltr'>aurum</span> <span class='ocrx_word' id='word_1_246' title='bbox 1362 2202 1426 2234; x_wconf 90' lang='lat' dir='ltr'>cod.</span> <span class='ocrx_word' id='word_1_247' title='bbox 1537 2203 1603 2233; x_wconf 90' lang='lat'>800</span> 
     </span>
     <span class='ocr_line' id='line_1_38' title="bbox 277 2246 1598 2291; baseline -0.004 -10"><span class='ocrx_word' id='word_1_248' title='bbox 277 2260 437 2281; x_wconf 83' lang='lat' dir='ltr'>uoxorem</span> <span class='ocrx_word' id='word_1_249' title='bbox 457 2251 488 2281; x_wconf 87' lang='grc' dir='ltr'><em>Β</em></span> <span class='ocrx_word' id='word_1_250' title='bbox 505 2253 582 2291; x_wconf 78' lang='lat' dir='ltr'>(pro</span> <span class='ocrx_word' id='word_1_251' title='bbox 598 2250 695 2291; x_wconf 75' lang='lat' dir='ltr'>ucx-)</span> <span class='ocrx_word' id='word_1_252' title='bbox 829 2251 893 2280; x_wconf 83' lang='lat'>802</span> <span class='ocrx_word' id='word_1_253' title='bbox 918 2249 1004 2279; x_wconf 87' lang='lat' dir='ltr'>hune</span> <span class='ocrx_word' id='word_1_254' title='bbox 1021 2259 1050 2278; x_wconf 86' lang='lat' dir='ltr'>a.</span> <span class='ocrx_word' id='word_1_255' title='bbox 1069 2247 1144 2278; x_wconf 68' lang='lat' dir='ltr'>PCD</span> <span class='ocrx_word' id='word_1_256' title='bbox 1276 2248 1339 2286; x_wconf 89' lang='lat'>805</span> <span class='ocrx_word' id='word_1_257' title='bbox 1365 2246 1516 2286; x_wconf 85' lang='lat' dir='ltr'>precepit</span> <span class='ocrx_word' id='word_1_258' title='bbox 1532 2246 1598 2277; x_wconf 86' lang='lat' dir='ltr'>cod.</span> 
     </span>
     <span class='ocr_line' id='line_1_39' title="bbox 275 2289 1597 2334; baseline -0.004 -9"><span class='ocrx_word' id='word_1_259' title='bbox 275 2296 337 2334; x_wconf 87' lang='lat'>807</span> <span class='ocrx_word' id='word_1_260' title='bbox 356 2305 456 2334; x_wconf 87' lang='lat' dir='ltr'>quom</span> <span class='ocrx_word' id='word_1_261' title='bbox 471 2295 534 2324; x_wconf 88' lang='lat' dir='ltr'>iam</span> <span class='ocrx_word' id='word_1_262' title='bbox 548 2294 722 2324; x_wconf 72' lang='lat' dir='ltr'>Fleckeisen</span> <span class='ocrx_word' id='word_1_263' title='bbox 737 2304 743 2323; x_wconf 77' lang='lat' dir='ltr'><em>z</em></span> <span class='ocrx_word' id='word_1_264' title='bbox 768 2293 940 2332; x_wconf 73' lang='lat' dir='ltr'>quidiam2</span> <span class='ocrx_word' id='word_1_265' title='bbox 965 2292 1080 2332; x_wconf 80' lang='lat' dir='ltr'>Lange</span> <span class='ocrx_word' id='word_1_266' title='bbox 1147 2292 1211 2322; x_wconf 89' lang='lat'>808</span> <span class='ocrx_word' id='word_1_267' title='bbox 1228 2291 1316 2330; x_wconf 90' lang='lat' dir='ltr'>quod</span> <span class='ocrx_word' id='word_1_268' title='bbox 1331 2289 1404 2322; x_wconf 81' lang='lat' dir='ltr'>Ital.</span> <span class='ocrx_word' id='word_1_269' title='bbox 1423 2302 1430 2320; x_wconf 76' lang='lat' dir='ltr'>t</span> <span class='ocrx_word' id='word_1_270' title='bbox 1456 2299 1522 2330; x_wconf 90' lang='lat' dir='ltr'>quo</span> <span class='ocrx_word' id='word_1_271' title='bbox 1533 2289 1597 2320; x_wconf 83' lang='lat' dir='ltr'>cod.</span> 
     </span>
     <span class='ocr_line' id='line_1_40' title="bbox 276 2333 1601 2377; baseline -0.004 -9"><span class='ocrx_word' id='word_1_272' title='bbox 276 2339 340 2376; x_wconf 87' lang='lat'>809</span> <span class='ocrx_word' id='word_1_273' title='bbox 364 2342 416 2368; x_wconf 89' lang='lat' dir='ltr'>est</span> <span class='ocrx_word' id='word_1_274' title='bbox 434 2338 489 2368; x_wconf 89' lang='lat' dir='ltr'>illa</span> <span class='ocrx_word' id='word_1_275' title='bbox 508 2337 578 2377; x_wconf 85' lang='lat' dir='ltr'>(ille</span> <span class='ocrx_word' id='word_1_276' title='bbox 594 2337 640 2368; x_wconf 54' lang='lat' dir='ltr'>Bi</span> <span class='ocrx_word' id='word_1_277' title='bbox 660 2337 723 2367; x_wconf 73' lang='lat' dir='ltr'>cod.</span> <span class='ocrx_word' id='word_1_278' title='bbox 743 2348 748 2366; x_wconf 82' lang='lat' dir='ltr'><em>z</em></span> <span class='ocrx_word' id='word_1_279' title='bbox 776 2337 846 2367; x_wconf 80' lang='lat' dir='ltr'>traz&#39;.</span> <span class='ocrx_word' id='word_1_280' title='bbox 876 2336 964 2375; x_wconf 63' lang='lat' dir='ltr'><em>Reiz,</em></span> <span class='ocrx_word' id='word_1_281' title='bbox 985 2346 1066 2366; x_wconf 82' lang='lat' dir='ltr'>nam</span> <span class='ocrx_word' id='word_1_282' title='bbox 1085 2335 1134 2365; x_wconf 83' lang='lat' dir='ltr'>ill‘</span> <span class='ocrx_word' id='word_1_283' title='bbox 1154 2336 1209 2365; x_wconf 71' lang='lat' dir='ltr'>vix</span> <span class='ocrx_word' id='word_1_284' title='bbox 1221 2333 1401 2372; x_wconf 77' lang='lat' dir='ltr'>ferendum</span> <span class='ocrx_word' id='word_1_285' title='bbox 1420 2334 1524 2373; x_wconf 78' lang='lat' dir='ltr'>:sort.</span> <span class='ocrx_word' id='word_1_286' title='bbox 1549 2338 1601 2363; x_wconf 87' lang='lat' dir='ltr'>est</span> 
     </span>
     <span class='ocr_line' id='line_1_41' title="bbox 275 2375 1601 2422; baseline -0.005 -10"><span class='ocrx_word' id='word_1_287' title='bbox 275 2392 315 2412; x_wconf 84' lang='lat' dir='ltr'>ca</span> <span class='ocrx_word' id='word_1_288' title='bbox 327 2382 380 2422; x_wconf 83' lang='lat' dir='ltr'>(cf.</span> <span class='ocrx_word' id='word_1_289' title='bbox 393 2380 441 2412; x_wconf 84' lang='lat' dir='ltr'>ad</span> <span class='ocrx_word' id='word_1_290' title='bbox 450 2380 539 2412; x_wconf 75' lang='lat' dir='ltr'><em>Rud.</em></span> <span class='ocrx_word' id='word_1_291' title='bbox 555 2380 635 2421; x_wconf 88' lang='lat'><strong>219)</strong></span> <span class='ocrx_word' id='word_1_292' title='bbox 725 2381 788 2418; x_wconf 83' lang='lat'>813</span> <span class='ocrx_word' id='word_1_293' title='bbox 814 2380 950 2419; x_wconf 83' lang='lat' dir='ltr'>probari</span> <span class='ocrx_word' id='word_1_294' title='bbox 969 2380 998 2409; x_wconf 85' lang='lat' dir='ltr'>ei</span> <span class='ocrx_word' id='word_1_295' title='bbox 1019 2378 1144 2409; x_wconf 72' lang='lat' dir='ltr'>Rr&#39;tscltl</span> <span class='ocrx_word' id='word_1_296' title='bbox 1230 2382 1457 2408; x_wconf 76' lang='lat' dir='ltr'>maxumumst</span> <span class='ocrx_word' id='word_1_297' title='bbox 1475 2375 1601 2407; x_wconf 74' lang='lat' dir='ltr'>Merula</span> 
     </span>
     <span class='ocr_line' id='line_1_42' title="bbox 275 2423 632 2462; baseline -0.003 -8"><span class='ocrx_word' id='word_1_298' title='bbox 275 2426 337 2462; x_wconf 83' lang='lat'>814</span> <span class='ocrx_word' id='word_1_299' title='bbox 363 2425 441 2456; x_wconf 89' lang='lat' dir='ltr'>hinc</span> <span class='ocrx_word' id='word_1_300' title='bbox 459 2423 632 2455; x_wconf 74' lang='lat' dir='ltr'>Fleckeiscu</span> 
     </span>
    </p>
   </div>
   <div class='ocr_carea' id='block_1_8' title="bbox 960 2516 982 2526">
    <p class='ocr_par' dir='ltr' id='par_1_24' title="bbox 960 2516 982 2526">
     <span class='ocr_line' id='line_1_43' title="bbox 960 2516 982 2526; baseline 0 0"><span class='ocrx_word' id='word_1_301' title='bbox 960 2516 982 2526; x_wconf 72' lang='lat' dir='ltr'><em>l</em></span> 
     </span>
    </p>
   </div>
   <div class='ocr_carea' id='block_1_9' title="bbox 1621 233 1710 276">
    <p class='ocr_par' dir='ltr' id='par_1_25' title="bbox 1621 233 1710 276">
     <span class='ocr_line' id='line_1_44' title="bbox 1621 233 1710 276; baseline 0 -10"><span class='ocrx_word' id='word_1_302' title='bbox 1621 233 1710 276; x_wconf 71' lang='lat' dir='ltr'>788a</span> 
     </span>
    </p>
   </div>
   <div class='ocr_carea' id='block_1_10' title="bbox 1623 371 1690 406">
    <p class='ocr_par' dir='ltr' id='par_1_26' title="bbox 1623 371 1690 406">
     <span class='ocr_line' id='line_1_45' title="bbox 1623 371 1690 406; baseline 0.015 -1"><span class='ocrx_word' id='word_1_303' title='bbox 1623 371 1690 406; x_wconf 85' lang='lat'>790</span> 
     </span>
    </p>
   </div>
   <div class='ocr_carea' id='block_1_11' title="bbox 1622 694 1687 731">
    <p class='ocr_par' dir='ltr' id='par_1_27' title="bbox 1622 694 1687 731">
     <span class='ocr_line' id='line_1_46' title="bbox 1622 694 1687 731; baseline 0.031 -2"><span class='ocrx_word' id='word_1_304' title='bbox 1622 694 1687 731; x_wconf 89' lang='grc'>795</span> 
     </span>
    </p>
   </div>
   <div class='ocr_carea' id='block_1_12' title="bbox 1622 1007 1692 1041">
    <p class='ocr_par' dir='ltr' id='par_1_28' title="bbox 1622 1007 1692 1041">
     <span class='ocr_line' id='line_1_47' title="bbox 1622 1007 1692 1041; baseline 0 0"><span class='ocrx_word' id='word_1_305' title='bbox 1622 1007 1692 1041; x_wconf 86' lang='grc'>800</span> 
     </span>
    </p>
   </div>
   <div class='ocr_carea' id='block_1_13' title="bbox 1625 1665 1693 1699">
    <p class='ocr_par' dir='ltr' id='par_1_29' title="bbox 1625 1665 1693 1699">
     <span class='ocr_line' id='line_1_48' title="bbox 1625 1665 1693 1699; baseline -0.015 0"><span class='ocrx_word' id='word_1_306' title='bbox 1625 1665 1693 1699; x_wconf 84' lang='lat'>810</span> 
     </span>
    </p>
   </div>
  </div>
 </body>
</html>
