1783 2707
173 137 224 174 11.
248 134 291 171 vi

184 845 221 877 25

184 1168 224 1198 30

661 132 706 168 T.
742 130 921 169 MACCI
954 130 1157 166 PLAVTI

350 242 477 282 omnis
499 242 554 281 tui
576 240 711 280 similis
732 239 908 290 hospites
935 240 1080 277 babeas
1101 238 1182 276 tibi.
1486 278 1498 285 ·
1594 247 1660 284 500

350 309 419 346 LA.
455 309 603 346 Malam
626 308 839 344 Fortunam
863 304 900 342 in
923 304 1031 342 aedis
1052 311 1090 341 te
1110 301 1257 341 adduxi
1278 315 1395 341 meas.

348 373 444 424 quid
466 372 561 411 mihi
583 373 749 410 scelesto
772 369 841 408 tibi
865 377 944 408 erat
966 367 1231 407 auscultatio?

350 439 498 489 quidue
519 437 612 475 hinc
633 435 785 475 abitio?
815 434 964 485 quidue
986 434 1023 471 in
1047 447 1189 471 nauem
1211 431 1438 471 inscensio?

348 504 415 543 ubi
436 503 587 554 perdidi
610 502 726 541 etiam
748 502 835 552 plus
858 500 953 539 boni
975 513 1094 549 quam
1116 497 1211 536 mihi
1232 498 1314 536 fuit.

349 571 424 610 CH.
459 570 523 620 pol
546 567 708 606 minime
730 566 848 604 miror
869 565 980 604 nauis
1003 564 1032 603 si
1055 565 1210 602 fractast
1231 562 1313 610 tibi,
1593 569 1658 607 505

349 636 466 673 scelu’
488 633 524 672 te
546 641 583 672 et
605 634 768 671 sceleste
789 638 899 681 parta
920 643 1021 680 quae
1042 628 1147 668 uexit
1168 628 1283 666 bona.

350 702 419 738 Lx.
452 712 610 750 pessum
633 697 777 736 dedisti
799 710 862 735 me
884 693 1165 734 blandimentis
1188 693 1272 732 tuis.

350 766 427 804 CH.
461 763 726 803 scelestiorem
749 775 887 800 cenam
910 759 1048 799 cenaui
1072 768 1179 797 tuam

350 844 468 880 quam
490 843 591 879 quae
612 830 810 878 Thyestae
832 827 1034 876 quondam
1058 833 1125 863 aut
1145 824 1273 875 posita
1293 831 1351 862 est
1372 825 1510 862 Tereo.

351 897 421 933 LA.
453 893 547 945 perii
566 897 571 932 1
594 893 727 932 animo
750 893 851 930 male
872 892 924 929 fit.
985 889 1145 929 contine
1166 903 1314 939 quaeso
1335 896 1462 939 caput.
1594 900 1661 936 510

349 962 425 1000 CH.
458 962 717 1011 pulmoneum
739 959 882 1008 edepol
904 955 1011 994 nimi'
1032 954 1152 994 uelim
1174 954 1369 993 uomitum
1390 966 1538 992 nomas.

349 1027 419 1064 LA.
452 1027 553 1064 eheu
571 1028 577 1063 ἶ
610 1026 806 1062 Palaestra
827 1030 946 1073 atque
968 1020 1209 1071 Ampelisca,
1229 1019 1296 1058 ubi
1318 1018 1400 1058 esti'
1421 1019 1557 1056 nunc?

350 1092 427 1131 CH.
460 1090 634 1140 piscibus
655 1089 692 1127 in
715 1090 805 1135 alto,
830 1089 962 1135 credo,
985 1086 1177 1136 praebent
1196 1085 1398 1135 pabulum.

351 1158 420 1194 LA.
454 1154 749 1195 mendicitatem
772 1153 823 1191 mi
847 1151 1023 1203 optulisti
1044 1164 1163 1202 opera
1183 1158 1260 1197 tua,

348 1223 444 1261 dum
466 1221 541 1260 tuis
562 1221 741 1259 ausculto
764 1217 997 1268 magnidicis
1020 1215 1247 1255 mendaciis.
1594 1223 1658 1260 515

351 1289 427 1327 CH.
461 1287 607 1326 bonam
629 1293 687 1324 est
708 1285 816 1335 quod
838 1284 985 1322 habeas
1006 1281 1169 1332 gratiam
1191 1280 1331 1319 merito
1352 1279 1459 1327 mihi,

352 1352 417 1403 qui
440 1360 477 1391 te
497 1366 544 1391 ex
564 1352 712 1389 insulso
734 1352 878 1388 salsum
901 1347 975 1388 feci
997 1361 1116 1398 opera
1137 1360 1234 1386 mea.

355 1420 423 1456 LA.
475 1417 569 1468 quin
614 1424 655 1455 tu
696 1415 788 1453 hinc
832 1414 863 1452 is
906 1427 929 1452 a
974 1427 1036 1451 me
1078 1413 1117 1450 in
1162 1424 1386 1451 maxumam
1430 1411 1573 1449 malam

1388 1489 1544 1515 crucem
1558 1477 1574 1514 ?

353 1551 430 1588 CH.
462 1562 537 1587 eas.
597 1561 741 1597 easque
762 1560 821 1584 res
842 1546 1006 1595 agebam
1030 1545 1298 1583 commodum.

353 1617 424 1653 LA.
457 1615 557 1652 eheu
576 1617 581 1651 1
613 1613 700 1663 quis
721 1611 819 1650 uiuit
841 1625 904 1649 me
925 1610 1099 1649 mortalis
1120 1609 1325 1648 miserior?
1595 1617 1663 1653 520

352 1682 428 1721 CH.
461 1693 533 1730 ego
555 1680 680 1717 multo
701 1685 809 1716 tanta
830 1676 1006 1715 miserior
1027 1689 1145 1727 quam
1166 1683 1220 1722 tu,
1244 1675 1406 1713 Labrax.

352 1748 423 1784 LA.
455 1744 552 1795 qui?
611 1745 687 1784 CH.
721 1742 813 1794 quia
836 1756 908 1793 ego
937 1741 1121 1791 indignus
1149 1754 1247 1788 sum,
1271 1748 1311 1778 tu
1340 1739 1482 1789 dignus
1509 1737 1575 1788 qui

1486 1803 1572 1843 sies.

354 1878 422 1914 LA.
455 1890 479 1915 o
500 1876 637 1927 scirpe,
661 1876 797 1928 scirpe,
819 1877 940 1915 laudo
961 1876 1136 1913 fortunas
1157 1881 1253 1919 tuam,

352 1941 418 1992 qui
439 1955 593 1993 semper
615 1956 745 1982 seruas
766 1941 928 1992 gloriam
950 1938 1165 1979 aritudinis.

353 2008 430 2046 CH.
462 2007 648 2057 equidem
671 2021 734 2046 me
754 2007 804 2045 ad
826 2005 1095 2045 uelitationem
1117 2016 1291 2049 exerceo,
1596 2007 1612 2043 5

353 2085 443 2110 nam
465 2071 599 2110 omnia
620 2084 783 2111 corusca
803 2085 894 2121 prae
915 2078 1083 2109 tremore
1104 2068 1266 2107 fabulor.

354 2137 424 2175 LA.
458 2138 615 2187 edepol,
636 2138 835 2187 Neptune,
860 2150 899 2174 es
922 2134 1138 2174 balineator
1158 2133 1343 2183 frigidus:

1620 2007 1637 2032 k)

1643 2007 1659 2043 5

288 2251 352 2281 500
378 2243 422 2273 tui
448 2241 548 2273 Ital.:
582 2241 627 2272 lui
654 2240 695 2276 P,
717 2241 748 2270 A
774 2252 805 2271 11.
830 2239 850 2271 l.
985 2249 1047 2278 503
1072 2239 1161 2269 abito
1185 2236 1224 2270 P.
1253 2236 1284 2267 Α
1306 2247 1335 2277 νζ.
1358 2236 1377 2267 Ι.
1513 2244 1577 2274 505

245 2286 302 2316 tibi
319 2286 416 2318 ltak:
443 2286 486 2316 ibi
505 2285 544 2323 P,
564 2285 597 2315 A
618 2295 649 2315 n.
671 2284 689 2315 l.
870 2293 935 2322 509
958 2287 1015 2312 aut
1038 2283 1147 2321 posita
1164 2280 1337 2321 Netllesln'p
1354 2291 1360 2310 :
1385 2279 1577 2319 anteposita

245 2327 285 2370 P,
304 2329 337 2359 A
357 2341 387 2360 u.
406 2329 425 2360 l.
449 2329 519 2369 (vix
533 2328 730 2369 ant’posita>
867 2328 931 2365 518
956 2327 1005 2356 eis
1021 2325 1053 2355 A
1074 2324 1372 2365 (antz'qunforma)
1513 2331 1573 2362 521

245 2378 339 2404 tanto
364 2373 410 2404 Β2
436 2372 558 2413 (sedes.
580 2372 628 2403 ad
648 2371 736 2402 Men.
758 2372 837 2409 680)
1018 2369 1083 2408 526
1106 2373 1274 2399 teremorc
1298 2367 1343 2406 A,
1363 2367 1417 2398 vix
1434 2369 1507 2397 recle
1525 2365 1574 2406 (cf.

245 2417 292 2447 ad
304 2427 331 2447 v.
353 2416 429 2457 528)
