1731 2713
665 111 834 148 MILES
866 111 1175 148 (llkmlosx's
1599 118 1644 151 ll⁴
1667 118 1690 151 ii

259 222 374 268 dicat,
397 219 625 272 disperiistis
646 219 682 257 ni
707 233 830 269 usquc
851 220 901 257 ad
924 228 1086 258 mortem
1110 223 1208 259 male
1231 222 1469 259 mule-assim.

258 295 376 337 atque
395 287 508 332 adeo,
532 294 572 323 ut
590 298 637 323 nc
659 284 731 334 legi
754 285 929 323 fraudem
953 284 1092 322 saciant
1113 285 1288 326 aleariae,

177 357 238 401 165
258 353 486 391 adcuratote
507 357 548 388 ut
568 349 652 388 sine
673 349 758 387 talis
779 349 886 387 domi
908 349 1053 399 agitent
1075 350 1311 388 conuiuium.
1598 372 1629 389 m

264 419 329 455 ΡΑ.
362 414 594 465 nescioquid
615 415 865 453 malefactum
886 428 908 452 a
929 423 1060 453 nostra
1082 414 1143 452 hic
1172 415 1362 460 familiast,
1385 426 1570 464 quantum

1435 481 1550 517 audio
1567 497 1572 517 2

258 546 310 584 ita
331 545 394 584 hic
415 558 532 582 senex
554 545 652 582 talos
673 543 762 582 elidi
787 543 895 582 iussit
912 543 1110 582 conseruis
1134 543 1239 582 meis.

257 611 327 649 sed
348 623 411 648 me
431 608 582 658 excepit
600 623 606 646 :
637 608 746 646 nihili
769 609 868 647 facio
889 608 984 658 quid
1006 608 1078 646 illis
1100 608 1213 647 saciat
1233 608 1378 647 ceteris.

257 673 460 724 adgrediar
489 672 702 712 hominem.
767 675 831 710 PE.
864 681 974 711 estne
1003 673 1213 711 aduorsum
1244 673 1305 710 hic
1326 673 1390 723 qui
1416 674 1571 711 aduenit

1340 738 1574 775 Palaestrio?

176 813 241 848 170
262 806 328 842 ΡΑ.
360 803 456 854 quid
475 802 568 853 agis,
592 802 957 852 Periplectomene?
1015 805 1080 840 PE.
1114 803 1189 840 hau
1218 804 1359 841 multos
1384 802 1571 848 homines,
1597 819 1605 839 ι
1615 817 1631 848 5

1178 869 1207 906 si
1229 869 1443 918 optandum
1467 870 1572 913 foret,

259 948 364 974 nunc
394 934 528 974 uidere
557 942 596 973 et
625 933 837 973 conuenire
870 947 989 985 quam
1025 942 1062 972 te
1093 934 1310 972 mauellem.
1382 935 1447 970 ΡΛ.
1480 932 1573 981 quid

553 1001 569 1019 Χ
1490 1005 1546 1034 cst
1560 998 1575 1033 ?

259 1063 355 1115 quid
376 1065 589 1103 tumultuas
610 1077 700 1102 cum
724 1071 855 1102 nostra
876 1062 1050 1101 familia?
1107 1064 1173 1100 PE.
1206 1061 1323 1100 occisi
1346 1074 1487 1100 sumus.

260 1131 328 1168 ΡΑ.
379 1128 475 1179 quid
513 1128 711 1178 negotist?
786 1129 854 1166 PE.
905 1140 964 1166 res
1007 1128 1181 1178 palamst.
1262 1128 1327 1164 ΡΑ.
1377 1139 1476 1176 quae
1518 1139 1574 1163 res

980 1193 1106 1242 palam
1127 1194 1213 1230 est?
1272 1193 1339 1229 PE.
1371 1192 1420 1229 de
1441 1190 1574 1240 tegulis

261 1260 381 1299 modo
401 1258 625 1309 nescioquis
645 1257 879 1309 inspectauit
900 1265 1075 1311 nostrum
1096 1255 1339 1294 familiarium

177 1337 239 1375 175
260 1338 328 1375 per
362 1331 538 1363 nostrum
577 1323 810 1374 impluuium
850 1322 954 1361 intus
992 1322 1098 1372 apud
1136 1335 1207 1360 nos
1246 1319 1573 1359 Philocomasium
1598 1334 1636 1354 ιο

1245 1393 1362 1435 atque
1382 1384 1572 1434 hospitem

260 1453 482 1494 osculantis.
543 1455 612 1492 ΡΑ.
645 1452 731 1504 quis
759 1454 879 1492 homo
907 1452 947 1491 id
972 1451 1098 1491 uidit?
1155 1453 1223 1489 PE.
1256 1451 1333 1489 tuo’
1354 1462 1572 1488 conseruos.

1135 1518 1203 1554 ΡΑ.
1235 1515 1321 1566 quis
1342 1514 1372 1553 is
1393 1515 1576 1552 homost?

262 1587 333 1624 ΡΕ.
363 1584 507 1633 nescio,
530 1584 584 1624 ita
604 1583 774 1635 abripuit
795 1590 954 1634 repente
975 1595 1058 1621 sese
1079 1580 1219 1621 subito.
1281 1582 1348 1618 ΡΑ.
1380 1578 1552 1629 suspicor

263 1664 326 1690 me
352 1649 520 1701 periisse.
581 1651 650 1687 PE.
683 1648 750 1687 ubi
773 1648 865 1695 abit,
888 1648 1116 1686 conclamo:
1150 1647 1266 1684 ‘heus
1287 1643 1381 1695 quid
1407 1643 1485 1694 agis
1515 1644 1575 1681 tu’

1128 1710 1287 1761 inquam
1311 1709 1370 1747 ‘in
1392 1707 1575 1759 tegulis?'

261 1780 326 1820 ille
346 1780 440 1819 mihi
460 1779 598 1819 abiens
618 1779 671 1818 ita
692 1778 904 1830 respondit,
930 1781 994 1816 ‘se
1016 1775 1151 1816 sectari
1172 1774 1347 1814 simiam.‘

310 1885 368 1924 163
393 1883 563 1924 disperisti
581 1881 614 1912 P
755 1883 814 1920 164
839 1879 962 1912 alariae
980 1879 1013 1909 P
1153 1879 1211 1916 165
1236 1876 1321 1907 taliis
1338 1876 1370 1907 P
1474 1874 1575 1914 domi]

262 1927 349 1959 dolis
364 1927 397 1958 A
452 1925 599 1967 agitetP
688 1926 748 1956 166
771 1936 790 1956 a
803 1935 866 1955 om.
882 1924 913 1954 Ρ
999 1922 1075 1953 huic
1087 1921 1120 1952 Ρ
1208 1921 1266 1959 167
1291 1928 1474 1951 conseruus
1487 1928 1578 1948 meus

263 1971 296 2002 P
311 1972 403 2011 (corr.
421 1969 485 2008 132)
623 1970 684 1999 168
708 1969 836 2008 expetit
854 1966 936 1997 nihil
955 1966 1040 1997 facio
1057 1965 1146 2005 quod
1164 1966 1195 1995 A
1332 1964 1392 2001 169
1415 1961 1527 1992 aucnit
1544 1961 1574 1990 Α

264 2019 362 2045 estne
380 2039 386 2045 .
406 2039 412 2045 .
430 2038 438 2045 .
458 2013 549 2055 Pal.]
578 2017 675 2044 estne
700 2013 880 2043 aduorsum
904 2014 955 2041 est
976 2009 1071 2049 quasi
1090 2009 1121 2040 Ρ
1136 2006 1244 2048 (quasi
1257 2011 1318 2047 pro
1336 2006 1390 2045 qui
1411 2005 1479 2044 a-3)
1499 2014 1575 2041 [om.

264 2058 359 2089 uenit
377 2057 562 2088 Palaestrio
577 2067 585 2095 ;
609 2056 654 2088 iii.
674 2057 712 2096 2)
847 2065 908 2093 170
932 2053 1032 2084 suerit
1048 2051 1081 2082 P
1211 2060 1265 2089 171
1293 2050 1420 2080 uideret
1436 2047 1468 2078 P
1483 2049 1573 2088 (corr.

264 2100 328 2142 B·²)
428 2111 527 2141 quam
547 2099 680 2130 ueniret
700 2099 732 2129 P
747 2099 813 2138 (we
830 2097 891 2137 ΒΨ)
912 2098 1008 2137 (ἕρνο
1029 2095 1274 2135 quomueniret,
1298 2093 1433 2131 antiqua
1444 2091 1576 2130 summ)

265 2149 423 2185 quantem
447 2143 571 2175 auellet
593 2143 626 2173 P
648 2146 739 2182 (corr.
763 2140 826 2181 ΒΞ)
964 2150 1023 2178 172
1047 2150 1112 2170 om.
1133 2139 1165 2169 Ρ
1183 2140 1323 2179 (propter
1342 2134 1556 2165 ΙιοηιοιόαντΙι.

266 2199 347 2229 qum
368 2187 433 2219 cod.
573 2196 634 2227 173
658 2185 717 2227 de]
744 2196 762 2215 a
783 2188 877 2225 (uota
895 2189 1052 2224 personae
1064 2184 1087 2219 ἲ)
1109 2183 1150 2212 de
1174 2182 1206 2211 A
1343 2189 1400 2218 174
1425 2177 1528 2217 quisis
1549 2175 1580 2205 Ι)

269 2236 362 2272 (corr.
382 2231 446 2273 32)
538 2235 724 2261 uestrarum
745 2228 777 2259 P
908 2228 968 2266 176
991 2226 1023 2256 id
1041 2224 1140 2264 uidit]
1160 2225 1256 2255 tuidit
1278 2222 1310 2253 Ρ
1395 2230 1575 2252 conseruus

269 2275 354 2317 [est]
373 2274 407 2305 Ρ
492 2275 520 2305 is
544 2271 642 2315 [erit]
663 2271 697 2303 P
714 2271 807 2311 (corr.
832 2270 905 2312 B2)‚
926 2268 1012 2300 unde
1034 2268 1194 2299 leclt‘tmcm
1210 2266 1376 2307 duplicem,
1397 2265 1528 2295 homost
1549 2267 1576 2292 ct

267 2319 332 2350 erit
348 2318 468 2358 (immo
484 2319 584 2357 erat),
603 2317 686 2348 erm't
695 2315 831 2356 Seyffert
919 2323 977 2353 177
1001 2310 1185 2351 arripuitA
1278 2310 1336 2348 178
1359 2309 1427 2339 abit
1445 2306 1572 2348 (praes)

267 2362 370 2394 Bothe
459 2361 510 2403 [a]
529 2361 607 2400 quid
623 2359 656 2390 P
670 2359 727 2400 (iv.
747 2362 782 2398 3)
872 2358 904 2387 in
923 2356 1043 2395 tegulis
1059 2366 1124 2386 om.
1143 2354 1175 2384 P
1196 2353 1242 2393 sscs.
1259 2353 1290 2383 ii.
1308 2363 1328 2392 5
1332 2371 1341 2391 Ι
