1731 2713
739 131 911 167 PERSA
1421 127 1490 163 IV.
1509 136 1540 162 v

162 244 235 281 To.
268 242 386 281 audin
410 250 460 288 tu,
486 242 631 280 Persa?
661 240 725 278 ubi
748 247 949 289 argentum
972 239 1022 276 ab
1043 240 1118 276 hoc
1139 236 1347 286 acceperis,

163 308 345 345 simulato
366 306 474 356 ‹luasi
497 320 560 344 eas
582 318 739 356 prosum
764 297 801 341 iii
824 317 977 342 nauem.
1038 304 1129 340 Sao.
1162 316 1211 340 nc
1232 303 1342 339 doce.
1507 308 1526 341 5

163 375 236 410 To.
270 386 337 422 per
356 371 603 421 angiportum
625 383 757 407 rusum
780 377 817 407 te
838 370 887 406 ad
910 382 972 406 me
993 367 1155 417 recipito

164 437 250 474 illac
272 450 339 486 per
360 438 528 473 hortum.
587 436 679 472 ΞΜ).
712 434 820 484 quod
842 435 1013 471 futurum
1036 440 1093 470 est
1116 431 1326 481 praedicas.

74 505 145 539 680
164 503 236 538 To.
269 509 307 538 ut
330 514 377 538 nc
398 513 487 537 cum
509 507 670 548 argento
691 498 885 548 protinam
908 496 1108 549 permittas
1129 497 1306 541 domum,

164 579 318 611 moneo,
342 573 389 602 te.
449 566 539 601 Sim.
572 565 680 613 quod
702 571 739 601 tc
760 563 970 612 dignumst,
995 575 1057 599 me
1078 561 1239 609 dignum
1262 574 1346 599 esse
1368 559 1456 598 uis?

161 632 234 669 TO.
268 638 362 677 tace,
386 630 500 680 parce
521 629 609 667 uoci
627 644 633 667 ε
664 629 808 679 praeda
828 627 1072 678 progreditur
1092 627 1201 664 foras.
1510 641 1548 663 10

261 798 566 834 DoRDALvs
677 796 1014 832 SionnisTm
1133 793 1384 829 'l'oxiidvs
1507 785 1562 821 Vi-

161 888 237 924 Do.
271 884 423 922 Probae
444 883 507 921 hic
527 882 674 932 argenti
696 890 787 920 sunt
808 882 1005 932 sexaginta
1027 882 1166 926 minae,

159 950 316 989 duobus
337 948 509 986 nummis
531 948 660 986 minus
681 954 748 986 est.
809 948 902 985 SAG.
934 946 1029 996 quid
1051 946 1085 984 ei
1108 945 1257 983 nummi
1280 945 1437 982 sciunt?

22 1063 26 1066 -
73 1016 138 1061 685
162 1017 238 1053 Do.
271 1014 488 1052 cruminam
509 1015 611 1051 hanc
632 1026 761 1051 emere
781 1020 847 1050 aut
868 1013 993 1050 facere
1014 1011 1069 1049 uti
1090 1010 1270 1060 remigret
1291 1011 1466 1048 domum.

160 1082 252 1118 SAG.
285 1093 334 1118 ne
355 1093 435 1117 non
457 1086 514 1117 sat
535 1091 639 1117 esses
660 1079 764 1125 leno,
784 1077 825 1116 id
847 1077 1050 1115 metuebas
1072 1075 1197 1123 miser,

160 1145 308 1195 inpure,
331 1158 457 1190 auare,
480 1157 530 1182 ne
550 1143 767 1182 crumillam
788 1141 1015 1180 amitteres?
1510 1155 1527 1184 5

160 1212 233 1248 TO.
267 1210 361 1256 sine,
384 1223 542 1259 quaeso.
601 1209 762 1258 quando
782 1209 921 1253 lenost‚
943 1205 1040 1244 nihil
1062 1204 1202 1242 mirum
1224 1204 1325 1242 facit.

163 1278 238 1314 Do.
272 1277 380 1314 lucro
400 1275 587 1313 faciundo
608 1287 680 1324 ego
700 1271 902 1322 auspicaui
922 1271 962 1309 in
983 1272 1089 1308 hunc
1110 1269 1215 1308 diem
1234 1284 1241 1307 ;

73 1346 142 1389 690
161 1340 215 1378 nil
237 1340 332 1378 mihi
354 1348 432 1378 tam
454 1339 601 1390 paruist
621 1338 715 1388 quin
737 1351 800 1375 me
821 1336 861 1375 id
881 1336 1010 1387 pigeat
1031 1336 1204 1386 perdere.

160 1419 240 1455 age,
264 1405 399 1455 accipe
419 1406 496 1443 hoc
517 1404 578 1442 sis.
637 1405 729 1442 SAG.
760 1404 866 1440 hunc
887 1401 926 1439 in
947 1402 1105 1447 collum,
1129 1399 1202 1438 nisi
1223 1399 1339 1450 piget,

160 1470 330 1521 impone.
392 1472 468 1508 Do.
502 1482 595 1508 uero
616 1469 694 1506 fiat.
753 1469 845 1506 SAG.
878 1465 1073 1516 numquid
1094 1472 1266 1504 ceterum
1509 1475 1548 1497 10

160 1550 223 1574 me
244 1535 389 1574 uoltis?
440 1537 514 1573 To.
547 1534 643 1584 quid
664 1541 743 1572 tam
764 1533 978 1583 properas?
1027 1532 1122 1569 SAG.
1151 1530 1204 1568 ita
1225 1528 1487 1580 negotiumst:

161 1603 369 1640 mandatae
390 1615 490 1651 quae
511 1607 611 1646 sunt,
635 1600 728 1638 uolo
748 1599 898 1637 deferre
918 1596 1103 1647 epistulas
1118 1610 1128 1644 3

72 1671 138 1715 695
159 1666 360 1716 geminum
381 1674 512 1705 autem
533 1667 688 1703 fratrem
710 1663 852 1702 seruire
872 1661 1006 1700 audiui
1027 1661 1090 1699 hic
1111 1674 1255 1707 meum,

159 1745 249 1769 eum
272 1745 344 1781 ego
365 1739 406 1770 ut
428 1731 620 1781 requiram
648 1728 651 1781 Ι
678 1737 796 1779 atque
817 1727 872 1766 uti
893 1727 1083 1766 redimam
1106 1727 1208 1764 uolo.
1252 1745 1259 1749 -

159 1798 232 1834 TO.
264 1805 383 1846 atque
404 1798 545 1846 edepol
567 1804 608 1833 tu
630 1809 692 1833 me
713 1791 993 1832 commonuisti
1020 1791 1024 1843 Ι
1051 1793 1129 1830 hau
1151 1792 1261 1829 male.
1508 1800 1545 1833 15

159 1861 297 1900 uideor
317 1862 462 1900 uidisse
483 1861 546 1900 hic
567 1863 691 1899 forma
710 1858 948 1910 persimilem
969 1856 1037 1904 tui,

160 1928 299 1965 eadem
321 1934 475 1965 statura.
535 1927 627 1964 SAG.
660 1924 806 1974 quippe
827 1922 895 1973 qui
915 1923 1030 1960 frater
1051 1921 1135 1960 siet.

73 1998 142 2032 700
162 1993 240 2029 Do.
271 1991 367 2042 quid
388 2000 445 2030 est
466 1991 536 2030 tibi
557 1992 733 2029 nomen?
780 1990 856 2026 To,
916 2001 934 2020 *
993 1988 1102 2037 quod
1123 1987 1173 2025 ad
1194 1993 1232 2025 te
1251 1985 1402 2024 attinet.

202 2097 266 2134 676
292 2096 346 2134 (ab
373 2096 434 2125 hoc
459 2095 655 2135 ar)gentum
680 2093 712 2124 A
890 2093 954 2130 679
978 2101 1045 2130 quo
1066 2091 1098 2121 P
1271 2091 1334 2120 682
1359 2100 1444 2120 uoce
1461 2090 1494 2120 P

162 2138 239 2178 (pro
257 2149 341 2169 -cern
355 2139 404 2169 vel
420 2139 504 2175 -cei;
529 2139 577 2169 vel
591 2138 627 2178 cf.
647 2138 664 2168 i.
687 2137 740 2173 10)
850 2136 914 2173 684
939 2135 987 2165 vel
1010 2135 1135 2164 minust
1233 2135 1298 2172 685
1321 2132 1430 2176 (huc)
1455 2139 1491 2164 ut

161 2185 212 2218 (ut
229 2182 334 2220 codd.)
354 2182 494 2213 Mueller
508 2182 641 2222 (Rhcin.
661 2180 751 2210 Mus.
770 2188 822 2217 54,
837 2187 915 2218 527)
1006 2180 1069 2217 687
1096 2177 1281 2208 cruminam
1296 2177 1328 2207 Ρ
1411 2179 1487 2216 691,

159 2227 224 2264 692
247 2237 310 2265 age
331 2226 446 2265 accipe
465 2226 505 2265 (-i
528 2225 574 2263 Β)
593 2225 656 2256 hoe
681 2224 728 2255 sis
753 2222 904 2262 nunquid
930 2227 1079 2252 ceterum
1105 2221 1206 2251 Hunc
1229 2221 1262 2251 in
1282 2220 1407 2251 collum
1425 2221 1489 2250 nisi

160 2271 254 2307 piget
277 2270 413 2309 impone
438 2279 522 2299 uero
548 2269 606 2299 fiat
629 2268 662 2298 P
684 2268 731 2303 (ii’.
757 2264 806 2299 65'
973 2267 1037 2303 692
1070 2265 1148 2303 imp.
1180 2274 1271 2296 uem.
1342 2264 1406 2294 Do.
1434 2264 1491 2294 fiat

159 2311 244 2342 Bm'x
376 2315 441 2351 696
465 2313 549 2343 Tum
574 2312 606 2342 P
632 2311 674 2351 <T
692 2316 754 2351 pro
779 2309 821 2347 E)
955 2310 1018 2346 697
1044 2307 1179 2350 (nunc)
1202 2317 1286 2338 com.
1309 2307 1490 2337 Hermann

161 2365 224 2393 700
241 2367 307 2387 om.
327 2356 359 2386 Ρ
371 2357 518 2396 (propter
531 2354 768 2395 homoeoarch.)
859 2351 949 2391 Quid
966 2351 1051 2382 Brix
1068 2363 1075 2382 :
1099 2351 1200 2390 Quod
1217 2350 1283 2382 cod.
1304 2351 1374 2391 (vix
1390 2351 1490 2381 Plau-

159 2399 285 2439 tinum)
374 2398 552 2442 <sciscita)
568 2398 634 2429 Leo

204 2452 322 2475 PLAVT.
343 2453 368 2473 11
1361 2438 1402 2468 12
