1731 2713
736 115 958 153 RVDENS
1458 120 1501 155 V.
1525 119 1553 155 ii

286 234 368 264 tum
391 238 462 275 ego
484 226 575 263 huic
598 223 734 274 (iripo,
757 223 908 273 inquito
930 231 967 262 et
989 237 1051 262 me
1073 223 1275 273 tangito—-
1525 242 1563 274 55

287 292 357 329 LA.
389 298 472 328 tum
494 302 567 340 ego
588 290 679 327 hui‘e
702 288 825 338 Gripo
847 288 966 338 (dico,
990 291 1136 335 Venus,
1161 297 1200 326 ut
1224 296 1264 327 tu
1285 289 1438 338 audias)

285 355 474 393 talentum
496 352 643 403 argenti
666 365 852 403 magnum
873 352 1063 392 continuo
1084 353 1199 392 dabo.

74 433 157 470 1345
286 419 362 458 GR.
400 418 489 459 †si†
511 417 730 465 fraudassis,
754 417 819 457 dic
840 426 881 456 ut
903 426 940 457 te
961 418 999 456 in
1019 426 1184 468 quaestu
1206 425 1275 457 tuo

285 485 420 522 Venus
441 483 622 530 eradicet,
646 490 763 533 caput
784 491 903 533 atque
923 491 1091 522 aetatem
1113 491 1231 523 tuam.
1275 474 1285 481 ⁴⁵

285 557 415 588 tecum
437 550 512 587 hoc
533 548 678 586 habeto
699 555 843 596 tamen,
867 548 932 587 ubi
955 548 1150 587 iuraueris.
1523 559 1566 591 60

287 615 357 653 LA.
389 613 499 652 illaec
520 614 734 652 aduorsum
756 612 787 651 si
809 613 905 663 quid
926 626 1124 663 peccasso,
1147 615 1294 661 Venus,

285 691 450 718 ueneror
470 686 507 717 te
528 686 569 716 ut
591 691 729 716 omnes
751 678 881 717 miseri
902 680 1064 718 lenones
1086 678 1196 717 sient.

72 757 159 795 1350
286 744 362 782 GR.
396 751 528 782 tamen
548 744 626 790 fiet,
651 743 722 782 etsi
743 751 785 782 tu
807 744 925 782 fidem
948 744 1175 782 seruaueris.

286 817 326 847 tu
347 808 410 847 hic
431 808 621 859 opperire,
644 808 721 847 iam
743 821 816 859 ego
837 810 925 847 faxo
945 808 1065 848 exibit
1085 822 1203 848 senex
1218 823 1227 857 ;

285 887 374 912 eum
397 876 438 912 tii
461 873 651 913 continuo
672 873 853 912 uidulum
874 874 1138 924 reposcito.—
1525 880 1566 923 65

285 940 354 977 LA.
388 939 419 977 si
442 952 623 978 maxume
644 939 697 977 mi
719 938 828 977 illum
850 939 1064 978 reddiderit
1085 939 1277 988 uidulum,

284 1017 365 1042 non
385 1017 458 1054 ego
479 1004 556 1043 illie
578 1004 698 1043 hodie
719 1004 849 1043 debeo
870 1004 1093 1043 triobolum.

70 1081 154 1118 1355
285 1082 396 1108 meus
416 1069 640 1108 arbitratust
661 1069 792 1120 lingua
813 1071 921 1120 quod
942 1070 1041 1110 iuret
1064 1083 1160 1109 mea.

283 1135 354 1174 sed
374 1134 628 1173 conticiscam
646 1149 653 1172 ι
683 1148 821 1174 eccum
843 1135 920 1174 exit
941 1143 979 1175 et
999 1135 1108 1175 ducit
1129 1149 1274 1175 senem.

352 1289 564 1327 GR1PvS
677 1289 991 1327 DAEMONES
1103 1289 1332 1326 LABRAX
1524 1292 1569 1329 iii

177 1388 253 1427 GR.
285 1388 458 1439 Sequere
478 1388 563 1427 hac.
619 1388 695 1425 DA.
729 1386 797 1426 ubi
818 1386 904 1425 istic
924 1388 1084 1426 lenost?
1137 1388 1214 1426 GR.
1247 1388 1345 1427 heus
1367 1394 1418 1434 tu,
1443 1386 1505 1427 em

960 1452 1031 1490 tibi
1049 1456 1055 1490 1
1086 1451 1150 1490 hic
1171 1452 1291 1491 habet
1311 1452 1503 1491 nidulum.

177 1519 252 1556 DA.
286 1518 415 1556 habeo
431 1524 469 1556 et
482 1518 606 1555 fateor
619 1529 704 1555 esse
720 1517 827 1566 apud
844 1530 918 1564 me,
937 1524 985 1564 et,
1004 1516 1036 1555 si
1057 1524 1145 1554 tuos
1167 1524 1235 1564 est,
1259 1517 1405 1556 habeas
1422 1516 1503 1556 tibi.

175 1582 318 1629 omnia,
341 1590 384 1620 ut
404 1581 600 1632 quidquid
621 1581 841 1628 ·'rinfuere†,
866 1581 919 1619 ita
939 1582 1047 1620 salua
1067 1581 1253 1620 sistentur
1273 1581 1355 1620 tibi.

66 1649 158 1696 1360
175 1656 276 1695 tene,
313 1647 344 1686 si
384 1654 500 1686 tuost.
561 1649 631 1685 LA.
669 1661 694 1686 o
728 1646 768 1686 di
808 1646 1058 1686 inmortales!
1106 1660 1216 1686 meus
1255 1655 1324 1686 est.
1384 1649 1502 1695 salue,

164 1759 171 1765 ι
1355 1712 1501 1751 uidule.

124 1808 127 1810 v
152 1800 155 1801 ⁷
177 1780 253 1817 DA.
286 1780 417 1818 tuo'ne
437 1780 528 1818 est?
586 1779 657 1817 LA.
688 1778 860 1828 rogitas?
898 1778 928 1816 si
958 1778 1119 1829 quidem
1145 1779 1275 1817 hercle
1298 1778 1397 1817 Ioui'
1417 1778 1500 1827 fuit,
1525 1792 1542 1823 5

1144 1857 1256 1882 meus
1276 1851 1335 1882 est
1357 1850 1500 1883 tamen.

178 1913 255 1950 DA.
291 1910 424 1950 omnia
458 1910 590 1950 insunt
625 1912 757 1958 salua;
800 1924 878 1949 una
913 1910 1026 1949 istinc
1061 1910 1211 1949 cistella
1244 1917 1407 1961 excepta
1445 1918 1503 1949 est

1382 1976 1503 2014 modo

175 2054 264 2080 cum
287 2040 523 2091 crepundiis,
546 2040 774 2090 quibu’cum
796 2040 916 2080 hodie
936 2040 1057 2079 filiam
1079 2040 1213 2080 inueni
1236 2053 1375 2079 meam.

221 2155 302 2184 1342
326 2142 419 2187 (tum
437 2154 500 2183 ego
518 2142 661 2186 huic—)
678 2143 744 2175 GR.
770 2148 838 2174 tum
855 2154 918 2183 ego
936 2144 1013 2175 huic
1030 2143 1156 2175 Schoell
1245 2143 1353 2185 [dico]
1372 2143 1504 2183 inquito

174 2188 248 2219 PCD
266 2188 320 2228 (ef.
339 2198 369 2219 v.
390 2197 472 2226 1343
487 2198 494 2223 ;
519 2188 559 2217 iv.
577 2187 611 2226 3)
706 2197 786 2226 1343
809 2187 859 2218 vel
871 2188 916 2218 sic
929 2187 1093 2228 distingue
1108 2188 1186 2219 hnic
1201 2187 1323 2227 (Gripo
1334 2187 1418 2224 dico,
1431 2187 1501 2227 etc.)

178 2241 259 2271 1345
283 2229 392 2274 (sed)
409 2231 436 2261 si
450 2231 554 2261 Bothe
569 2241 576 2260 :
592 2231 628 2261 *si
652 2229 777 2273 (quid)
796 2231 946 2271 Seyffert:
961 2231 1049 2271 fort.-
1060 2229 1176 2273 (si—)
1187 2230 1253 2262 GR.
1265 2231 1293 2261 si
1323 2244 1327 2247 -
1355 2230 1503 2262 >vix-ted

174 2275 326 2315 quaesitu
336 2274 409 2314 Fay
500 2284 580 2314 1347
606 2275 680 2315 ubi]
693 2279 767 2305 utut
781 2274 1060 2313 Muellerfflhein.
1078 2273 1166 2307 Mus.
1180 2284 1233 2313 54,
1247 2273 1342 2314 535)·
1368 2288 1371 2290 ·
1391 2288 1396 2290 -
1421 2275 1504 2313 1348

174 2318 228 2348 illa
240 2323 316 2358 egat
334 2327 467 2349 norsum
485 2317 553 2348 cod.
646 2327 726 2357 1355
751 2317 864 2357 lingua
878 2317 955 2349 Ital.
971 2329 978 2348 z
1003 2328 1116 2357 ungua
1133 2317 1198 2348 cod.
1318 2325 1400 2357 1357
1425 2318 1502 2348 leno

173 2366 207 2391 et
223 2360 288 2393 cod.
309 2373 316 2392 z
340 2372 420 2393 corr.
435 2360 646 2392 Camerarius
773 2371 855 2401 1359
869 2362 1015 2401 quicque
1036 2360 1116 2391 Reiz
1204 2359 1301 2391 insuit
1329 2360 1501 2391 Fleckeisen

177 2406 260 2443 1363
281 2405 404 2444 quibus
422 2404 497 2445 (del.
516 2406 607 2444 cum)
625 2404 800 2436 Fleckeisen

219 2460 339 2486 ΡιΑντ.
358 2460 383 2484 11
1380 2442 1421 2474 25
