1783 2707
164 164 233 201 IV.
256 163 286 198 ii
675 161 721 197 T.
755 159 935 198 MACCI
968 160 1172 196 PLAVTI

367 272 555 311 conuenit
576 271 695 310 olim.'
753 272 886 309 ΞΙΜΙΑ.
920 271 1142 308 sumbolust
1162 270 1202 308 in
1223 270 1400 320 epistula.

197 354 237 384 45
369 340 438 375 BA.
472 337 590 375 uideo
612 345 649 375 et
670 350 868 386 cognosco
890 336 1054 386 signum.
1114 337 1183 374 sed
1204 335 1244 373 in
1265 336 1432 386 epistula

368 404 515 440 nullam
538 404 704 440 salutem
726 401 880 439 mittere
901 401 1085 451 scriptam
1106 402 1234 438 solet?

368 470 501 505 Smnfx.
534 467 587 505 ita
607 466 782 504 militaris
803 466 1058 516 disciplinast,
1083 465 1232 503 Ballio:

368 546 487 570 manu
510 534 675 570 salutem
698 531 859 569 mittunt
880 532 982 569 bene
1003 531 1254 583 uolentibusj
1615 545 1700 581 1005

318 606 327 612 ⁸
348 598 506 636 ¹eadem
528 599 670 634 malam
693 611 774 634 rem
798 596 957 633 mittunt
980 597 1080 634 male
1101 596 1337 634 uolentibus.

199 679 238 710 50
367 664 437 701 sed
459 670 500 700 ut
521 661 720 711 occepisti,
745 675 861 711 perge
883 675 1001 711 opera
1022 661 1226 711 experirier

367 728 464 778 quid
485 727 652 778 epistula
673 727 746 765 ista
766 734 905 765 narret.
967 729 1037 764 BA.
1070 729 1247 765 ausculta
1267 729 1400 766 modo.

370 795 555 843 ‘Harpax
576 794 721 830 calator
742 806 852 830 meus
874 799 942 838 est,
965 793 1016 830 ad
1037 799 1074 830 te
1095 791 1162 841 qui
1183 792 1366 830 uenit—⁹

367 866 437 896 tun
459 870 498 896 es
529 857 559 894 is
591 859 783 907 Harpax?
840 859 973 896 ΞΙΜΙΑ.
1007 870 1080 907 ego
1107 870 1193 895 sum
1220 865 1338 907 atque
1364 857 1448 907 ipse
1472 860 1595 908 ἅρπαξ
1617 874 1705 898 1010

1417 924 1589 974 quidem.

370 991 441 1028 BA.
470 989 556 1039 ‘qui
579 989 787 1039 epistulam
810 988 924 1026 istam
945 989 1042 1036 fert3
1070 988 1121 1026 ab
1142 1002 1189 1026 eo
1210 996 1413 1038 argentum
1434 989 1593 1039 accipe3

201 1070 241 1100 55
369 1068 459 1092 cum
481 1068 528 1092 eo
550 1054 681 1092 simitu
703 1053 907 1092 mulierem
930 1053 1031 1091 mitti
1053 1055 1156 1091 uolo.

369 1121 533 1158 salutem
557 1119 741 1169 scriptam
763 1119 927 1169 dignum
950 1126 1007 1156 est
1028 1118 1155 1168 dignis
1177 1118 1353 1157 mittere:

370 1192 407 1222 te
428 1184 458 1222 si
479 1184 706 1222 arbitrarem
729 1183 905 1233 dignum,
931 1183 1122 1221 misissem
1144 1183 1239 1221 tibi.'

371 1250 505 1287 Sum.
539 1248 636 1298 quid
666 1250 802 1286 nunc?
860 1249 930 1285 ΒΑ.
963 1255 1167 1297 argentum
1198 1249 1278 1294 des,
1308 1249 1483 1287 abducas
1513 1263 1595 1287 mu-
1616 1259 1702 1296 1015

1447 1315 1591 1353 lierem.

371 1380 504 1418 SIMIA.
528 1385 613 1416 uter
632 1380 877 1417 remoratur?
934 1380 1004 1416 BA.
1029 1377 1125 1428 quin
1142 1391 1305 1428 sequere
1322 1393 1412 1430 ergo
1426 1380 1595 1417 intro.—

1220 1445 1353 1483 SlMlA.
1387 1458 1595 1495 sequor.—

198 1556 246 1594 iii
767 1557 1093 1594 PSEVDOLVS

373 1637 551 1676 Peiorem
573 1651 646 1688 ego
667 1637 871 1676 hominem
893 1637 1086 1688 magi’que
1106 1646 1266 1678 uorsute
1286 1640 1433 1677 malum

371 1716 589 1753 numquam
611 1705 754 1754 edepol
775 1717 1016 1759 quemquam
1037 1703 1119 1742 uidi
1140 1704 1258 1754 quam
1280 1704 1343 1742 hic
1365 1713 1422 1743 est
1438 1704 1582 1754 Simia3

371 1767 568 1818 nimisque
588 1782 661 1818 ego
682 1768 791 1806 illum
813 1768 1015 1807 hominem
1038 1777 1172 1807 metuo
1193 1776 1230 1807 et
1251 1769 1420 1808 formido
1441 1772 1542 1809 male
1584 1764 1587 1767 ’

373 1846 423 1870 ne
444 1834 568 1870 malus
590 1833 684 1871 item
705 1846 794 1883 erga
815 1846 879 1871 me
899 1832 947 1871 sit
968 1841 1010 1871 ut
1030 1847 1120 1884 erga
1139 1833 1248 1871 illum
1270 1834 1352 1882 fuit,
1618 1852 1709 1878 1020

226 1916 243 1947 5
372 1911 422 1936 ne
443 1898 481 1935 in
504 1912 543 1936 re
564 1899 739 1936 secunda
760 1912 866 1936 nunc
888 1898 982 1936 mihi
1005 1899 1188 1938 obuortat
1208 1913 1368 1949 cornua,

373 1962 403 2000 si
427 1963 677 2001 occasionem
699 1963 823 2014 capsit
845 1964 911 2014 qui
931 1963 1022 2016 (sie)
1043 1964 1091 2002 sit
1112 1966 1237 2003 malus
1251 1980 1261 2014 3

311 2076 389 2097 1001
410 2067 516 2098 sumb.
535 2067 663 2106 (simb.)
676 2067 710 2098 in
726 2067 823 2107 epist.
837 2067 988 2098 Ballioni
997 2068 1210 2099 contz'mcatP
1222 2069 1282 2106 (iii.
1297 2079 1317 2108 3
1331 2069 1355 2108 ἲ)
1431 2080 1512 2101 1002
1523 2075 1600 2111 post

267 2120 349 2149 1003
364 2110 455 2149 ponit
469 2110 502 2140 A
522 2112 629 2150 (prius
641 2115 854 2151 om.propter
863 2111 1045 2143 liomoeolel.
1060 2123 1068 2151 3
1087 2113 1118 2142 ii.
1129 2114 1166 2149 6)
1268 2124 1351 2152 1003
1376 2113 1510 2144 mittere
1526 2126 1597 2146 sus-

257 2158 387 2194 pectam
479 2155 673 2194 inscriptam
692 2155 814 2185 Bothe:
840 2156 868 2185 is
890 2156 1051 2195 scriptam
1071 2155 1206 2197 Sauppe
1339 2167 1420 2196 1004
1446 2158 1548 2189 baltio
1568 2158 1602 2189 P

266 2199 353 2228 1006
376 2199 478 2229 mittit
495 2198 527 2227 A
666 2209 746 2237 1007
773 2209 911 2238 operam
929 2199 963 2229 P
1099 2210 1182 2231 1010
1206 2205 1304 2231 tunes
1322 2202 1451 2240 saphax
1472 2202 1501 2231 Ρ
1517 2206 1527 2241 «ζ
1537 2207 1597 2243 pro

267 2238 357 2275 Ι-ΑΡ
369 2238 457 2281 Π-,
478 2253 542 2272 om.
562 2242 590 2273 is
603 2242 628 2282 2)
760 2242 804 2282 ip.
825 2243 937 2282 hapax
953 2243 987 2273 A
1147 2254 1225 2275 1011
1253 2244 1360 2285 accipi
1378 2250 1411 2275 et
1427 2245 1502 2276 ΡΒΕ
1518 2252 1598 2287 <pro

359 2294 374 2310 e

264 2319 371 2358 accipi
383 2320 420 2360 2),
441 2319 526 2350 unde
542 2319 648 2358 accipi
669 2318 741 2352 (del.
756 2321 803 2360 et)
822 2318 930 2359 Goetz,
945 2319 1071 2351 Sclzoell
1169 2331 1250 2352 1012
1276 2321 1385 2361 Quom
1398 2321 1432 2352 P
1446 2322 1597 2362 (antiqua

254 2363 388 2402 forma)
483 2373 628 2402 1013-47
647 2362 775 2393 deestA
869 2366 952 2394 1016
977 2374 1059 2404 ergo
1071 2364 1143 2397 Ital.
1161 2376 1168 2395 :
1186 2376 1268 2404 rego
1285 2366 1350 2398 cod.
1444 2376 1524 2405 1017
1549 2367 1601 2396 vel

266 2416 429 2445 mageque
483 2417 566 2445 1019
579 2407 629 2437 vel
639 2407 740 2437 illunc
799 2416 880 2437 1022
899 2408 1005 2447 capsit
1021 2407 1251 2440 Camerarius:
1265 2410 1394 2449 ceperit
1408 2411 1516 2449 capsti
1529 2410 1594 2442 cod.

267 2450 322 2490 (iv.
340 2455 372 2491 1)
454 2449 546 2492 (sic)
563 2449 638 2481 add.
657 2450 800 2481 Karsten
820 2451 999 2490 (Mnemos.
1013 2462 1065 2491 31,
1080 2454 1154 2492 155)
1244 2451 1369 2495 (mihi)
1389 2464 1452 2485 ma.
1476 2453 1600 2495 Ussing

960 2524 983 2535 l
