1783 2707
185 137 262 174 ΙΙΙ.

228 463 265 485 10

226 788 290 819 15r

226 1115 266 1139 20

227 1444 264 1476 25

225 1771 267 1801 3)

285 135 327 173 iii
710 134 756 170 T.
790 132 970 171 MACCI
1001 132 1204 170 PLAVTI

338 252 381 284 ut
401 257 487 284 eam
509 244 592 283 sine
613 246 706 283 dote
727 244 841 282 frater
861 250 1028 294 nuptum
1049 243 1240 281 conlocet.
1630 252 1694 291 735

338 318 427 361 post
446 311 565 349 adeas
586 317 669 349 tute
691 309 916 348 Philtonem
938 315 976 347 et
997 308 1131 347 dotem
1152 308 1245 346 dare

338 384 375 415 te
396 376 431 415 ei
451 375 570 423 dicas,
594 376 720 413 facere
741 374 781 412 id
803 373 885 412 eius
906 373 959 411 ob
979 372 1189 411 amicitiam
1212 369 1340 422 patris.

338 455 474 480 uerum
496 442 572 480 hoc
593 453 666 491 (go
687 453 824 479 uereor
845 452 895 477 ne
915 438 1034 477 istaec
1056 436 1285 488 pollicitatio

337 515 375 546 te
396 507 434 545 in
456 506 602 545 crimen
623 506 772 556 populo
792 511 914 555 ponat
933 511 1052 554 atque
1072 502 1271 541 infamiam
1288 515 1298 549 ;

337 585 417 610 non
439 579 585 610 temere
606 570 740 609 dicant
761 577 799 608 te
820 568 1036 619 benignum
1059 567 1221 617 uirgini:
1631 576 1700 611 740

337 639 469 677 datam
491 636 560 675 tibi
583 637 730 682 dotem,
754 634 789 674 ei
810 648 929 685 quam
951 635 1074 680 dares,
1098 632 1180 672 eius
1200 645 1223 670 a
1243 638 1362 682 patre,

337 717 383 742 ex
404 716 449 742 ea
469 701 594 752 largiri
617 708 654 740 te
676 700 741 748 illi,
765 714 895 750 neque
916 699 969 737 ita
990 707 1031 737 ut
1053 697 1099 737 sit
1121 699 1211 737 data

338 769 535 807 columem
557 774 594 805 te
616 766 750 805 sistere
771 764 839 813 illi,
860 772 898 804 et
919 766 1077 804 detraxe
1097 769 1313 802 autument.

338 847 444 873 nunc
465 833 495 872 si
518 832 685 884 opperiri
707 832 766 871 uis
787 833 1006 871 aduentum
1028 828 1243 875 Charmidi,

338 901 606 951 perlongumst
623 914 630 937 z
660 898 751 936 huic
772 896 946 936 ducendi
967 895 1114 935 interea
1132 892 1361 945 apscesserit
1632 907 1697 945 745

339 965 476 1005 lubido
492 979 501 1012 5
530 972 648 1015 atque
669 977 714 1002 ea
735 962 920 1002 condicio
941 961 1033 999 huic
1054 962 1117 999 uel
1138 958 1319 1010 primaria
1339 966 1409 997 est.

339 1032 413 1071 CA.
444 1043 535 1069 nam
557 1031 687 1068 hercle
708 1027 842 1068 omnia
866 1027 987 1066 istaec
1008 1026 1173 1065 ueniunt
1193 1024 1232 1062 in
1255 1031 1428 1062 mentem
1449 1022 1555 1062 mihi.

338 1096 430 1136 uide
452 1095 482 1135 si
503 1096 578 1134 hoc
600 1094 737 1134 utibile
758 1093 881 1144 magis
901 1100 1020 1143 atque
1041 1091 1080 1130 in
1102 1104 1183 1129 rem
1204 1091 1381 1140 deputas,

338 1163 467 1213 ipsum
491 1162 631 1201 adeam
653 1159 932 1205 Lesbonicum,
956 1159 1145 1198 edoceam
1167 1162 1209 1194 ut
1229 1168 1288 1193 res
1310 1167 1350 1193 se
1370 1154 1500 1193 habet.

338 1229 408 1268 sed
428 1235 471 1266 ut
491 1229 564 1278 ego
584 1240 690 1265 nunc
711 1224 956 1265 adulescenti
976 1225 1230 1262 thensaurum
1251 1219 1423 1260 indicem
1632 1228 1700 1267 750

339 1293 544 1340 indomito,
569 1294 687 1343 pleno
709 1291 853 1331 amoris
874 1304 919 1329 ac
940 1288 1157 1329 lasciuiae?

340 1359 513 1406 minime,
537 1357 698 1396 minime
719 1358 849 1396 hercle
871 1369 976 1395 uero.
1036 1367 1127 1393 nam
1149 1360 1256 1392 certo
1277 1351 1370 1399 scio,

340 1426 471 1463 locum
493 1436 651 1475 quoque
672 1422 781 1461 illum
803 1434 963 1461 omnem
984 1419 1053 1459 ubi
1073 1419 1185 1458 situst
1210 1416 1426 1457 comederit
1445 1431 1453 1463 ;

340 1503 458 1541 quem
480 1489 614 1528 fodere
635 1495 780 1535 metuo,
804 1486 977 1526 sonitum
998 1499 1047 1524 ne
1068 1484 1132 1523 ille
1153 1482 1334 1522 exaudiat

340 1569 417 1595 neu
438 1568 519 1595 rem
540 1554 665 1605 ipsam
686 1553 855 1603 indaget,
879 1554 1014 1591 dotem
1032 1552 1123 1590 dare
1144 1549 1175 1588 si
1196 1548 1370 1589 dixerim.
1633 1561 1673 1598 75
1681 1560 1697 1598 5

341 1623 423 1660 ME.
456 1634 536 1671 quo
556 1627 672 1671 pacto
694 1632 785 1670 ergo
805 1618 920 1668 igitur
940 1618 1041 1655 clam
1063 1617 1135 1655 dos
1156 1613 1333 1665 depromi
1355 1615 1516 1664 potest?

339 1688 410 1727 CA.
443 1687 539 1725 dum
561 1683 717 1723 occasio
738 1684 772 1722 ei
793 1681 882 1735 (rei)
902 1681 1125 1733 reperiatur,
1149 1679 1304 1719 interim

338 1752 388 1791 ab
409 1751 537 1790 amico
557 1749 740 1789 alicunde
762 1756 943 1787 mutuom
964 1754 1168 1797 argentum
1188 1758 1310 1796 roges.

341 1819 423 1856 ME.
456 1816 566 1867 potin
588 1823 646 1855 est
665 1816 715 1854 ab
737 1814 866 1854 amico
887 1814 1071 1852 alicunde
1092 1811 1269 1851 exorari?
1325 1812 1397 1850 CA.
1431 1817 1569 1860 potest.

340 1885 423 1921 ME.
455 1885 611 1933 gerrae!
641 1895 691 1920 ne
711 1889 753 1920 tu
775 1881 871 1919 illud
894 1880 1059 1918 uerbum
1080 1885 1257 1917 actutum
1282 1875 1478 1915 inueneris
1499 1891 1505 1913 :
1632 1876 1701 1920 760

342 1947 462 1986 ‘mihi
484 1947 646 1998 quidem
667 1947 798 1985 hercle
820 1959 900 1984 non
923 1952 980 1983 est
1001 1944 1110 1994 quod
1131 1943 1221 1981 dem
1243 1942 1449 1980 mutuom.’

341 2015 412 2053 CA.
447 2012 578 2050 malim
600 2013 730 2050 hercle
751 2019 792 2049 ut
814 2024 950 2049 uerum
973 2009 1079 2048 dicas
1101 2021 1219 2058 quam
1241 2014 1283 2045 ut
1303 2008 1372 2046 des
1394 2013 1584 2045 mutuom.

286 2119 296 2127 '
329 2120 392 2157 736
415 2116 530 2147 accedit
546 2116 577 2146 A
723 2125 786 2154 739
810 2123 946 2146 cremen
965 2113 997 2143 P
1135 2122 1192 2151 741
1220 2111 1266 2151 ci]
1286 2116 1319 2142 et
1335 2110 1367 2141 A
1468 2110 1567 2140 deres
1585 2109 1617 2140 P

285 2162 381 2200 (corr.
402 2161 450 2197 D)
611 2170 671 2198 742
691 2158 805 2198 largiri
823 2157 871 2199 te]
889 2157 1042 2197 largitate
1059 2155 1092 2186 P
1253 2166 1314 2195 743
1337 2154 1494 2186 columen
1512 2158 1545 2184 te
1562 2153 1610 2183 P:

285 2205 486 2237 incolumem
505 2203 538 2235 A
628 2202 760 2234 detraxi
777 2201 811 2232 P
897 2211 960 2240 744
985 2199 1105 2240 opperi
1118 2199 1151 2229 A
1257 2200 1319 2238 746
1335 2208 1401 2229 om.
1418 2197 1450 2227 P
1535 2197 1612 2227 huic

284 2249 344 2281 del.
364 2248 487 2288 Haupt
641 2257 699 2286 747
726 2256 802 2277 nam
822 2245 954 2285 hercle]
973 2245 1089 2275 eadem
1106 2243 1139 2273 A
1298 2252 1361 2281 749
1385 2240 1511 2281 ipsum]
1530 2244 1566 2271 ut
1583 2239 1616 2270 P

286 2303 350 2333 750
375 2302 462 2323 nunc
480 2301 542 2330 ego
560 2291 639 2331 (om.
661 2290 712 2329 ut)
731 2289 764 2320 A
911 2298 974 2328 752
998 2297 1080 2318 uero
1098 2298 1163 2318 om.
1178 2286 1211 2317 A
1360 2286 1422 2324 756
1446 2294 1526 2323 ergo
1542 2294 1609 2314 om.

285 2338 318 2368 A
475 2344 535 2375 757
561 2334 609 2366 rei
637 2334 732 2374 (rel)
760 2331 835 2364 add.
863 2331 1073 2363 Camerarius
1228 2330 1290 2369 758
1313 2333 1463 2361 mutuom
1491 2338 1557 2358 om.
1583 2326 1616 2358 P

287 2390 402 2420 rogem
419 2379 492 2411 Ital.
621 2379 682 2417 762
706 2381 741 2408 ut
759 2375 835 2417 des]
854 2376 951 2407 uides
968 2375 1000 2406 P

968 2513 990 2523 l
