1731 2713
767 101 992 139 RVDENS
1470 102 1537 140 IV.
1558 101 1573 139 i

696 312 931 360 ACTVS
985 313 1056 359 IV

720 430 1032 467 DAEMONEs
1561 430 1667 468 1V.i

268 528 375 566 Bene
396 527 542 565 sactum
563 534 601 565 et
623 528 744 577 uolup
765 534 822 565 est
845 526 906 565 me
929 527 1047 565 hodie
1069 527 1128 565 his
1150 526 1388 565 mulierculis

266 591 440 630 tetulisse
460 591 657 630 auxilium.
717 591 794 629 iam
816 591 977 629 clientas
1000 592 1160 642 repperi,

263 665 382 707 atque
402 658 538 695 ambas
560 659 684 695 forma
704 656 843 695 scitula
862 664 980 707 atque
1001 659 1180 696 aetatula.

125 731 189 775 895
264 724 333 761 sed
355 723 450 760 uxor
470 724 633 761 scelesta
655 736 718 760 me
738 722 924 761 omnibus
945 730 1073 761 seruat
1095 723 1237 770 modis,

264 801 314 826 ne
334 787 429 837 quid
450 787 666 837 significem
689 787 889 837 quippiam
914 788 1160 826 mulierculis.
1559 807 1576 838 5

264 853 333 891 sed
355 852 499 902 Gripus
520 866 654 891 seruos
676 861 808 891 noster
829 853 924 902 quid
947 867 1072 891 rerum
1095 861 1201 903 gerat

262 917 390 963 miror,
414 919 463 956 de
484 925 601 955 nocte
622 916 689 967 qui
710 916 805 955 abiit
826 916 1019 966 piscatum
1041 919 1092 956 ad
1114 932 1229 956 marc.

261 984 327 1033 pol
350 982 461 1032 magi'
483 982 646 1032 sapisset
667 982 698 1020 si
720 982 970 1021 dormiuisset
992 982 1111 1030 domi,

121 1060 190 1096 900
261 1061 353 1086 nam
374 1061 480 1086 nunc
500 1055 538 1085 et
558 1060 718 1097 operam
739 1048 854 1086 ludos
867 1047 966 1086 'facit
987 1055 1023 1086 et
1044 1047 1192 1095 retiam,

261 1121 303 1152 ut
324 1121 535 1163 tempestas
557 1120 614 1151 est
635 1126 741 1151 nunc
761 1120 881 1163 atque
901 1120 943 1151 ut
964 1121 1083 1152 noctu
1106 1113 1188 1151 fuit.
1558 1130 1597 1153 10

260 1179 300 1217 in
321 1178 450 1229 digitis
471 1178 590 1217 hodie
612 1192 851 1229 percoquam
873 1181 981 1229 quod
1003 1179 1158 1229 ceperit,

260 1244 313 1282 ita
333 1246 521 1283 fluctuare
542 1243 660 1282 uideo
682 1246 938 1284 uehementer
959 1258 1075 1283 mare.

260 1309 330 1347 sed
350 1310 399 1347 ad
421 1307 630 1358 prandium
652 1321 748 1346 uxor
770 1322 832 1347 me
853 1316 980 1347 uocat.
1040 1310 1159 1347 redeo
1180 1310 1355 1348 domum.

118 1385 184 1421 905
259 1373 336 1411 iam
358 1377 464 1412 meas
485 1372 663 1424 opplebit
683 1373 785 1412 auris
807 1373 1172 1424 uaniloquentia.—

760 1485 971 1523 GR11>vs
1552 1483 1583 1520 ii

312 1567 501 1617 Neptuno
522 1567 591 1605 has
612 1579 686 1616 ago
706 1566 846 1616 gratias
867 1579 957 1604 meo
977 1574 1154 1616 patrono,

310 1631 377 1681 qui
398 1631 507 1670 salsis
527 1631 623 1670 locis
645 1631 781 1670 incolit
802 1631 1041 1681 pisculentis‚

310 1709 431 1745 quom
453 1710 515 1735 me
536 1710 583 1735 ex
603 1696 682 1735 suis
703 1696 799 1735 locis
821 1697 983 1746 pulchre
1004 1704 1184 1735 ornatum
1207 1696 1415 1750 eiffpediuiss

310 1761 466 1811 templis
486 1763 712 1810 redducem,
737 1763 918 1813 pluruma
938 1763 1084 1812 praeda
1103 1770 1300 1809 onustum,

117 1836 186 1872 910
311 1828 434 1865 salute
454 1826 598 1875 horiae,
621 1840 722 1877 quae
743 1827 782 1864 in
804 1827 900 1865 mari
921 1826 1116 1865 fluctuoso
1552 1842 1568 1874 5

310 1891 460 1941 piscatu
481 1905 588 1930 nouo
609 1905 672 1931 me
692 1891 802 1931 uberi
823 1892 1058 1943 compotiuit

246 1997 309 2036 892
333 1996 382 2027 vel
399 1997 474 2027 med
606 1997 671 2036 896
696 2007 738 2027 ne
754 1997 811 2036 qui
839 1996 1012 2027 Acidalius
1144 1998 1208 2037 899
1232 1997 1281 2028 vel
1300 2007 1396 2036 mage
1484 1998 1533 2028 vel

202 2040 377 2080 sapiisset:
401 2039 593 2070 Priscianus
612 2050 638 2080 1,
659 2051 724 2080 500
741 2052 780 2072 ex
798 2040 903 2081 Capro
921 2041 1091 2081 sapuisset
1108 2043 1220 2071 testari
1233 2041 1360 2072 videtur
1465 2051 1530 2080 900

204 2084 282 2115 facit
303 2083 390 2115 codd.
411 2083 578 2114 Prisciani
592 2093 620 2122 1,
639 2094 722 2123 332:
750 2085 806 2115 dat
827 2084 892 2116 cod.
914 2086 985 2123 (pro
1002 2084 1058 2121 ffit,
1078 2085 1099 2116 i.
1113 2096 1136 2115 e.
1156 2086 1233 2115 facit
1248 2086 1362 2124 3)sort.
1385 2088 1460 2115 recte
1476 2085 1529 2124 (cf.

204 2127 303 2158 Arch.
325 2127 398 2159 Lat.
418 2126 580 2168 Lext'cogr.
605 2138 653 2166 ΙΙ,
677 2129 751 2165 128)
842 2129 960 2159 retiam
977 2131 1114 2159 testatur
1126 2128 1337 2159 Priscianus:
1363 2129 1446 2159 retia
1463 2128 1529 2159 cod.

203 2181 267 2210 905
292 2181 384 2201 meas
402 2175 480 2211 post
501 2171 592 2202 auris
609 2171 851 2202 Sonnenschm
944 2171 1034 2213 [sua]
1054 2182 1129 2203 uan.
1149 2172 1214 2202 cod.
1235 2173 1290 2213 (iv.
1308 2174 1343 2213 3)
1361 2184 1367 2203 :
1391 2182 1451 2203 sua
1468 2172 1526 2204 del.

205 2214 341 2245 Gm'etus
470 2217 535 2254 906
558 2225 632 2245 meo
648 2221 788 2254 patrono
805 2216 929 2255 gratias
946 2215 1010 2247 cod.
1030 2227 1036 2246 :
1060 2215 1130 2246 irai.
1145 2215 1228 2247 Reiz
1358 2217 1422 2254 908
1446 2216 1531 2246 locis

202 2258 260 2290 del.
284 2258 365 2289 Reiz
518 2269 584 2298 909
608 2259 808 2298 templisque
826 2260 982 2289 reducem
1002 2259 1063 2298 (ita
1080 2259 1164 2300 cod.)
1182 2259 1370 2296 Fleckeisen,
1388 2259 1443 2290 cui
1456 2259 1528 2289 red-

203 2301 321 2332 ducem
329 2302 448 2342 forma
465 2301 607 2342 displicet
712 2303 893 2333 honestum
911 2302 976 2334 cod.
999 2303 1092 2342 (corr.
1113 2302 1178 2344 B2)
1322 2313 1387 2343 910
1409 2302 1529 2333 horiae

202 2344 360 2385 Pylades:
387 2346 504 2376 horeia
520 2345 586 2376 cod.
608 2357 614 2376 :
639 2345 732 2376 horia
749 2345 838 2377 codd.
857 2345 960 2376 Nonii
973 2355 1038 2385 533
