1731 2713
677 135 997 175 PSEVDOLVS
1441 133 1494 169 II.
1513 133 1542 169 '1i

158 253 244 291 -sed
266 251 357 290 uide
377 251 428 288 sis
449 264 498 289 ne
519 249 558 287 in
580 247 809 298 quaestione
831 246 881 284 sis
903 246 1064 295 quando
1084 257 1276 283 arcessam
1300 243 1404 281 mihi.
1524 256 1562 286 70

178 320 256 356 HA.
289 315 384 366 quin
419 314 486 353 ubi
521 314 725 365 prandero,
758 312 863 350 dabo
897 323 1056 361 operam
1091 322 1242 347 somno.
1316 310 1376 346 Ps.
1410 322 1502 345 sane

1346 386 1498 410 censeo.

86 451 152 496 665
177 448 256 484 ΗΑ.
290 443 484 494 numquid
505 442 593 481 uis?
650 443 712 480 Ps.
745 439 958 480 dormitum
980 446 1021 477 ut
1042 438 1170 477 abeas.
1223 439 1302 475 HA.
1336 437 1503 474 abeo-

900 507 961 542 Ps.
994 512 1112 553 atque
1132 502 1263 548 audin,
1291 501 1504 551 Harpage?

173 576 264 615 iube
285 575 336 613 sis
357 582 394 613 te
415 572 556 624 operiri
575 588 581 611 :
612 572 751 611 beatus
772 571 848 618 eri',
872 570 903 609 si
925 567 1217 608 consudaueris.

675 684 1003 720 PSEVDOLVS
1521 672 1564 710 iii

176 769 227 807 Di
248 768 484 814 inmortales,
508 765 756 805 conseruauit
778 778 841 802 me
862 763 940 801 illic
961 764 1082 800 homo
1102 762 1277 799 aduentu
1299 772 1380 798 suo.

174 848 245 873 suo
266 833 410 872 uiatico
431 832 612 871 redduxit
634 844 697 868 me
714 842 910 885 iusqueex
931 841 1058 866 errore
1079 827 1117 864 in
1139 826 1254 864 uiam.
1428 813 1517 853 s

175 913 346 949 namque
366 899 450 948 ipsa
471 896 756 947 Opportunitas
778 908 857 932 non
880 893 1007 944 potuit
1029 891 1081 929 mi
1102 890 1361 941 opportunius

87 972 156 1013 670
174 964 361 1003 aduenire
383 976 499 1013 quarn
522 964 620 999 haec
641 962 793 998 allatast
816 959 869 996 mi
891 965 1112 1008 opportune
1134 956 1309 1005 epistula.

174 1043 265 1067 nam
286 1030 383 1067 haec
403 1029 519 1065 allata
539 1039 661 1064 cornu
682 1024 867 1075 copiaest,
893 1023 959 1062 ubi
982 1023 1082 1061 inest
1104 1020 1298 1071 quidquid
1321 1022 1413 1058 uolo
1431 1035 1437 1058 z
1527 1034 1544 1065 5

174 1095 237 1133 hic
257 1094 348 1140 doli,
372 1093 436 1131 hic
456 1091 631 1130 fallaciae
652 1103 801 1136 omnes,
825 1089 890 1127 hic
911 1096 1001 1126 sunt
1023 1085 1317 1137 sycophantiae,

174 1160 239 1198 hic
259 1166 473 1209 argentum,
497 1158 560 1194 hic
581 1155 709 1194 amica
728 1153 877 1193 amanti
899 1153 980 1192 erili
1003 1152 1094 1191 filio.
1550 1188 1568 1199 s

176 1233 295 1275 atque
316 1237 388 1274 ego
408 1236 514 1261 nunc
536 1235 598 1260 me
620 1229 661 1259 ut
681 1219 895 1270 gloriosum
917 1217 1057 1256 faciam
1079 1224 1116 1255 et
1127 1215 1406 1281 Qctore
1424 1230 1449 1255 1„
1478 1199 1549 1238 ss

91 1296 157 1340 675
179 1304 258 1342 quo
289 1290 409 1328 modo
439 1288 614 1338 quidque
643 1299 810 1336 agerem,
843 1292 886 1322 ut
915 1283 1048 1322 lenoni
1079 1295 1323 1331 surruperem
1357 1280 1507 1318 mulier-

1364 1346 1504 1390 culam,

177 1421 254 1459 iam
275 1419 460 1466 instituta,
484 1425 620 1457 ornata
640 1423 784 1455 cuncta
804 1415 844 1453 in
866 1412 1015 1460 ordine,
1038 1411 1172 1450 animo
1193 1419 1235 1449 ut
1255 1412 1468 1455 nolueram,
1534 1421 1571 1442 10

177 1494 292 1531 certa,
315 1485 533 1523 deformata
552 1482 750 1520 habebam
765 1495 776 1528 3
806 1480 876 1517 sed
897 1479 1075 1529 profecto
1097 1478 1172 1515 hoc
1194 1475 1248 1514 sic
1269 1475 1338 1514 erit
1356 1490 1362 1512 :

177 1558 337 1589 centurn
359 1550 521 1587 doctum
541 1546 749 1585 hominum
770 1543 935 1583 consilia
956 1545 1039 1582 sola
1059 1543 1157 1580 haec
1177 1540 1351 1579 deuincit
1372 1540 1456 1585 dea,

180 1618 362 1655 Fortuna.
403 1621 521 1663 atque
541 1613 618 1651 hoc
639 1624 777 1650 uerum
798 1617 856 1648 est
874 1624 880 1647 :
911 1608 1078 1658 proinde
1095 1605 1319 1656 utquisque
1337 1607 1509 1642 Fortuna

1376 1668 1505 1714 utitur,

92 1750 163 1784 680
180 1746 233 1785 ita
252 1745 460 1796 praecellet
479 1751 598 1792 atque
619 1740 760 1780 exinde
782 1752 917 1790 sapere
938 1751 1029 1777 eum
1051 1749 1188 1776 omnes
1210 1735 1387 1774 dicimus.

182 1812 283 1850 bene
303 1809 371 1848 ubi
391 1809 499 1859 quod
521 1807 666 1846 scimus
686 1804 895 1844 consilium
917 1802 1118 1849 accidisse,
1143 1800 1345 1839 hominem
1367 1806 1497 1837 catum
1532 1809 1569 1840 15

181 1890 271 1915 eum
292 1888 377 1914 esse
397 1875 652 1918 declaramus,
675 1871 838 1909 stultum
859 1876 991 1906 autem
1013 1867 1123 1905 illurn
1145 1865 1237 1916 quoi
1259 1863 1377 1903 uortit
1397 1864 1508 1900 male.

181 1940 287 1980 stulti
307 1941 386 1978 hau
407 1938 551 1977 scimus
567 1938 705 1974 frustra
726 1942 768 1973 ut
789 1934 920 1979 simus,
939 1946 1060 1983 quom
1079 1932 1187 1982 quod
1210 1929 1413 1980 cupienter
1429 1927 1511 1967 dari

225 2047 289 2086 669
314 2055 390 2076 nam
407 2044 426 2076 i.
442 2043 485 2073 mi
499 2041 611 2082 (mihi)
623 2051 678 2080 op.
698 2051 729 2071 n.
745 2050 774 2078 p.
792 2049 847 2078 op.
862 2038 895 2068 P
1024 2039 1088 2076 670
1109 2035 1257 2076 allatast]
1279 2038 1398 2065 cauata
1415 2038 1466 2064 est
1483 2033 1516 2062 P

182 2092 244 2129 671
270 2090 399 2130 copiast
416 2086 503 2118 codd.
650 2086 714 2123 672
740 2082 837 2113 doliri
853 2081 887 2112 P
901 2081 996 2121 (corr.
1014 2080 1079 2119 3²)
1188 2078 1298 2120 [sunt]
1316 2078 1369 2108 hic
1388 2082 1466 2108 sunt
1482 2077 1516 2107 P

184 2133 241 2174 (iv.
261 2134 298 2173 3)
443 2131 506 2169 673
529 2132 742 2167 argentumst
767 2126 849 2165 (est)
866 2124 1082 2156 Camerarius
1227 2124 1290 2160 674
1317 2132 1369 2152 me
1387 2130 1417 2158 g.
1436 2121 1456 2150 f.
1477 2125 1512 2150 ut

184 2187 213 2208 e.
231 2176 264 2207 P
278 2176 324 2213 aii.
345 2175 380 2214 43
533 2175 596 2211 675
620 2171 746 2210 quique
764 2169 797 2199 P
903 2168 1035 2199 lenonis
1053 2167 1086 2197 A
1238 2167 1303 2204 676
1327 2164 1512 2194 institutam

185 2220 267 2260 (om.
285 2219 418 2255 ornata)
435 2217 468 2247 A
490 2216 547 2249 (iii.
570 2216 623 2255 11)
766 2213 830 2252 678
855 2217 982 2242 celtum
998 2211 1032 2240 A
1177 2210 1241 2239 680
1267 2207 1450 2248 praecellet
1466 2207 1516 2237 vel

184 2264 225 2294 -it
242 2264 273 2293 A
365 2262 516 2301 ducimus
532 2259 564 2288 A
698 2257 760 2287 681
787 2256 893 2296 qu0<d
912 2255 1091 2293 di)scimus
1107 2254 1136 2283 A
1159 2265 1165 2284 ι
1192 2252 1272 2291 quid
1287 2252 1447 2282 discimus
1459 2250 1512 2280 P:

184 2307 263 2346 quoi
280 2317 327 2337 sc.
343 2297 606 2341 Ac'idaliussort.
626 2304 701 2331 recte
788 2301 844 2330 vix
859 2299 1038 2329 disscrmus
1185 2297 1250 2326 682
1275 2295 1460 2334 declaratur
1476 2292 1511 2322 A

184 2360 251 2389 quo
267 2350 300 2380 P
398 2350 462 2387 683
485 2347 608 2378 scimus
624 2342 713 2375 codd.
804 2342 884 2382 quid
901 2340 1039 2382 Lipsius
1055 2340 1195 2380 (usitata
1201 2338 1336 2378 forma)

229 2458 348 2480 PLAVT.
367 2457 392 2478 11
1385 2436 1425 2469 19
