1731 2713
555 116 725 152 MILES
757 113 1069 152 GLORIOSVS
1404 112 1472 148 IV.
1494 110 1524 146 ii

151 228 224 281 Ml.
267 225 427 273 quumq'
463 236 524 260 me
558 221 762 260 oratricem
798 221 874 258 hau
909 217 1089 268 spreuisti
1124 217 1284 267 sistique
1319 230 1476 255 exorare

1360 296 1404 320 cx
1426 289 1472 319 te.

152 355 247 405 quid
277 356 363 393 est?
404 361 443 391 ut
474 354 600 391 ludo?
658 353 725 389 ΡΑ.
759 364 913 400 nequeo
944 350 1074 387 hercle
1104 348 1287 399 equidem
1321 345 1475 399 risu[m]
1496 353 1536 393 85

897 413 1187 453 admoderarier
1204 428 1209 450 :
1240 412 1435 463 <bambae
1454 410 1479 462 1>

155 486 227 522 Mi.
259 483 312 521 ob
332 496 418 522 eam
440 494 617 520 caussam
639 481 716 518 huc
732 493 801 529 aps
822 486 860 517 te
875 478 1011 517 auorti.
1074 480 1140 515 ΡΥ.
1174 491 1253 515 non
1275 478 1415 526 edepol
1437 483 1478 513 tu

1219 541 1305 588 scis,
1330 541 1477 587 mulier,

49 627 132 663 1075
155 620 345 664 quantum
370 626 442 662 ego
467 613 658 649 honorem
683 623 789 648 nunc
817 608 870 647 illi
898 609 1037 647 habeo.
1099 609 1171 645 M1.
1206 606 1287 645 scio
1315 613 1352 644 et
1382 605 1480 643 istuc

1263 670 1316 708 illi
1339 670 1478 708 dicam.

156 747 223 782 ΡΑ.
257 752 392 782 contra
412 756 507 780 auro
527 741 591 779 alii
613 742 715 779 hanc
737 741 909 779 uendere
931 738 1058 789 potuit
1079 750 1252 787 operam.
1312 737 1383 774 Mi.
1417 736 1482 784 pol

1138 802 1238 840 istuc
1260 800 1330 839 tibi
1351 801 1480 839 credo.

157 878 224 913 ΡΑ.
258 873 353 912 meri
375 874 581 911 bellatores
602 870 822 922 gignuntur,
846 883 943 920 quas
964 868 1028 906 hie
1049 866 1267 918 praegnatis
1289 865 1390 912 fecit,

157 948 194 978 et
215 939 322 989 pueri
344 952 469 976 annos
490 937 737 986 octingentos
758 935 907 973 uiuont.
970 935 1042 971 Ml.
1075 946 1147 971 uae
1169 932 1249 978 tibi,
1275 938 1438 981 nugator
1457 932 1464 967 1
1501 942 1544 975 90

159 1007 225 1043 ΡΥ.
259 1004 353 1054 quin
382 1003 488 1041 mille
514 1015 709 1040 annorum
735 1007 926 1051 perpetuo
948 998 1087 1036 uiuont
1107 997 1158 1035 ab
1186 998 1314 1035 saeclo
1334 997 1385 1034 ad
1406 1009 1485 1033 sae-

1367 1063 1483 1099 clum.

54 1143 142 1175 1080
162 1139 230 1174 ΡΑ.
262 1150 309 1174 eo
331 1135 450 1173 minu'
467 1132 545 1172 dixi
566 1147 615 1171 ne
631 1134 729 1170 haec
745 1137 922 1169 censeret
943 1143 1005 1167 me
1021 1130 1234 1167 aduorsum
1256 1141 1296 1165 se
1317 1126 1484 1165 mentiri.

161 1203 233 1239 Mi.
266 1200 388 1250 perii!
427 1206 524 1248 quot
553 1197 616 1235 hic
644 1197 726 1247 ipse
752 1209 878 1234 annos
905 1194 1024 1241 uiuet,
1047 1193 1188 1243 quoius
1216 1192 1284 1230 filii
1309 1200 1387 1230 tam
1417 1191 1485 1230 diu

1318 1258 1487 1296 uiuont?

160 1335 227 1370 Px:
260 1331 464 1382 postriduo
486 1337 598 1368 natus
621 1342 707 1367 sum
724 1341 806 1377 ego,
826 1326 976 1373 mulier,
999 1339 1118 1376 quam
1141 1324 1318 1375 Iuppiter
1338 1337 1384 1362 ex
1400 1323 1488 1372 Ope

1343 1394 1485 1425 natust.

162 1465 230 1501 ΡΑ.
264 1462 294 1500 si
329 1461 392 1500 hic
426 1460 550 1511 pridie
585 1467 698 1497 natus
738 1460 836 1497 foret
875 1470 993 1507 quarn
1028 1455 1092 1494 ille
1126 1462 1195 1502 est,
1231 1453 1295 1492 hie
1328 1453 1489 1491 haberet
1508 1467 1548 1500 95

1122 1533 1284 1570 regnum
1306 1518 1345 1556 in
1367 1519 1486 1556 caelo.

162 1595 234 1631 M1.
259 1593 335 1630 iam
357 1591 433 1630 iam
457 1598 524 1637 sat,
548 1589 701 1636 amabo,
726 1596 796 1627 est.
846 1586 960 1626 sinite
980 1586 1131 1632 abeam,
1152 1584 1182 1623 si
1203 1597 1375 1634 possum,
1399 1582 1490 1620 uiua

1320 1662 1343 1686 a
1363 1646 1488 1686 uobis.

57 1726 140 1769 1085
164 1726 232 1762 PA.
265 1722 360 1773 quin
388 1734 478 1771 ergo
498 1719 616 1766 abeis,
642 1719 803 1769 quando
823 1718 1123 1768 responsumst?
1181 1716 1255 1753 M1.
1287 1713 1352 1751 ibo
1373 1720 1491 1761 atque

1054 1782 1161 1819 illam
1182 1782 1259 1818 hue
1280 1780 1489 1823 adducam,

163 1861 319 1904 propter
351 1849 507 1904 (quam)
541 1864 659 1900 opera
697 1856 754 1887 est
794 1848 901 1886 mihi.
960 1845 1154 1896 numquid
1192 1844 1281 1882 uis?
1338 1845 1405 1880 ΡΥ.
1442 1856 1492 1880 ne

839 1912 952 1962 magi’
973 1911 1046 1950 sim
1068 1911 1231 1961 pulcher
1251 1921 1369 1958 quam
1392 1921 1492 1954 sum,

163 1984 215 2022 ita
250 1992 434 2022 me·mea
468 1983 593 2020 forma
627 1980 746 2018 habet
781 1978 1005 2017 sollicitum.
1064 1978 1131 2013 PA.
1165 1974 1261 2024 quid
1291 1973 1354 2011 hic
1385 1987 1491 2010 nune

847 2045 954 2082 stas?
983 2041 1077 2092 quin
1099 2040 1213 2079 abis?
1271 2040 1345 2077 M1.
1377 2039 1488 2076 abeo.

210 2164 291 2193 1072
316 2153 472 2193 quoniam
493 2151 576 2191 (qm)
596 2161 648 2181 me
665 2149 697 2180 Β
807 2148 897 2178 haud
917 2146 1145 2178 Camerarius:
1172 2144 1218 2174 hii
1238 2144 1306 2183 (hic
1326 2141 1411 2183 PCD)
1426 2141 1489 2174 cod.

165 2209 207 2228 ex
228 2197 278 2238 te]
303 2198 390 2228 ixste
409 2195 476 2226 cod.
506 2198 618 2232 (exste
635 2192 701 2233 DZ)
838 2201 919 2230 1073
945 2190 1101 2230 equidem
1119 2188 1244 2218 Bothe:
1269 2187 1403 2227 quidem
1424 2186 1487 2217 cod.

166 2242 232 2272 risu
255 2251 330 2271 meo
353 2240 438 2270 mod.
463 2238 559 2270 PCD:
586 2238 688 2268 risum
708 2246 746 2267 ac
767 2236 854 2266 mod.
877 2235 909 2265 Β
932 2235 985 2274 (ac
1002 2239 1065 2274 pro
1086 2238 1130 2271 at,
1149 2232 1168 2263 i.
1182 2242 1205 2263 e.
1230 2231 1271 2262 ad
1288 2229 1365 2261 2sed
1378 2230 1491 2260 admo-

164 2285 313 2315 derarier
324 2282 534 2324 perdubz'um)
626 2280 779 2311 hahahae
796 2278 871 2310 add.
891 2276 1107 2309 Studemund
1131 2276 1189 2315 (iii.
1219 2275 1254 2315 4)
1411 2283 1491 2311 1079

163 2328 245 2367 quin
270 2327 370 2358 Ital.:
404 2327 459 2366 qui
492 2325 556 2358 cod.
589 2335 662 2355 cum
687 2323 778 2354 codd.
808 2323 913 2353 Nonii
939 2332 1002 2360 499
1090 2318 1224 2350 saeculo
1251 2316 1339 2348 codd.
1368 2316 1492 2346 Nonii:

164 2372 255 2402 sacio
284 2371 375 2412 (-tio)
405 2369 469 2401 cod.
497 2370 523 2410 (i
531 2369 628 2410 prol)
767 2367 850 2397 1086
883 2374 982 2405 quam
1007 2362 1082 2395 add.
1107 2362 1238 2401 Bentley
1325 2360 1373 2392 vel
1398 2370 1493 2398 mage

168 2416 247 2454 1087
273 2415 399 2445 habent
415 2413 481 2444 cod.
