<?xml version="1.0" encoding="UTF-8"?>
<!DOCTYPE html PUBLIC "-//W3C//DTD XHTML 1.0 Transitional//EN"
    "http://www.w3.org/TR/xhtml1/DTD/xhtml1-transitional.dtd">
<html xmlns="http://www.w3.org/1999/xhtml" xml:lang="en" lang="en">
 <head>
  <title>
</title>
<meta http-equiv="Content-Type" content="text/html;charset=utf-8" />
  <meta name='ocr-system' content='tesseract 3.04.00' />
  <meta name='ocr-capabilities' content='ocr_page ocr_carea ocr_par ocr_line ocrx_word'/>
</head>
<body>
  <div class='ocr_page' id='page_1' title='image "./tmacciplauticomo02plauuoft_0189.png"; bbox 0 0 1731 2713; ppageno 0'>
   <div class='ocr_carea' id='block_1_1' title="bbox 780 92 1595 130">
    <p class='ocr_par' dir='ltr' id='par_1_1' title="bbox 780 92 1595 130">
     <span class='ocr_line' id='line_1_1' title="bbox 780 92 1595 130; baseline 0 -1"><span class='ocrx_word' id='word_1_1' title='bbox 780 92 956 129; x_wconf 82' lang='lat' dir='ltr'><strong>PERSA</strong></span> <span class='ocrx_word' id='word_1_2' title='bbox 1461 94 1527 130; x_wconf 81' lang='lat' dir='ltr'><strong>IV.</strong></span> <span class='ocrx_word' id='word_1_3' title='bbox 1550 93 1595 129; x_wconf 92' lang='lat' dir='ltr'><strong>iv</strong></span> 
     </span>
    </p>
   </div>
   <div class='ocr_carea' id='block_1_2' title="bbox 110 203 1592 2143">
    <p class='ocr_par' dir='ltr' id='par_1_2' title="bbox 110 203 1592 2143">
     <span class='ocr_line' id='line_1_2' title="bbox 119 203 1528 255; baseline -0.001 -12"><span class='ocrx_word' id='word_1_4' title='bbox 119 209 190 255; x_wconf 11' lang='lat'>610&gt;</span> <span class='ocrx_word' id='word_1_5' title='bbox 206 208 282 244; x_wconf 89' lang='lat' dir='ltr'><strong>To.</strong></span> <span class='ocrx_word' id='word_1_6' title='bbox 316 207 490 244; x_wconf 82' lang='lat' dir='ltr'><strong>ehodum</strong></span> <span class='ocrx_word' id='word_1_7' title='bbox 518 207 606 251; x_wconf 90' lang='lat' dir='ltr'><strong>huc,</strong></span> <span class='ocrx_word' id='word_1_8' title='bbox 633 204 752 254; x_wconf 86' lang='lat' dir='ltr'><strong>uirgo.</strong></span> <span class='ocrx_word' id='word_1_9' title='bbox 812 203 905 242; x_wconf 91' lang='lat' dir='ltr'><strong>uide</strong></span> <span class='ocrx_word' id='word_1_10' title='bbox 933 203 983 242; x_wconf 86' lang='lat' dir='ltr'><strong>sis</strong></span> <span class='ocrx_word' id='word_1_11' title='bbox 1011 203 1106 253; x_wconf 86' lang='lat' dir='ltr'><strong>quid</strong></span> <span class='ocrx_word' id='word_1_12' title='bbox 1135 217 1236 253; x_wconf 81' lang='lat' dir='ltr'><strong>agas.</strong></span> <span class='ocrx_word' id='word_1_13' title='bbox 1295 206 1357 242; x_wconf 75' lang='lat' dir='ltr'><strong>Vi.</strong></span> <span class='ocrx_word' id='word_1_14' title='bbox 1391 212 1528 251; x_wconf 74' lang='lat' dir='ltr'><strong>taceas,</strong></span> 
     </span>
     <span class='ocr_line' id='line_1_3' title="bbox 1181 269 1530 308; baseline 0.009 -3"><span class='ocrx_word' id='word_1_15' title='bbox 1181 269 1327 306; x_wconf 85' lang='lat' dir='ltr'><strong>curabo</strong></span> <span class='ocrx_word' id='word_1_16' title='bbox 1348 277 1389 306; x_wconf 86' lang='lat' dir='ltr'><strong>ut</strong></span> <span class='ocrx_word' id='word_1_17' title='bbox 1411 272 1530 308; x_wconf 81' lang='lat' dir='ltr'><strong>uoles.</strong></span> 
     </span>
     <span class='ocr_line' id='line_1_4' title="bbox 205 332 1535 385; baseline 0 -12"><span class='ocrx_word' id='word_1_18' title='bbox 205 337 278 373; x_wconf 83' lang='lat' dir='ltr'><strong>TO.</strong></span> <span class='ocrx_word' id='word_1_19' title='bbox 321 348 484 385; x_wconf 81' lang='lat' dir='ltr'><strong>sequere</strong></span> <span class='ocrx_word' id='word_1_20' title='bbox 520 348 592 372; x_wconf 77' lang='lat' dir='ltr'><strong>nic.</strong></span> <span class='ocrx_word' id='word_1_21' title='bbox 653 335 811 372; x_wconf 83' lang='lat' dir='ltr'>adduco</span> <span class='ocrx_word' id='word_1_22' title='bbox 843 334 956 380; x_wconf 84' lang='lat' dir='ltr'><strong>hanc,</strong></span> <span class='ocrx_word' id='word_1_23' title='bbox 980 332 1011 371; x_wconf 90' lang='lat' dir='ltr'><strong>si</strong></span> <span class='ocrx_word' id='word_1_24' title='bbox 1048 333 1143 383; x_wconf 85' lang='lat' dir='ltr'><strong>quid</strong></span> <span class='ocrx_word' id='word_1_25' title='bbox 1177 333 1235 371; x_wconf 90' lang='lat' dir='ltr'><strong>uis</strong></span> <span class='ocrx_word' id='word_1_26' title='bbox 1267 348 1312 371; x_wconf 81' lang='lat' dir='ltr'><strong>ex</strong></span> <span class='ocrx_word' id='word_1_27' title='bbox 1348 335 1419 372; x_wconf 83' lang='lat' dir='ltr'><strong>hac</strong></span> <span class='ocrx_word' id='word_1_28' title='bbox 1454 348 1535 384; x_wconf 82' lang='lat' dir='ltr'><strong>per-</strong></span> 
     </span>
     <span class='ocr_line' id='line_1_5' title="bbox 1327 400 1529 438; baseline 0.005 -1"><span class='ocrx_word' id='word_1_29' title='bbox 1327 400 1529 438; x_wconf 84' lang='lat' dir='ltr'><strong>contarier.</strong></span> 
     </span>
     <span class='ocr_line' id='line_1_6' title="bbox 204 463 1533 514; baseline -0.001 -11"><span class='ocrx_word' id='word_1_30' title='bbox 204 467 280 503; x_wconf 86' lang='lat' dir='ltr'><strong>Do.</strong></span> <span class='ocrx_word' id='word_1_31' title='bbox 313 464 418 503; x_wconf 86' lang='lat' dir='ltr'><strong>enim</strong></span> <span class='ocrx_word' id='word_1_32' title='bbox 443 465 536 502; x_wconf 83' lang='lat' dir='ltr'><strong>uolo</strong></span> <span class='ocrx_word' id='word_1_33' title='bbox 558 472 595 502; x_wconf 87' lang='lat' dir='ltr'><strong>te</strong></span> <span class='ocrx_word' id='word_1_34' title='bbox 615 464 764 502; x_wconf 81' lang='lat' dir='ltr'><strong>adesse.</strong></span> <span class='ocrx_word' id='word_1_35' title='bbox 824 464 898 501; x_wconf 89' lang='lat' dir='ltr'><strong>To.</strong></span> <span class='ocrx_word' id='word_1_36' title='bbox 931 464 1008 501; x_wconf 86' lang='lat' dir='ltr'><strong>hau</strong></span> <span class='ocrx_word' id='word_1_37' title='bbox 1034 476 1194 513; x_wconf 88' lang='lat' dir='ltr'><strong>possum</strong></span> <span class='ocrx_word' id='word_1_38' title='bbox 1217 463 1311 513; x_wconf 83' lang='lat' dir='ltr'><strong>quin</strong></span> <span class='ocrx_word' id='word_1_39' title='bbox 1333 464 1423 501; x_wconf 86' lang='lat' dir='ltr'><strong>huic</strong></span> <span class='ocrx_word' id='word_1_40' title='bbox 1444 478 1533 514; x_wconf 80' lang='lat' dir='ltr'><strong>ope-</strong></span> 
     </span>
     <span class='ocr_line' id='line_1_7' title="bbox 1157 529 1527 579; baseline 0.003 -13"><span class='ocrx_word' id='word_1_41' title='bbox 1157 542 1238 566; x_wconf 86' lang='lat' dir='ltr'><strong>ram</strong></span> <span class='ocrx_word' id='word_1_42' title='bbox 1261 530 1350 566; x_wconf 77' lang='lat' dir='ltr'><strong>dem</strong></span> <span class='ocrx_word' id='word_1_43' title='bbox 1373 529 1527 579; x_wconf 84' lang='lat' dir='ltr'>hospiti,</span> 
     </span>
     <span class='ocr_line' id='line_1_8' title="bbox 201 592 1590 645; baseline -0.001 -12"><span class='ocrx_word' id='word_1_44' title='bbox 201 596 296 645; x_wconf 78' lang='lat' dir='ltr'><strong>quoi</strong></span> <span class='ocrx_word' id='word_1_45' title='bbox 315 608 402 633; x_wconf 82' lang='lat' dir='ltr'><strong>erus</strong></span> <span class='ocrx_word' id='word_1_46' title='bbox 423 593 543 632; x_wconf 91' lang='lat' dir='ltr'><strong>iussit.</strong></span> <span class='ocrx_word' id='word_1_47' title='bbox 595 593 690 643; x_wconf 89' lang='lat' dir='ltr'><strong>quid</strong></span> <span class='ocrx_word' id='word_1_48' title='bbox 711 592 742 631; x_wconf 91' lang='lat' dir='ltr'><strong>si</strong></span> <span class='ocrx_word' id='word_1_49' title='bbox 763 593 827 631; x_wconf 90' lang='lat' dir='ltr'><strong>hic</strong></span> <span class='ocrx_word' id='word_1_50' title='bbox 843 606 924 631; x_wconf 87' lang='lat' dir='ltr'><strong>non</strong></span> <span class='ocrx_word' id='word_1_51' title='bbox 945 594 1028 631; x_wconf 87' lang='lat' dir='ltr'><strong>uolt</strong></span> <span class='ocrx_word' id='word_1_52' title='bbox 1050 606 1112 631; x_wconf 86' lang='lat' dir='ltr'><strong>me</strong></span> <span class='ocrx_word' id='word_1_53' title='bbox 1134 607 1212 631; x_wconf 81' lang='lat' dir='ltr'><strong>una</strong></span> <span class='ocrx_word' id='word_1_54' title='bbox 1231 595 1398 632; x_wconf 79' lang='lat' dir='ltr'><strong>adesse?</strong></span> <span class='ocrx_word' id='word_1_55' title='bbox 1436 596 1527 632; x_wconf 66' lang='lat' dir='ltr'>SAG.</span> <span class='ocrx_word' id='word_1_56' title='bbox 1551 600 1590 643; x_wconf 84' lang='lat'><strong>65</strong></span> 
     </span>
     <span class='ocr_line' id='line_1_9' title="bbox 1222 658 1528 697; baseline 0.007 -2"><span class='ocrx_word' id='word_1_57' title='bbox 1222 658 1344 696; x_wconf 87' lang='lat' dir='ltr'><strong>immo</strong></span> <span class='ocrx_word' id='word_1_58' title='bbox 1366 658 1375 696; x_wconf 92' lang='lat' dir='ltr'><strong>i</strong></span> <span class='ocrx_word' id='word_1_59' title='bbox 1398 660 1528 697; x_wconf 87' lang='lat' dir='ltr'><strong>modo.</strong></span> 
     </span>
     <span class='ocr_line' id='line_1_10' title="bbox 202 722 1531 773; baseline -0.001 -11"><span class='ocrx_word' id='word_1_60' title='bbox 202 726 275 762; x_wconf 89' lang='lat' dir='ltr'><strong>To.</strong></span> <span class='ocrx_word' id='word_1_61' title='bbox 308 725 361 762; x_wconf 91' lang='lat' dir='ltr'><strong>do</strong></span> <span class='ocrx_word' id='word_1_62' title='bbox 383 723 452 761; x_wconf 89' lang='lat' dir='ltr'><strong>tibi</strong></span> <span class='ocrx_word' id='word_1_63' title='bbox 474 737 547 773; x_wconf 84' lang='lat' dir='ltr'><strong>ego</strong></span> <span class='ocrx_word' id='word_1_64' title='bbox 567 736 738 773; x_wconf 81' lang='lat' dir='ltr'><strong>operam.</strong></span> <span class='ocrx_word' id='word_1_65' title='bbox 801 724 877 761; x_wconf 82' lang='lat' dir='ltr'><strong>Do.</strong></span> <span class='ocrx_word' id='word_1_66' title='bbox 911 722 981 760; x_wconf 89' lang='lat' dir='ltr'><strong>tibi</strong></span> <span class='ocrx_word' id='word_1_67' title='bbox 1003 722 1151 761; x_wconf 78' lang='lat' dir='ltr'><strong>ibidem</strong></span> <span class='ocrx_word' id='word_1_68' title='bbox 1174 724 1255 769; x_wconf 88' lang='lat' dir='ltr'><strong>das,</strong></span> <span class='ocrx_word' id='word_1_69' title='bbox 1271 723 1338 761; x_wconf 86' lang='lat' dir='ltr'><strong>ubi</strong></span> <span class='ocrx_word' id='word_1_70' title='bbox 1361 731 1400 761; x_wconf 90' lang='lat' dir='ltr'><strong>tu</strong></span> <span class='ocrx_word' id='word_1_71' title='bbox 1423 731 1531 762; x_wconf 84' lang='lat' dir='ltr'><strong>tuom</strong></span> 
     </span>
     <span class='ocr_line' id='line_1_11' title="bbox 1163 788 1529 827; baseline 0.005 -2"><span class='ocrx_word' id='word_1_72' title='bbox 1163 788 1333 826; x_wconf 85' lang='lat' dir='ltr'><strong>amicum</strong></span> <span class='ocrx_word' id='word_1_73' title='bbox 1356 788 1529 827; x_wconf 88' lang='lat' dir='ltr'><strong>adiuuas.</strong></span> 
     </span>
     <span class='ocr_line' id='line_1_12' title="bbox 113 852 1531 903; baseline 0.002 -15"><span class='ocrx_word' id='word_1_74' title='bbox 113 855 181 898; x_wconf 82' lang='lat'><strong>615</strong></span> <span class='ocrx_word' id='word_1_75' title='bbox 203 855 294 892; x_wconf 77' lang='lat' dir='ltr'>SAG.</span> <span class='ocrx_word' id='word_1_76' title='bbox 328 853 495 903; x_wconf 79' lang='lat' dir='ltr'><strong>exquire.</strong></span> <span class='ocrx_word' id='word_1_77' title='bbox 551 855 625 891; x_wconf 88' lang='lat' dir='ltr'><strong>To.</strong></span> <span class='ocrx_word' id='word_1_78' title='bbox 656 855 753 891; x_wconf 89' lang='lat' dir='ltr'><strong>heus</strong></span> <span class='ocrx_word' id='word_1_79' title='bbox 775 852 1022 902; x_wconf 84' lang='lat' dir='ltr'><strong>tu,aduigila.</strong></span> <span class='ocrx_word' id='word_1_80' title='bbox 1074 854 1138 890; x_wconf 85' lang='lat' dir='ltr'><strong>V1.</strong></span> <span class='ocrx_word' id='word_1_81' title='bbox 1169 853 1260 890; x_wconf 84' lang='lat' dir='ltr'><strong>satis</strong></span> <span class='ocrx_word' id='word_1_82' title='bbox 1281 862 1338 891; x_wconf 83' lang='lat' dir='ltr'><strong>est</strong></span> <span class='ocrx_word' id='word_1_83' title='bbox 1359 853 1531 892; x_wconf 88' lang='lat' dir='ltr'><strong>dictum:</strong></span> 
     </span>
     <span class='ocr_line' id='line_1_13' title="bbox 938 931 1529 967; baseline 0.003 -12"><span class='ocrx_word' id='word_1_84' title='bbox 938 931 1178 967; x_wconf 85' lang='lat' dir='ltr'><strong>quamquam</strong></span> <span class='ocrx_word' id='word_1_85' title='bbox 1207 932 1279 967; x_wconf 84' lang='lat' dir='ltr'><strong>ego</strong></span> <span class='ocrx_word' id='word_1_86' title='bbox 1301 932 1411 957; x_wconf 85' lang='lat' dir='ltr'><strong>serua</strong></span> <span class='ocrx_word' id='word_1_87' title='bbox 1432 933 1529 966; x_wconf 82' lang='lat' dir='ltr'><strong>sum,</strong></span> 
     </span>
     <span class='ocr_line' id='line_1_14' title="bbox 203 983 1530 1035; baseline 0.001 -13"><span class='ocrx_word' id='word_1_88' title='bbox 203 984 283 1022; x_wconf 88' lang='lat' dir='ltr'><strong>scio</strong></span> <span class='ocrx_word' id='word_1_89' title='bbox 315 997 387 1033; x_wconf 84' lang='lat' dir='ltr'><strong>ego</strong></span> <span class='ocrx_word' id='word_1_90' title='bbox 419 983 592 1022; x_wconf 86' lang='lat' dir='ltr'><strong>officium</strong></span> <span class='ocrx_word' id='word_1_91' title='bbox 628 997 772 1030; x_wconf 87' lang='lat' dir='ltr'><strong>meum,</strong></span> <span class='ocrx_word' id='word_1_92' title='bbox 802 990 843 1021; x_wconf 88' lang='lat' dir='ltr'><strong>ut</strong></span> <span class='ocrx_word' id='word_1_93' title='bbox 875 996 976 1033; x_wconf 84' lang='lat' dir='ltr'><strong>quae</strong></span> <span class='ocrx_word' id='word_1_94' title='bbox 1010 983 1151 1033; x_wconf 83' lang='lat' dir='ltr'><strong>rogiter</strong></span> <span class='ocrx_word' id='word_1_95' title='bbox 1185 997 1287 1030; x_wconf 88' lang='lat' dir='ltr'><strong>uera,</strong></span> <span class='ocrx_word' id='word_1_96' title='bbox 1315 992 1355 1021; x_wconf 89' lang='lat' dir='ltr'><strong>ut</strong></span> <span class='ocrx_word' id='word_1_97' title='bbox 1385 985 1530 1035; x_wconf 85' lang='lat' dir='ltr'><strong>accepi,</strong></span> 
     </span>
     <span class='ocr_line' id='line_1_15' title="bbox 1359 1051 1529 1099; baseline 0 -12"><span class='ocrx_word' id='word_1_98' title='bbox 1359 1051 1529 1099; x_wconf 87' lang='lat' dir='ltr'><strong>eloquar.</strong></span> 
     </span>
     <span class='ocr_line' id='line_1_16' title="bbox 201 1114 1531 1164; baseline 0.001 -12"><span class='ocrx_word' id='word_1_99' title='bbox 201 1116 275 1152; x_wconf 86' lang='lat' dir='ltr'><strong>TO.</strong></span> <span class='ocrx_word' id='word_1_100' title='bbox 308 1115 427 1164; x_wconf 83' lang='lat' dir='ltr'><strong>uirgo,</strong></span> <span class='ocrx_word' id='word_1_101' title='bbox 447 1116 510 1152; x_wconf 81' lang='lat' dir='ltr'><strong>hic</strong></span> <span class='ocrx_word' id='word_1_102' title='bbox 531 1116 653 1153; x_wconf 84' lang='lat' dir='ltr'>homo</span> <span class='ocrx_word' id='word_1_103' title='bbox 673 1114 820 1164; x_wconf 89' lang='lat' dir='ltr'><strong>probus</strong></span> <span class='ocrx_word' id='word_1_104' title='bbox 842 1121 909 1152; x_wconf 87' lang='lat' dir='ltr'><strong>est.</strong></span> <span class='ocrx_word' id='word_1_105' title='bbox 970 1116 1036 1152; x_wconf 90' lang='lat' dir='ltr'><strong>V1.</strong></span> <span class='ocrx_word' id='word_1_106' title='bbox 1068 1115 1196 1153; x_wconf 90' lang='lat' dir='ltr'><strong>credo.</strong></span> <span class='ocrx_word' id='word_1_107' title='bbox 1257 1116 1330 1152; x_wconf 90' lang='lat' dir='ltr'><strong>TO.</strong></span> <span class='ocrx_word' id='word_1_108' title='bbox 1363 1128 1442 1153; x_wconf 86' lang='lat' dir='ltr'><strong>non</strong></span> <span class='ocrx_word' id='word_1_109' title='bbox 1465 1115 1531 1153; x_wconf 89' lang='lat' dir='ltr'><strong>diu</strong></span> 
     </span>
     <span class='ocr_line' id='line_1_17' title="bbox 1118 1180 1527 1229; baseline 0.005 -12"><span class='ocrx_word' id='word_1_110' title='bbox 1118 1181 1224 1229; x_wconf 85' lang='lat' dir='ltr'><strong>apud</strong></span> <span class='ocrx_word' id='word_1_111' title='bbox 1247 1181 1351 1218; x_wconf 87' lang='lat' dir='ltr'><strong>hunc</strong></span> <span class='ocrx_word' id='word_1_112' title='bbox 1373 1180 1527 1219; x_wconf 86' lang='lat' dir='ltr'><strong>seruies.</strong></span> 
     </span>
     <span class='ocr_line' id='line_1_18' title="bbox 201 1243 1592 1295; baseline 0 -14"><span class='ocrx_word' id='word_1_113' title='bbox 201 1246 264 1282; x_wconf 82' lang='lat' dir='ltr'><strong>Vl.</strong></span> <span class='ocrx_word' id='word_1_114' title='bbox 298 1244 350 1282; x_wconf 80' lang='lat' dir='ltr'><strong>ita</strong></span> <span class='ocrx_word' id='word_1_115' title='bbox 370 1247 436 1295; x_wconf 86' lang='lat' dir='ltr'><strong>pol</strong></span> <span class='ocrx_word' id='word_1_116' title='bbox 457 1259 582 1295; x_wconf 85' lang='lat' dir='ltr'><strong>spero,</strong></span> <span class='ocrx_word' id='word_1_117' title='bbox 606 1244 637 1283; x_wconf 82' lang='lat' dir='ltr'><strong>si</strong></span> <span class='ocrx_word' id='word_1_118' title='bbox 658 1253 839 1294; x_wconf 87' lang='lat' dir='ltr'><strong>parentes</strong></span> <span class='ocrx_word' id='word_1_119' title='bbox 860 1244 1004 1283; x_wconf 85' lang='lat' dir='ltr'><strong>facient</strong></span> <span class='ocrx_word' id='word_1_120' title='bbox 1025 1243 1196 1282; x_wconf 89' lang='lat' dir='ltr'><strong>officium</strong></span> <span class='ocrx_word' id='word_1_121' title='bbox 1219 1258 1342 1282; x_wconf 86' lang='lat' dir='ltr'><strong>suom.</strong></span> <span class='ocrx_word' id='word_1_122' title='bbox 1553 1259 1592 1292; x_wconf 81' lang='lat'><strong>70</strong></span> 
     </span>
     <span class='ocr_line' id='line_1_19' title="bbox 203 1309 1333 1360; baseline 0 -13"><span class='ocrx_word' id='word_1_123' title='bbox 203 1311 278 1347; x_wconf 85' lang='lat' dir='ltr'><strong>Do.</strong></span> <span class='ocrx_word' id='word_1_124' title='bbox 312 1311 405 1348; x_wconf 87' lang='lat' dir='ltr'>nolo</span> <span class='ocrx_word' id='word_1_125' title='bbox 427 1323 499 1359; x_wconf 84' lang='lat' dir='ltr'><strong>ego</strong></span> <span class='ocrx_word' id='word_1_126' title='bbox 520 1317 558 1348; x_wconf 89' lang='lat' dir='ltr'><strong>te</strong></span> <span class='ocrx_word' id='word_1_127' title='bbox 580 1309 718 1356; x_wconf 85' lang='lat' dir='ltr'><strong>mirari,</strong></span> <span class='ocrx_word' id='word_1_128' title='bbox 743 1309 774 1348; x_wconf 86' lang='lat' dir='ltr'><strong>si</strong></span> <span class='ocrx_word' id='word_1_129' title='bbox 795 1324 867 1348; x_wconf 90' lang='lat' dir='ltr'><strong>nos</strong></span> <span class='ocrx_word' id='word_1_130' title='bbox 889 1324 935 1348; x_wconf 86' lang='lat' dir='ltr'><strong>ex</strong></span> <span class='ocrx_word' id='word_1_131' title='bbox 955 1317 994 1348; x_wconf 91' lang='lat' dir='ltr'><strong>te</strong></span> <span class='ocrx_word' id='word_1_132' title='bbox 1013 1309 1333 1360; x_wconf 83' lang='lat' dir='ltr'><strong>percontabimur</strong></span> 
     </span>
     <span class='ocr_line' id='line_1_20' title="bbox 113 1374 1532 1425; baseline 0.001 -13"><span class='ocrx_word' id='word_1_133' title='bbox 113 1377 183 1412; x_wconf 87' lang='lat'><strong>620</strong></span> <span class='ocrx_word' id='word_1_134' title='bbox 201 1382 268 1412; x_wconf 79' lang='lat' dir='ltr'><strong>aut</strong></span> <span class='ocrx_word' id='word_1_135' title='bbox 294 1374 458 1424; x_wconf 88' lang='lat' dir='ltr'><strong>patriam</strong></span> <span class='ocrx_word' id='word_1_136' title='bbox 485 1382 593 1413; x_wconf 88' lang='lat' dir='ltr'><strong>tuam</strong></span> <span class='ocrx_word' id='word_1_137' title='bbox 622 1382 689 1413; x_wconf 88' lang='lat' dir='ltr'><strong>aut</strong></span> <span class='ocrx_word' id='word_1_138' title='bbox 713 1383 905 1425; x_wconf 86' lang='lat' dir='ltr'><strong>parentes.</strong></span> <span class='ocrx_word' id='word_1_139' title='bbox 964 1377 1031 1412; x_wconf 87' lang='lat' dir='ltr'><strong>V1.</strong></span> <span class='ocrx_word' id='word_1_140' title='bbox 1062 1388 1133 1424; x_wconf 89' lang='lat' dir='ltr'><strong>qur</strong></span> <span class='ocrx_word' id='word_1_141' title='bbox 1153 1388 1226 1424; x_wconf 84' lang='lat' dir='ltr'><strong>ego</strong></span> <span class='ocrx_word' id='word_1_142' title='bbox 1247 1374 1310 1413; x_wconf 91' lang='lat' dir='ltr'><strong>hic</strong></span> <span class='ocrx_word' id='word_1_143' title='bbox 1332 1375 1455 1421; x_wconf 88' lang='lat' dir='ltr'><strong>mirer,</strong></span> <span class='ocrx_word' id='word_1_144' title='bbox 1480 1375 1532 1414; x_wconf 89' lang='lat' dir='ltr'><strong>mi</strong></span> 
     </span>
     <span class='ocr_line' id='line_1_21' title="bbox 1382 1442 1533 1479; baseline 0.007 -1"><span class='ocrx_word' id='word_1_145' title='bbox 1382 1442 1533 1479; x_wconf 87' lang='lat' dir='ltr'>homo?</span> 
     </span>
     <span class='ocr_line' id='line_1_22' title="bbox 201 1503 1424 1555; baseline 0.002 -13"><span class='ocrx_word' id='word_1_146' title='bbox 201 1503 366 1542; x_wconf 84' lang='lat' dir='ltr'><strong>seruitus</strong></span> <span class='ocrx_word' id='word_1_147' title='bbox 388 1518 475 1542; x_wconf 87' lang='lat' dir='ltr'><strong>mea</strong></span> <span class='ocrx_word' id='word_1_148' title='bbox 495 1504 549 1542; x_wconf 84' lang='lat' dir='ltr'><strong>mi</strong></span> <span class='ocrx_word' id='word_1_149' title='bbox 569 1504 768 1543; x_wconf 83' lang='lat' dir='ltr'><strong>interdixit</strong></span> <span class='ocrx_word' id='word_1_150' title='bbox 789 1519 839 1544; x_wconf 86' lang='lat' dir='ltr'><strong>ne</strong></span> <span class='ocrx_word' id='word_1_151' title='bbox 859 1505 955 1555; x_wconf 88' lang='lat' dir='ltr'><strong>quid</strong></span> <span class='ocrx_word' id='word_1_152' title='bbox 977 1505 1092 1543; x_wconf 86' lang='lat' dir='ltr'><strong>mirer</strong></span> <span class='ocrx_word' id='word_1_153' title='bbox 1113 1519 1244 1543; x_wconf 87' lang='lat' dir='ltr'><strong>meum</strong></span> <span class='ocrx_word' id='word_1_154' title='bbox 1266 1507 1424 1544; x_wconf 87' lang='lat' dir='ltr'><strong>malum.</strong></span> 
     </span>
     <span class='ocr_line' id='line_1_23' title="bbox 202 1569 1532 1620; baseline 0.002 -13"><span class='ocrx_word' id='word_1_155' title='bbox 202 1571 279 1607; x_wconf 92' lang='lat' dir='ltr'><strong>Do.</strong></span> <span class='ocrx_word' id='word_1_156' title='bbox 319 1569 401 1608; x_wconf 90' lang='lat' dir='ltr'><strong>noli</strong></span> <span class='ocrx_word' id='word_1_157' title='bbox 435 1570 536 1608; x_wconf 88' lang='lat' dir='ltr'><strong>flere.</strong></span> <span class='ocrx_word' id='word_1_158' title='bbox 597 1571 671 1608; x_wconf 89' lang='lat' dir='ltr'><strong>TO.</strong></span> <span class='ocrx_word' id='word_1_159' title='bbox 715 1571 776 1618; x_wconf 84' lang='lat' dir='ltr'><strong>ah,</strong></span> <span class='ocrx_word' id='word_1_160' title='bbox 806 1570 847 1609; x_wconf 88' lang='lat' dir='ltr'><strong>di</strong></span> <span class='ocrx_word' id='word_1_161' title='bbox 881 1570 994 1608; x_wconf 85' lang='lat' dir='ltr'><strong>istam</strong></span> <span class='ocrx_word' id='word_1_162' title='bbox 1024 1571 1214 1620; x_wconf 79' lang='lat' dir='ltr'><strong>perdant!</strong></span> <span class='ocrx_word' id='word_1_163' title='bbox 1254 1570 1307 1609; x_wconf 85' lang='lat' dir='ltr'><strong>ita</strong></span> <span class='ocrx_word' id='word_1_164' title='bbox 1340 1579 1462 1610; x_wconf 85' lang='lat' dir='ltr'><strong>catast</strong></span> <span class='ocrx_word' id='word_1_165' title='bbox 1495 1580 1532 1610; x_wconf 89' lang='lat' dir='ltr'><strong>et</strong></span> 
     </span>
     <span class='ocr_line' id='line_1_24' title="bbox 1377 1637 1530 1676; baseline 0 -1"><span class='ocrx_word' id='word_1_166' title='bbox 1377 1637 1530 1676; x_wconf 86' lang='lat' dir='ltr'><strong>callida.</strong></span> 
     </span>
     <span class='ocr_line' id='line_1_25' title="bbox 199 1699 1591 1752; baseline 0.002 -15"><span class='ocrx_word' id='word_1_167' title='bbox 199 1707 242 1738; x_wconf 90' lang='lat' dir='ltr'><strong>ut</strong></span> <span class='ocrx_word' id='word_1_168' title='bbox 275 1699 431 1750; x_wconf 88' lang='lat' dir='ltr'><strong>sapiens</strong></span> <span class='ocrx_word' id='word_1_169' title='bbox 466 1700 586 1738; x_wconf 88' lang='lat' dir='ltr'><strong>habet</strong></span> <span class='ocrx_word' id='word_1_170' title='bbox 615 1701 692 1748; x_wconf 84' lang='lat' dir='ltr'><strong>c6r,</strong></span> <span class='ocrx_word' id='word_1_171' title='bbox 721 1714 840 1751; x_wconf 82' lang='lat' dir='ltr'><strong>quam</strong></span> <span class='ocrx_word' id='word_1_172' title='bbox 870 1701 965 1740; x_wconf 86' lang='lat' dir='ltr'><strong>dicit</strong></span> <span class='ocrx_word' id='word_1_173' title='bbox 995 1702 1104 1752; x_wconf 90' lang='lat' dir='ltr'><strong>quod</strong></span> <span class='ocrx_word' id='word_1_174' title='bbox 1133 1704 1274 1752; x_wconf 74' lang='lat' dir='ltr'><strong>opust!</strong></span> <span class='ocrx_word' id='word_1_175' title='bbox 1322 1703 1397 1740; x_wconf 88' lang='lat' dir='ltr'><strong>Do.</strong></span> <span class='ocrx_word' id='word_1_176' title='bbox 1436 1702 1531 1752; x_wconf 87' lang='lat' dir='ltr'><strong>quid</strong></span> <span class='ocrx_word' id='word_1_177' title='bbox 1555 1713 1591 1747; x_wconf 85' lang='lat'><strong>75</strong></span> 
     </span>
     <span class='ocr_line' id='line_1_26' title="bbox 1226 1766 1533 1805; baseline 0.003 -1"><span class='ocrx_word' id='word_1_178' title='bbox 1226 1780 1373 1805; x_wconf 87' lang='lat' dir='ltr'><strong>nomen</strong></span> <span class='ocrx_word' id='word_1_179' title='bbox 1396 1766 1533 1805; x_wconf 87' lang='lat' dir='ltr'><strong>tibist?</strong></span> 
     </span>
     <span class='ocr_line' id='line_1_27' title="bbox 199 1831 1534 1882; baseline 0.002 -15"><span class='ocrx_word' id='word_1_180' title='bbox 199 1831 273 1868; x_wconf 87' lang='lat' dir='ltr'><strong>To.</strong></span> <span class='ocrx_word' id='word_1_181' title='bbox 303 1843 409 1868; x_wconf 90' lang='lat' dir='ltr'><strong>nunc</strong></span> <span class='ocrx_word' id='word_1_182' title='bbox 439 1838 573 1869; x_wconf 89' lang='lat' dir='ltr'><strong>metuo</strong></span> <span class='ocrx_word' id='word_1_183' title='bbox 603 1844 653 1869; x_wconf 88' lang='lat' dir='ltr'><strong>ne</strong></span> <span class='ocrx_word' id='word_1_184' title='bbox 680 1839 827 1881; x_wconf 86' lang='lat' dir='ltr'><strong>peccet.</strong></span> <span class='ocrx_word' id='word_1_185' title='bbox 873 1833 936 1869; x_wconf 86' lang='lat' dir='ltr'><strong>V1.</strong></span> <span class='ocrx_word' id='word_1_186' title='bbox 973 1831 1133 1871; x_wconf 88' lang='lat' dir='ltr'><strong>Lucridi</strong></span> <span class='ocrx_word' id='word_1_187' title='bbox 1163 1846 1309 1871; x_wconf 89' lang='lat' dir='ltr'><strong>nomen</strong></span> <span class='ocrx_word' id='word_1_188' title='bbox 1340 1832 1380 1870; x_wconf 90' lang='lat' dir='ltr'><strong>in</strong></span> <span class='ocrx_word' id='word_1_189' title='bbox 1410 1832 1534 1882; x_wconf 83' lang='lat' dir='ltr'><strong>patria</strong></span> 
     </span>
     <span class='ocr_line' id='line_1_28' title="bbox 1447 1897 1528 1936; baseline 0 -1"><span class='ocrx_word' id='word_1_190' title='bbox 1447 1897 1528 1936; x_wconf 90' lang='lat' dir='ltr'><strong>fuit.</strong></span> 
     </span>
     <span class='ocr_line' id='line_1_29' title="bbox 110 1960 1530 2013; baseline 0.003 -16"><span class='ocrx_word' id='word_1_191' title='bbox 110 1960 177 2005; x_wconf 86' lang='lat'><strong>625</strong></span> <span class='ocrx_word' id='word_1_192' title='bbox 199 1961 273 1998; x_wconf 93' lang='lat' dir='ltr'><strong>To.</strong></span> <span class='ocrx_word' id='word_1_193' title='bbox 309 1973 457 1998; x_wconf 89' lang='lat' dir='ltr'><strong>nornen</strong></span> <span class='ocrx_word' id='word_1_194' title='bbox 483 1968 602 2010; x_wconf 89' lang='lat' dir='ltr'><strong>atque</strong></span> <span class='ocrx_word' id='word_1_195' title='bbox 629 1974 748 1999; x_wconf 89' lang='lat' dir='ltr'><strong>omen</strong></span> <span class='ocrx_word' id='word_1_196' title='bbox 775 1961 974 2011; x_wconf 84' lang='lat' dir='ltr'><strong>quantiuis</strong></span> <span class='ocrx_word' id='word_1_197' title='bbox 1003 1961 1080 2000; x_wconf 88' lang='lat' dir='ltr'><strong>iam</strong></span> <span class='ocrx_word' id='word_1_198' title='bbox 1109 1970 1166 2001; x_wconf 88' lang='lat' dir='ltr'><strong>est</strong></span> <span class='ocrx_word' id='word_1_199' title='bbox 1194 1962 1302 2013; x_wconf 90' lang='lat' dir='ltr'><strong>preti.</strong></span> <span class='ocrx_word' id='word_1_200' title='bbox 1364 1962 1459 2012; x_wconf 84' lang='lat' dir='ltr'><strong>quin</strong></span> <span class='ocrx_word' id='word_1_201' title='bbox 1489 1970 1530 2000; x_wconf 90' lang='lat' dir='ltr'><strong>tu</strong></span> 
     </span>
     <span class='ocr_line' id='line_1_30' title="bbox 1280 2027 1530 2066; baseline 0 -1"><span class='ocrx_word' id='word_1_202' title='bbox 1280 2029 1382 2066; x_wconf 89' lang='lat' dir='ltr'><strong>hanc</strong></span> <span class='ocrx_word' id='word_1_203' title='bbox 1404 2027 1530 2065; x_wconf 86' lang='lat' dir='ltr'><strong>emis?</strong></span> 
     </span>
     <span class='ocr_line' id='line_1_31' title="bbox 199 2089 1501 2143; baseline 0.002 -16"><span class='ocrx_word' id='word_1_204' title='bbox 199 2089 306 2127; x_wconf 87' lang='lat' dir='ltr'><strong>nimi’</strong></span> <span class='ocrx_word' id='word_1_205' title='bbox 326 2091 521 2140; x_wconf 90' lang='lat' dir='ltr'><strong>pauebam</strong></span> <span class='ocrx_word' id='word_1_206' title='bbox 543 2105 593 2129; x_wconf 88' lang='lat' dir='ltr'><strong>ne</strong></span> <span class='ocrx_word' id='word_1_207' title='bbox 613 2099 803 2141; x_wconf 89' lang='lat' dir='ltr'><strong>peccaret.</strong></span> <span class='ocrx_word' id='word_1_208' title='bbox 864 2093 1075 2143; x_wconf 83' lang='lat' dir='ltr'><strong>expediuit.</strong></span> <span class='ocrx_word' id='word_1_209' title='bbox 1138 2095 1213 2131; x_wconf 87' lang='lat' dir='ltr'><strong>Do.</strong></span> <span class='ocrx_word' id='word_1_210' title='bbox 1248 2093 1279 2131; x_wconf 89' lang='lat' dir='ltr'><strong>si</strong></span> <span class='ocrx_word' id='word_1_211' title='bbox 1301 2100 1339 2131; x_wconf 91' lang='lat' dir='ltr'><strong>te</strong></span> <span class='ocrx_word' id='word_1_212' title='bbox 1361 2106 1501 2138; x_wconf 86' lang='lat' dir='ltr'><strong>emam,</strong></span> 
     </span>
    </p>
   </div>
   <div class='ocr_carea' id='block_1_3' title="bbox 197 2193 1529 2410">
    <p class='ocr_par' dir='ltr' id='par_1_3' title="bbox 197 2193 1529 2410">
     <span class='ocr_line' id='line_1_32' title="bbox 241 2193 1528 2235; baseline 0.002 -12"><span class='ocrx_word' id='word_1_213' title='bbox 241 2194 304 2224; x_wconf 93' lang='lat'><strong>610</strong></span> <span class='ocrx_word' id='word_1_214' title='bbox 327 2204 392 2224; x_wconf 88' lang='lat' dir='ltr'><strong>om.</strong></span> <span class='ocrx_word' id='word_1_215' title='bbox 407 2193 449 2232; x_wconf 86' lang='lat' dir='ltr'><strong>P,</strong></span> <span class='ocrx_word' id='word_1_216' title='bbox 462 2195 497 2233; x_wconf 60' lang='lat' dir='ltr'><strong>cs:</strong></span> <span class='ocrx_word' id='word_1_217' title='bbox 515 2194 736 2233; x_wconf 80' lang='lat' dir='ltr'><strong>Gray(Class.</strong></span> <span class='ocrx_word' id='word_1_218' title='bbox 751 2196 831 2227; x_wconf 85' lang='lat' dir='ltr'><strong>Rev.</strong></span> <span class='ocrx_word' id='word_1_219' title='bbox 850 2207 899 2235; x_wconf 83' lang='lat'><strong>14,</strong></span> <span class='ocrx_word' id='word_1_220' title='bbox 914 2197 972 2235; x_wconf 75' lang='lat'><strong>24)</strong></span> <span class='ocrx_word' id='word_1_221' title='bbox 1062 2198 1125 2227; x_wconf 91' lang='lat'><strong>612</strong></span> <span class='ocrx_word' id='word_1_222' title='bbox 1150 2197 1194 2227; x_wconf 89' lang='lat' dir='ltr'><strong>hu</strong></span> <span class='ocrx_word' id='word_1_223' title='bbox 1207 2195 1239 2225; x_wconf 85' lang='lat' dir='ltr'><em>A</em></span> <span class='ocrx_word' id='word_1_224' title='bbox 1324 2197 1388 2234; x_wconf 82' lang='lat'><strong>613</strong></span> <span class='ocrx_word' id='word_1_225' title='bbox 1408 2195 1528 2226; x_wconf 83' lang='lat' dir='ltr'><strong>adesse</strong></span> 
     </span>
     <span class='ocr_line' id='line_1_33' title="bbox 198 2237 1529 2279; baseline 0.002 -13"><span class='ocrx_word' id='word_1_226' title='bbox 198 2237 308 2267; x_wconf 82' lang='lat' dir='ltr'><strong>unaP</strong></span> <span class='ocrx_word' id='word_1_227' title='bbox 430 2239 493 2276; x_wconf 80' lang='lat'><strong>614</strong></span> <span class='ocrx_word' id='word_1_228' title='bbox 518 2248 580 2276; x_wconf 85' lang='lat' dir='ltr'><strong>ego</strong></span> <span class='ocrx_word' id='word_1_229' title='bbox 598 2238 657 2268; x_wconf 86' lang='lat' dir='ltr'><strong>tibi</strong></span> <span class='ocrx_word' id='word_1_230' title='bbox 674 2237 708 2268; x_wconf 92' lang='lat' dir='ltr'><em>P</em></span> <span class='ocrx_word' id='word_1_231' title='bbox 830 2241 895 2270; x_wconf 89' lang='lat'><strong>616</strong></span> <span class='ocrx_word' id='word_1_232' title='bbox 919 2240 1088 2279; x_wconf 77' lang='lat' dir='ltr'><strong>rogiter-A</strong></span> <span class='ocrx_word' id='word_1_233' title='bbox 1109 2243 1146 2270; x_wconf 85' lang='lat' dir='ltr'><strong>ut</strong></span> <span class='ocrx_word' id='word_1_234' title='bbox 1161 2239 1223 2270; x_wconf 80' lang='lat' dir='ltr'><strong>vid.</strong></span> <span class='ocrx_word' id='word_1_235' title='bbox 1237 2239 1352 2279; x_wconf 52' lang='lat' dir='ltr'><strong>(test)</strong></span> <span class='ocrx_word' id='word_1_236' title='bbox 1368 2251 1373 2270; x_wconf 92' lang='lat'><strong>:</strong></span> <span class='ocrx_word' id='word_1_237' title='bbox 1404 2239 1529 2278; x_wconf 86' lang='lat' dir='ltr'><strong>rogitet</strong></span> 
     </span>
     <span class='ocr_line' id='line_1_34' title="bbox 197 2280 1526 2323; baseline 0.002 -13"><span class='ocrx_word' id='word_1_238' title='bbox 197 2280 230 2310; x_wconf 93' lang='lat' dir='ltr'><em>P</em></span> <span class='ocrx_word' id='word_1_239' title='bbox 293 2282 359 2319; x_wconf 90' lang='lat'><strong>619</strong></span> <span class='ocrx_word' id='word_1_240' title='bbox 382 2281 501 2311; x_wconf 87' lang='lat' dir='ltr'><strong>minari</strong></span> <span class='ocrx_word' id='word_1_241' title='bbox 523 2280 557 2311; x_wconf 90' lang='lat' dir='ltr'><em>P</em></span> <span class='ocrx_word' id='word_1_242' title='bbox 633 2284 698 2312; x_wconf 89' lang='lat'><strong>620</strong></span> <span class='ocrx_word' id='word_1_243' title='bbox 722 2283 792 2315; x_wconf 58' lang='lat' dir='ltr'><strong>hic]</strong></span> <span class='ocrx_word' id='word_1_244' title='bbox 811 2283 843 2313; x_wconf 91' lang='lat' dir='ltr'><strong>id</strong></span> <span class='ocrx_word' id='word_1_245' title='bbox 860 2283 894 2313; x_wconf 84' lang='lat' dir='ltr'><em>P</em></span> <span class='ocrx_word' id='word_1_246' title='bbox 957 2284 1059 2314; x_wconf 88' lang='lat' dir='ltr'>homo</span> <span class='ocrx_word' id='word_1_247' title='bbox 1075 2283 1161 2313; x_wconf 83' lang='lat' dir='ltr'><strong>miA</strong></span> <span class='ocrx_word' id='word_1_248' title='bbox 1241 2284 1304 2321; x_wconf 87' lang='lat'><strong>623</strong></span> <span class='ocrx_word' id='word_1_249' title='bbox 1328 2287 1364 2313; x_wconf 87' lang='lat' dir='ltr'><strong>ut</strong></span> <span class='ocrx_word' id='word_1_250' title='bbox 1374 2282 1526 2323; x_wconf 77' lang='lat' dir='ltr'><strong>sapiens]</strong></span> 
     </span>
     <span class='ocr_line' id='line_1_35' title="bbox 198 2323 1528 2366; baseline 0.002 -14"><span class='ocrx_word' id='word_1_251' title='bbox 198 2323 270 2354; x_wconf 86' lang='lat' dir='ltr'><strong>iens</strong></span> <span class='ocrx_word' id='word_1_252' title='bbox 289 2324 379 2365; x_wconf 81' lang='lat' dir='ltr'><strong>(post</strong></span> <span class='ocrx_word' id='word_1_253' title='bbox 392 2324 563 2364; x_wconf 82' lang='lat' dir='ltr'><strong>lacunam)</strong></span> <span class='ocrx_word' id='word_1_254' title='bbox 581 2325 614 2355; x_wconf 88' lang='grc' dir='ltr'><em>Ρ</em></span> <span class='ocrx_word' id='word_1_255' title='bbox 628 2325 707 2365; x_wconf 86' lang='lat' dir='ltr'><strong>(nec</strong></span> <span class='ocrx_word' id='word_1_256' title='bbox 725 2326 845 2357; x_wconf 85' lang='lat' dir='ltr'><strong>dolens</strong></span> <span class='ocrx_word' id='word_1_257' title='bbox 865 2326 902 2366; x_wconf 91' lang='lat' dir='ltr'><strong>T,</strong></span> <span class='ocrx_word' id='word_1_258' title='bbox 922 2337 988 2357; x_wconf 86' lang='lat' dir='ltr'><strong>om.</strong></span> <span class='ocrx_word' id='word_1_259' title='bbox 1005 2327 1096 2357; x_wconf 40' lang='lat' dir='ltr'><strong>PBG&amp;</strong></span> <span class='ocrx_word' id='word_1_260' title='bbox 1165 2327 1255 2365; x_wconf 90' lang='lat' dir='ltr'><strong>quod</strong></span> <span class='ocrx_word' id='word_1_261' title='bbox 1280 2337 1311 2357; x_wconf 93' lang='lat' dir='ltr'><strong>n.</strong></span> <span class='ocrx_word' id='word_1_262' title='bbox 1330 2327 1363 2356; x_wconf 91' lang='lat' dir='ltr'><em>A</em></span> <span class='ocrx_word' id='word_1_263' title='bbox 1464 2328 1528 2364; x_wconf 85' lang='lat'><strong>624</strong></span> 
     </span>
     <span class='ocr_line' id='line_1_36' title="bbox 197 2367 1478 2410; baseline 0.002 -13"><span class='ocrx_word' id='word_1_264' title='bbox 197 2367 302 2408; x_wconf 90' lang='lat' dir='ltr'><strong>nunc]</strong></span> <span class='ocrx_word' id='word_1_265' title='bbox 321 2372 425 2398; x_wconf 87' lang='lat' dir='ltr'><strong>nonte</strong></span> <span class='ocrx_word' id='word_1_266' title='bbox 444 2367 478 2398; x_wconf 92' lang='lat' dir='ltr'><em>P</em></span> <span class='ocrx_word' id='word_1_267' title='bbox 564 2369 703 2399; x_wconf 84' lang='lat' dir='ltr'><strong>lucridei</strong></span> <span class='ocrx_word' id='word_1_268' title='bbox 720 2369 754 2399; x_wconf 85' lang='lat' dir='ltr'><em>A</em></span> <span class='ocrx_word' id='word_1_269' title='bbox 844 2371 908 2410; x_wconf 85' lang='lat'><strong>625</strong></span> <span class='ocrx_word' id='word_1_270' title='bbox 933 2375 1000 2400; x_wconf 87' lang='lat' dir='ltr'><strong>tarn</strong></span> <span class='ocrx_word' id='word_1_271' title='bbox 1017 2381 1063 2400; x_wconf 88' lang='lat' dir='ltr'><strong>an</strong></span> <span class='ocrx_word' id='word_1_272' title='bbox 1079 2370 1142 2400; x_wconf 88' lang='lat' dir='ltr'><strong>iam</strong></span> <span class='ocrx_word' id='word_1_273' title='bbox 1160 2371 1266 2401; x_wconf 80' lang='lat' dir='ltr'><strong>incert.</strong></span> <span class='ocrx_word' id='word_1_274' title='bbox 1284 2370 1317 2399; x_wconf 89' lang='lat' dir='ltr'><em>A</em></span> <span class='ocrx_word' id='word_1_275' title='bbox 1334 2380 1341 2399; x_wconf 77' lang='grc' dir='ltr'>ι</span> <span class='ocrx_word' id='word_1_276' title='bbox 1365 2380 1431 2400; x_wconf 88' lang='lat' dir='ltr'><strong>om.</strong></span> <span class='ocrx_word' id='word_1_277' title='bbox 1445 2368 1478 2399; x_wconf 91' lang='lat' dir='ltr'><em>P</em></span> 
     </span>
    </p>
   </div>
  </div>
 </body>
</html>
