1731 2713
712 118 1001 157 POENVLYS
1488 119 1516 155 1.
1542 119 1566 128 ‘⁸

168 272 171 275 K
303 245 431 282 neque
452 243 640 281 umquam
661 236 719 267 sat
740 228 834 267 istae
855 229 956 267 duae
977 240 1036 266 res
1057 236 1242 265 ornantur

107 308 172 344 215
304 310 431 347 neque
453 296 483 334 is
505 297 583 334 ulla
603 294 769 334 ornandi
791 293 882 332 satis
904 293 1058 332 satietas
1080 302 1147 331 est.

302 370 419 412 atque
440 362 547 407 haec,
572 368 613 398 ut
635 361 783 410 loquor,
807 371 911 396 nunc
933 359 1054 397 domo
1075 358 1192 395 docta
1213 357 1312 395 dico.

302 439 392 464 nam
415 439 486 464 nos
508 438 633 475 usque
654 425 704 462 ab
724 436 860 463 aurora
880 424 930 461 ad
952 423 1027 460 hoc
1048 423 1156 472 quod
1178 422 1255 461 diei
1277 430 1345 468 est,

303 490 530 543 [postquam
553 503 692 528 aurora
712 489 860 536 inluxit,
883 500 1101 538 numquam
1124 484 1507 539 concessa[ui]mus],

301 571 345 595 cx
367 555 557 595 industria
576 555 717 594 ambae
738 567 953 604 numquam
976 565 1253 591 concessamus

108 637 176 662 220
301 621 419 660 lauari
440 629 506 659 aut
528 619 653 658 fricari
673 627 739 658 aut
760 618 896 668 tergeri
916 625 983 656 aut
1003 616 1142 664 ornari,

300 686 423 737 poliri,
447 685 622 737 expoliri,
641 684 759 736 pingi,
782 683 874 734 fingi
893 698 902 731 3
931 691 968 722 et
989 697 1067 721 una

300 752 415 791 binae
437 751 597 802 singulis
619 764 720 801 quae
741 751 855 789 datae
876 748 990 787 nobis
1011 748 1190 788 ancillae.

299 831 367 856 eae
389 831 460 857 nos
481 817 663 862 lauando,
688 815 858 854 eluendo
879 827 1038 864 operam
1060 813 1264 859 dederunt,

245 884 547 934 aggerundaque
568 894 670 932 aqua
691 888 781 918 sunt
801 878 873 917 uiri
894 880 974 917 duo
995 876 1148 917 defessi.

106 961 170 997 225
301 959 423 995 apage
444 945 507 992 sis,
531 943 661 994 negoti
684 950 875 993 quantum
897 941 935 979 in
958 940 1119 979 muliere
1142 954 1219 979 una
1240 951 1308 979 est.

301 1011 370 1048 sed
391 1022 484 1048 uero
505 1010 618 1056 duae,
641 1015 698 1046 sat
719 1006 811 1054 scio,
835 1019 1018 1044 maxumo
1040 1005 1104 1043 uni

301 1076 421 1124 poplo
442 1073 647 1125 quoilubet
669 1073 756 1122 plus
777 1070 869 1109 satis
890 1071 983 1109 dare
1003 1070 1106 1120 potis
1128 1078 1229 1118 sunt,

301 1152 402 1189 quae
422 1146 557 1177 noctes
579 1137 743 1187 diesque
764 1135 873 1174 omni
894 1135 934 1173 in
954 1142 1081 1174 aetate
1102 1148 1256 1186 semper

301 1210 501 1251 ornantur,
521 1205 712 1250 lauantur,
734 1208 942 1252 tergentur,
963 1199 1174 1250 poliuntur.

103 1280 186 1316 230·
337 1273 536 1316 postremo
558 1265 700 1303 modus
722 1263 923 1302 muliebris
944 1265 1074 1303 nullus
1094 1272 1164 1303 est.

391 1344 520 1381 neque
541 1343 730 1381 umquam
751 1330 922 1368 lauando
943 1336 981 1368 et
1001 1329 1179 1370 fricando

80 1405 168 1446 231ίι
441 1395 586 1435 scimus
607 1396 734 1434 facere
754 1394 923 1433 neniam.

187 1474 278 1499 nam
309 1474 410 1511 quae
439 1462 544 1499 lauta
574 1468 631 1499 est
662 1459 735 1497 nisi
765 1460 940 1509 perculta
969 1466 1037 1506 est,
1071 1473 1161 1498 meo
1190 1460 1351 1510 quidem
1381 1460 1515 1500 animo

1168 1525 1278 1575 quasi
1299 1525 1421 1564 inluta
1443 1536 1510 1565 est.

297 1594 426 1630 ANTE.
461 1589 611 1643 miro[r]
633 1590 831 1640 equidem,
855 1603 974 1636 soror,
997 1597 1034 1628 te
1055 1589 1174 1628 istaec
1196 1590 1250 1629 sic
1272 1590 1434 1629 fabulari

295 1670 396 1706 quae
417 1665 494 1694 tam
517 1655 657 1694 callida
677 1662 715 1693 et
735 1656 853 1692 docta
873 1653 924 1692 sis
946 1662 983 1692 et
1004 1655 1138 1692 faceta.

101 1734 166 1770 235
296 1735 386 1759 nam
407 1734 529 1771 quom
549 1721 688 1759 sedulo
710 1719 907 1757 munditer
928 1732 999 1757 nos
1020 1720 1224 1767 habemus,
1252 1743 1260 1748 ·

228 1836 290 1864 214
315 1830 366 1856 sat
384 1826 467 1856 istae
493 1823 582 1864 Reiz,
610 1823 813 1854 Hermann:
839 1822 920 1853 satis
945 1822 1009 1853 hae
1033 1822 1099 1854 cod.
1129 1824 1226 1864 (satis
1250 1823 1304 1854 vix
1316 1823 1511 1865 ferendmu)

184 1870 247 1899 216
270 1869 370 1900 domo
397 1868 538 1900 Goeller:
577 1868 676 1900 modo
701 1866 767 1898 cod.
902 1893 907 1898 .
944 1867 1007 1897 218
1030 1877 1162 1897 versum
1184 1872 1312 1908 parunt
1337 1868 1511 1909 elegantem

184 1913 388 1943 retractaturi
405 1913 552 1943 tribuunt
569 1910 640 1943 edd.
650 1914 728 1952 post
742 1909 934 1941 Acidalimu
948 1921 954 1940 :
967 1911 1048 1949 fort.
1062 1910 1157 1950 prior
1165 1915 1246 1950 pars
1261 1915 1437 1950 postquam
1455 1923 1506 1943 au.

184 1956 239 1988 inl.
258 1955 477 1987 conservanda
494 1956 540 1995 (v.
559 1956 596 1995 4)
728 1964 792 1985 222
817 1955 850 1986 d.
868 1954 1012 1985 ancillae
1030 1953 1128 1984 nobis
1143 1954 1253 1992 Bothe,
1269 1965 1350 1985 nam
1363 1955 1459 1985 datae
1477 1966 1510 1985 m

183 2010 276 2031 versu
299 1999 460 2031 baccln’aco
483 1999 625 2039 displicet
640 1998 686 2039 (ii.
709 2009 741 2037 1)
757 2009 763 2028 τ
790 2002 868 2028 sunt
889 2008 916 2028 a.
944 2007 974 2028 11.
998 1996 1078 2027 Reiz·
1166 1997 1222 2028 via
1247 1998 1346 2029 ancil·
1359 1997 1381 2040 1-
1385 1998 1436 2029 lae
1449 2010 1509 2030 cac

185 2053 246 2074 nos
262 2046 312 2075 etc.
331 2044 412 2084 (per
422 2043 637 2084 synaplzt'am)
729 2051 792 2080 223
817 2051 877 2072 eae
901 2039 1064 2080 Pylades:
1088 2050 1127 2071 ea
1143 2040 1208 2072 cod.
1300 2052 1363 2080 224
1386 2052 1509 2091 gerun-

185 2087 356 2126 daqueaq.
369 2086 538 2127 Spengel(
531 2097 574 2118 iv
581 2089 628 2125 3Ν,
644 2088 680 2116 ut
690 2083 1467 2125 versusbaccln'acusfiat(namaggerundaquet
1469 2087 1510 2116 12·ae

174 2129 392 2169 fi'rendum):
418 2131 472 2161 vix
488 2140 640 2183 aquaque
657 2128 877 2168 aggerunda
881 2139 955 2158 cum
969 2128 1048 2167 uiri)
1120 2138 1179 2167 231
1207 2139 1315 2168 neque
1333 2129 1505 2170 umquam]

184 2183 362 2213 numquam
379 2173 480 2204 Bothe
497 2172 987 2214 gmfi11ev230):sott.quae
1006 2172 1141 2210 (1123οδ
1158 2172 1399 2212 Necumquam,
1420 2175 1458 2202 ul
1473 2182 1501 2203 v.

183 2226 247 2256 230
263 2217 385 2257 integer
394 2220 444 2247 tet1
447 2220 575 2247 ameter
574 2217 607 2255 s
607 2219 645 2246 at
753 2218 833 2254 231²
853 2216 985 2245 neniam
1005 2215 1179 2245 Gratems:
1205 2214 1315 2245 nniam
1332 2215 1381 2246 vel
1395 2216 1505 2246 eniam

180 2260 246 2290 cod.
339 2270 402 2298 232
425 2270 492 2299 qua
508 2259 640 2291 clauata
657 2255 744 2288 cod.
742 2260 775 2290 ι’.
788 2270 812 2289 r.
831 2269 918 2298 quae
936 2258 1062 2293 lanata)
1153 2258 1257 2289 inluta
1270 2257 1504 2289 Camerarius:

180 2303 303 2334 inlusta
327 2302 394 2334 cod.
537 2312 599 2342 233
623 2302 707 2332 miro
742 2301 884 2342 Geppert,
918 2311 999 2332 nam
1027 2304 1124 2331 soror
1155 2302 1187 2331 1'11
1223 2311 1312 2332 versu
1345 2302 1505 2333 baccln'aco

178 2346 316 2386 displicet
