1731 2713
757 93 930 130 PERSA
1446 90 1498 127 ΙΙ.
1522 100 1551 126 ν

181 207 354 248 subnixis
375 207 444 246 alis
467 219 528 244 me
549 206 710 244 inferam
732 212 850 254 atque
870 202 1060 242 amicibor
1080 202 1256 253 gloriose.

166 273 254 313 ‘TO.
286 274 354 312 sed
385 272 472 323 quis
506 271 569 309 bic
603 277 761 308 ansatus
786 269 991 308 ambulat?
1049 270 1140 305 ΒΑΗ.
1174 267 1392 317 magnusice
1417 278 1506 303 con-

1314 331 1504 368 screabor.

181 406 254 443 To.
288 402 494 453 Sagaristio
535 399 808 450 bicquidemst.
869 398 964 449 quid
1005 397 1139 448 agitur,
1183 395 1423 446 Sagaristio?
1466 404 1507 433 ut

1331 461 1509 499 ualetur?

95 552 164 588 310
181 534 335 585 ecquid,
369 534 477 584 quod
510 530 694 570 mandaui
730 529 810 576 tibi,
845 537 954 568 estne
995 530 1033 567 in
1072 535 1109 566 te
1145 525 1358 577 speculae?
1415 526 1505 563 sm.

1387 590 1504 628 adito.

182 664 387 703 uidebitur.
447 663 592 700 factum
614 662 715 698 uolo.
777 659 921 697 uenito.
983 665 1228 708 promoneto.
1533 671 1568 693 10

181 731 254 767 To.
279 729 374 779 quid
395 728 470 765 hoc
491 727 554 764 hic
580 726 617 763 iri
643 726 745 763 collo
770 723 839 762 tibi
862 726 1016 762 tumet?
1065 725 1156 761 Sao..
1180 721 1388 761 uomicast.
1408 733 1508 771 pres-

1262 801 1345 825 sare
1366 799 1481 836 parce
1502 801 1508 827 ;

183 872 272 897 nam
295 858 361 896 ubi
383 857 447 908 qui
472 858 571 894 mala
592 855 713 905 tangit
736 868 866 898 manu,
890 856 1045 892 dolores
1067 852 1302 891 cooriuntur.

182 926 257 962 ΤΟ.
287 923 447 973 quando
469 922 587 960 istaec
609 920 778 958 innatast
799 919 902 958 tibi?
969 920 1059 956 Sic..
1093 917 1222 956 hodic.
1282 919 1354 955 To.
1388 916 1508 955 secari

1362 981 1507 1020 iubeas.

97 1062 163 1100 315
185 1056 278 1093 SAG.
310 1061 442 1092 metuo
463 1065 512 1090 ne
533 1051 767 1090 inmaturam
792 1063 933 1096 secem,
957 1062 1006 1087 ne
1028 1047 1208 1087 exhibeat
1230 1049 1316 1098 plus
1342 1046 1508 1097 negotei.

184 1123 258 1159 To,
283 1119 473 1169 inspicere
499 1116 681 1156 morbum
705 1123 814 1154 tuom
837 1115 955 1153 lubet.
1017 1116 1108 1151 Sm.
1131 1113 1181 1151 ah
1202 1114 1275 1151 ah!
1305 1111 1369 1150 abi
1390 1119 1508 1162 atque
1533 1126 1568 1159 ¹5

1342 1190 1438 1216 caue
1459 1176 1510 1215 sis

184 1264 205 1290 a
226 1264 358 1290 cornu.
418 1251 493 1287 To.
516 1247 611 1299 quid
633 1247 709 1286 iam
727 1248 743 1285 ?
801 1248 892 1285 SAG.
916 1244 1007 1296 quia
1028 1245 1151 1282 boues
1173 1243 1253 1281 bini
1275 1243 1338 1281 hic
1360 1250 1449 1281 sunt
1470 1242 1509 1280 in

1323 1308 1507 1347 crumina.

185 1383 258 1420 To.
291 1380 425 1420 emitte
447 1381 573 1426 sodes
599 1393 648 1418 ne
670 1378 801 1417 enices
823 1378 925 1416 same
940 1391 949 1425 5
980 1375 1063 1414 sine
1084 1375 1136 1413 ire
1158 1382 1322 1425 pastum.

186 1451 276 1485 sm.
310 1446 414 1484 enim
438 1453 571 1483 metuo
591 1452 633 1482 ut
655 1443 825 1494 possiem
847 1442 887 1479 in
909 1440 1044 1479 bubile
1065 1444 1220 1486 reicere,
1239 1453 1288 1477 ne
1309 1446 1508 1489 uagentur.

100 1526 168 1561 320
185 1513 258 1550 To.
293 1525 366 1561 ego
399 1510 566 1549 reiciam.
627 1509 728 1547 habe
758 1507 933 1547 animum
974 1506 1134 1544 bonum.
1196 1506 1286 1542 Sim.
1320 1504 1509 1549 credetur,

1231 1568 1508 1607 commodabo.

185 1654 347 1691 sequere
377 1643 450 1680 hac.
480 1641 541 1680 sis.
601 1647 803 1690 argentum
834 1638 897 1677 hic
925 1637 1023 1676 inest
1051 1636 1159 1686 quod
1179 1647 1336 1673 mecum
1359 1634 1510 1672 dudum
1535 1645 1573 1667 20

1381 1706 1508 1737 orasti.

185 1774 258 1811 To.
292 1772 387 1822 quid
407 1775 448 1811 tii
470 1772 557 1811 ais?
614 1773 704 1810 Sic..
738 1770 923 1810 dominus
948 1782 1011 1807 me
1042 1768 1164 1806 boues
1186 1772 1400 1804 mercatum
1424 1766 1511 1802 Ere-

1261 1830 1371 1869 triam
1395 1829 1508 1868 misit.

187 1915 291 1940 nune
313 1902 365 1941 mi
394 1902 541 1942 Eretria
569 1903 638 1941 erit
666 1903 762 1940 haec
784 1908 849 1940 tua
877 1902 1031 1939 domus.
1092 1900 1165 1936 To,
1198 1895 1304 1934 nimi*
1325 1903 1366 1933 tu
1388 1896 1512 1933 facete

1338 1962 1510 2010 loquere.

229 2072 303 2111 308.
323 2081 386 2111 309
409 2072 533 2103 inverso
553 2071 662 2103 ordine
677 2070 709 2101 A
800 2071 865 2109 308
889 2069 1043 2111 ansatus]
1062 2073 1202 2100 conatus
1220 2065 1308 2098 codd.
1329 2064 1433 2096 Nonii
1448 2074 1511 2103 479

187 2115 412 2146 conscreabor
435 2115 584 2146 Nonius:
627 2114 828 2158 concreabor
853 2114 884 2144 A
903 2126 910 2144 ε
949 2113 1128 2144 constabor
1151 2109 1383 2145 (contestabor
1406 2106 1449 2148 D,
1483 2107 1514 2138 l>

187 2167 252 2196 310
272 2159 444 2199 rhythmus
460 2159 602 2199 displicet
666 2159 715 2189 vel
729 2158 875 2197 specuiai
963 2167 1026 2196 313
1043 2157 1152 2195 tetigit
1170 2155 1202 2185 P
1281 2155 1345 2193 316
1366 2152 1458 2191 iubet
1476 2151 1507 2181 A

186 2202 230 2232 ah
256 2203 298 2233 ah
324 2203 393 2244 abi]
422 2202 498 2233 abbi
524 2202 558 2232 P
685 2212 750 2241 319
775 2201 823 2231 vel
847 2201 972 2240 possim
989 2201 1048 2233 (ita
1071 2198 1175 2237 codd.)
1206 2200 1296 2238 (cnm
1326 2196 1413 2227 enim
1443 2205 1510 2224 me-

188 2245 351 2285 !m‘braclt.)
423 2246 569 2276 bubilem
585 2245 616 2275 P
690 2243 765 2277 Γὲῖς.
779 2246 811 2275 in
824 2244 902 2276 bub.
913 2243 1017 2274 Bothe
1093 2243 1272 2280 uiagentur
1287 2241 1320 2272 P
1448 2247 1510 2276 320

188 2288 337 2319 creditur
353 2289 394 2327 P,
412 2289 443 2319 A
463 2301 495 2320 n.
515 2289 534 2321 Ι.
555 2290 631 2329 (pro
649 2289 778 2320 *detur-3
804 2288 823 2319 i.
843 2288 876 2326 35
1019 2297 1077 2326 321
1106 2296 1209 2325 seque
1227 2285 1259 2315 P
1351 2282 1439 2323 quod
1458 2291 1510 2312 me

187 2332 310 2363 dudum
330 2333 456 2371 rogasti
475 2332 508 2363 P
525 2343 569 2363 iv.
591 2343 618 2370 1,
637 2342 667 2371 p.
687 2334 741 2370 65*
850 2341 912 2370 322
936 2330 1056 2370 boues]
1077 2330 1174 2360 uobis
1191 2329 1222 2360 P
