1783 2707
174 151 226 188 ΙΙ.

189 535 227 565 30

183 1122 220 1153 35

179 1511 223 1543 40

248 149 294 185 iv
675 150 722 186 T.
757 149 937 187 MACCI
971 149 1174 186 PLAVTI

249 262 362 299 CALi.
397 261 652 298 sumbolum?
682 273 801 309 quem
833 259 1090 297 sumbolum?
1148 261 1210 297 Ps.
1243 259 1309 309 qui
1330 274 1352 298 a
1380 260 1501 300 milite
1525 263 1576 300 al-

1302 326 1419 363 latust
1439 328 1571 365 modo.

249 390 344 429 eiius
367 404 499 429 seruos
521 390 587 439 qui
608 391 713 427 hunc
736 389 884 427 ferebat
906 397 943 427 et
965 389 1140 439 quinque
1161 389 1309 439 argenti
1332 390 1468 438 minas,

249 464 354 494 tuam
377 456 443 505 qui
463 455 629 493 amicam
652 455 743 493 hinc
764 455 996 501 arcessebat,
1020 454 1055 492 ei
1076 468 1119 493 os
1140 455 1292 493 subleui
1316 457 1446 494 modo.

248 522 362 560 CAH.
395 534 473 571 quo
504 521 654 558 modo?
711 522 772 558 Ps.
806 521 946 558 horum
977 533 1114 558 caussa
1144 521 1241 559 haec
1275 521 1399 570 agitur
1429 529 1575 571 specta·
1595 529 1663 564 720

1270 593 1397 624 torum
1420 586 1574 625 fabula:

248 651 285 689 hi
308 652 435 690 sciunt
457 651 522 701 qui
544 651 606 689 hic
628 653 863 697 adfuerunt3
893 650 1007 688 uobis
1028 658 1116 701 post
1138 664 1357 689 narrauero.

246 718 360 756 (ΞΛΜ.
394 716 488 766 quid
511 729 615 754 nunc
636 716 817 766 agimus?
858 717 921 754 Ps.
953 715 1116 754 liberam
1138 715 1257 754 hodie
1278 723 1384 753 tuam
1406 716 1574 755 amicam

1287 781 1571 831 amplexabere.

247 848 362 886 CALI.
395 848 548 896 egone?
606 848 668 884 Ps.
703 848 742 884 tii
774 845 859 884 istic
891 845 1008 895 ipsus,
1042 844 1214 895 inquam,
1246 845 1276 884 si
1306 846 1467 895 quidem
1498 848 1574 885 hoc

1304 910 1411 949 uiuet
1433 919 1549 961 caput
1565 926 1574 959 3

244 976 273 1015 si
297 978 417 1016 modo
439 977 533 1015 mihi
554 976 756 1015 hominem
778 975 986 1015 inuenietis
1008 989 1182 1026 propere.
1243 977 1319 1016 CH.
1354 990 1431 1026 qua
1447 977 1574 1015 facie?

1321 1043 1382 1079 Ps.
1413 1044 1571 1090 malum,

243 1107 439 1153 callidum,
463 1109 637 1153 doctum,
661 1107 727 1157 qui
749 1108 910 1157 quando
931 1106 1167 1157 principium
1190 1107 1451 1157 prehenderit,
1592 1115 1657 1152 725

242 1187 357 1223 porro
378 1187 447 1211 sua
468 1173 609 1211 uirtute
630 1180 760 1211 teneat
782 1173 876 1222 quid
898 1186 938 1210 se
960 1174 1085 1210 facere
1107 1180 1285 1222 oporteat
1300 1187 1310 1219 3

241 1246 360 1287 atque
381 1238 447 1288 qui
468 1238 531 1276 hic
553 1239 638 1276 non‘
654 1237 831 1275 uisitatus
853 1251 970 1287 saepe
991 1237 1049 1274 sit.
1111 1238 1188 1276 CH.
1222 1236 1253 1274 si
1275 1250 1408 1275 seruos
1430 1244 1497 1284 est,

241 1303 436 1352 numquid
457 1304 599 1341 refert?
657 1304 719 1340 Ps.
752 1302 874 1340 immo
895 1303 1020 1339 multo
1043 1303 1202 1339 mauolo
1224 1315 1341 1351 quam
1364 1301 1541 1341 liberum.

242 1368 319 1407 CH.
353 1381 468 1418 posse
489 1367 629 1417 opinor
650 1381 712 1405 me
734 1368 825 1405 dare
851 1366 1054 1405 hominem
1077 1366 1148 1405 tibi
1166 1368 1312 1405 malum
1335 1374 1371 1405 et
1393 1368 1568 1415 doctum,

1449 1433 1571 1471 modo

242 1498 308 1548 qui
329 1513 351 1536 a
372 1506 478 1548 patre
499 1498 660 1537 aduenit
682 1500 845 1548 Carysto
867 1499 1038 1536 necdum
1061 1499 1137 1536 exit
1158 1511 1204 1536 ex
1225 1497 1391 1536 aedibus
1590 1504 1659 1541 730

240 1577 442 1614 quoquam
464 1578 592 1614 neque
613 1565 789 1602 Athenas
816 1563 979 1602 aduenit
1006 1577 1195 1613 umquam
1226 1570 1316 1601 ante
1344 1564 1570 1601 hesternum

1451 1628 1568 1666 diem.

239 1696 300 1732 Ps.
334 1695 436 1733 bene
457 1694 577 1733 iuuas.
620 1696 689 1733 sed
711 1694 886 1745 quinque
903 1694 1073 1733 inuentis
1090 1708 1188 1745 opus
1207 1701 1263 1733 est
1283 1693 1432 1743 argenti
1454 1694 1570 1732 minis

238 1759 382 1798 mutuis
404 1774 500 1810 quas
522 1760 641 1799 hodie
662 1761 825 1799 reddam
843 1777 848 1799 :
881 1775 971 1798 nam
994 1760 1110 1799 huius
1132 1760 1226 1798 mihi
1249 1761 1368 1799 debet
1389 1768 1507 1812 pater.

239 1826 316 1865 CH.
349 1839 422 1876 ego
447 1826 563 1872 dabo,
588 1840 637 1864 ne
659 1839 802 1876 quaere
831 1826 1001 1864 aliunde.
1064 1828 1126 1864 Ps.
1161 1840 1184 1864 o
1205 1826 1408 1864 hominem
1431 1839 1570 1877 oppor-

1286 1899 1425 1929 tunum
1448 1891 1543 1930 mihi
1561 1895 1567 1929 Ξ

204 1971 218 2000 5
240 1955 357 1994 etiam
379 1963 495 2006 opust
516 1958 723 2006 chlamyde
744 1964 781 1995 et
803 1957 1009 1995 machaera
1030 1963 1067 1994 et
1088 1964 1235 2006 petaso.
1295 1958 1372 1995 CH.
1404 1970 1565 2007 possum
1585 1966 1651 2002 735

1334 2035 1357 2059 a
1378 2035 1440 2059 me
1461 2024 1564 2060 dare.

281 2135 341 2164 717
365 2125 463 2156 militi
476 2137 520 2156 (ιιι
535 2131 582 2157 -te
601 2127 704 2158 inem.
723 2127 755 2156 A
847 2125 983 2156 aliatust
995 2126 1094 2156 modo
1109 2130 1161 2156 est
1174 2125 1270 2164 P<ii.
1283 2125 1318 2163 4)
1412 2126 1473 2164 718
1493 2136 1566 2156 cum

237 2180 266 2207 q.
287 2180 316 2200 a.
339 2169 480 2200 minisP
497 2171 547 2209 (cf
565 2181 591 2200 v.
611 2176 687 2209 7535
780 2180 841 2209 719
865 2168 1212 2207 arcessabatP<c0r12
1230 2168 1268 2202 C)
1284 2179 1290 2199 ε
1309 2169 1504 2199 accersabat
1517 2169 1562 2207 A,

238 2213 292 2242 vix
304 2217 379 2243 recte
446 2214 475 2244 ei
491 2213 544 2253 os]
559 2215 631 2244 eius
642 2214 673 2242 A
689 2214 723 2247 (i.
740 2214 772 2252 7)
865 2223 927 2251 720
944 2212 1054 2242 fabule
1066 2212 1098 2242 P
1185 2222 1246 2251 723
1265 2217 1297 2242 tu
1313 2211 1405 2252 istic]
1417 2216 1487 2242 tute
1502 2223 1566 2251 ego

237 2255 270 2285 P
282 2258 361 2296 (pro
375 2261 444 2287 tute
462 2257 558 2297 ergo)
650 2258 733 2287 uiuit
748 2257 798 2287 A:
821 2256 898 2287 uiue
910 2256 943 2286 P
1056 2266 1117 2294 724
1142 2265 1286 2294 propere
1303 2255 1452 2285 Calidoro
1464 2255 1565 2285 datA

238 2303 276 2329 nt
290 2300 352 2331 vid.
475 2311 535 2339 727
560 2311 589 2331 a.
611 2311 687 2331 eum
704 2302 758 2340 qui
778 2311 844 2331 non
864 2300 916 2329 hic
934 2300 1075 2329 usitatus
1100 2298 1133 2328 P
1217 2298 1260 2334 sil
1289 2303 1323 2337 ut
1347 2298 1380 2328 A
1504 2309 1566 2338 729

237 2344 286 2373 vel
299 2344 401 2382 opino
500 2355 562 2383 730
585 2345 626 2375 ab
650 2345 708 2374 ltoc
725 2355 817 2375 versu
843 2354 944 2383 nsque
968 2342 1015 2373 ad
1031 2343 1139 2381 finem
1155 2342 1292 2381 fabulae
1317 2346 1441 2382 praesto
1465 2346 1511 2372 est
1541 2342 1570 2372 T

238 2387 307 2417 exit
323 2387 460 2418 aedibus
478 2387 511 2417 A
527 2390 605 2428 (pro
622 2388 707 2419 exiit
723 2388 796 2419 aed.
810 2389 838 2428 2)
930 2396 993 2426 733
1018 2385 1111 2426 nam]
1131 2396 1206 2416 nam
1226 2396 1325 2416 unam
1339 2385 1373 2416 P
1387 2385 1452 2426 (vel
1465 2396 1563 2416 unam

239 2430 293 2468 ΡΙ,
313 2442 387 2461 narn
408 2431 469 2470 ΡΖ)

952 2528 974 2538 l
