1731 2713
586 100 756 136 MILES
788 100 1096 137 GLORIOSx's
1449 106 1496 142 ll.
1520 117 1548 142 v

183 218 301 260 atque
314 211 419 260 apud
441 211 545 247 hunc
562 221 627 246 ero
645 208 818 246 uicinum
836 224 844 255 ;
865 217 953 247 tuat·
971 209 1062 247 mihi
1086 212 1219 248 turbat·
1237 226 1312 248 non
1336 214 1496 261 plaut-nt.

96 274 262 323 480'eru’
283 275 313 313 si
335 274 476 321 ueniet,
500 273 530 311 si
553 287 614 312 me
635 282 805 323 quaeret,
831 274 892 311 hic
915 288 1002 312 cro:
1034 275 1123 313 hinc
1147 289 1207 313 mc
1227 277 1417 314 aret-ssim.

1520 289 1535 321 *1

1540 292 1558 311 Ο

343 386 670 422 SCELEDRVS
787 385 1336 421 I'ERIPI.1·1c'1*(›M1215*x's
1522 385 1564 420 vi

183 468 244 505 SC.
278 466 386 505 Satin
406 465 501 504 abiit
523 465 585 503 ille
608 478 736 514 neque
758 464 839 503 erili
862 464 1019 514 negotio

181 534 267 582 plus
288 539 407 578 curat,
430 530 541 581 quasi
563 544 643 568 non
666 530 892 568 seruitutem
917 530 1086 568 seruiat?

181 604 288 636 certo
309 597 371 634 illa
392 596 553 646 quidem
576 595 639 633 hic
662 608 766 632 nunc
790 594 893 632 intus
914 603 971 632 est
993 594 1031 631 in
1052 595 1225 636 aedibus.

182 675 273 700 nam
295 669 449 712 egomet
471 661 682 699 cubantem
706 672 792 698 eam
816 661 937 697 modo
958 660 1102 697 offendi
1129 660 1245 698 domi.

94 731 160 776 485
182 735 331 766 certum
352 733 410 764 est
431 739 536 763 nunc
557 723 822 775 opseruationi
844 737 1002 773 operam
1024 725 1125 762 darc.
1523 739 1539 770 5

182 793 251 829 PE.
284 804 364 829 non
387 792 516 829 hercle
538 790 645 828 hisce
668 790 848 827 homines
871 802 932 827 mc
955 802 1116 828 marem.
1136 790 1204 827 sed
1227 790 1408 827 seminam

182 856 300 896 uicini
322 864 454 896 rentur
474 869 558 894 esse
581 855 681 894 serui
705 854 836 892 militis
855 870 861 892 ;

182 923 233 960 ita
255 935 317 960 me
338 921 551 960 ludificant.
611 932 793 958 meamne
814 918 877 957 hic
898 918 1060 956 inuitam
1082 918 1286 969 hospitam,

182 1000 283 1037 quae
303 985 385 1025 heri
406 988 483 1024 huc
505 984 672 1023 Athenis
693 997 783 1022 cum
806 983 960 1033 hospite
981 983 1140 1022 aduenit
1163 996 1260 1022 mco.

93 1065 163 1100 490
182 1060 384 1091 tractatam
406 1060 444 1090 et
465 1051 716 1096 ludificatam,
741 1049 950 1099 ingenuam
973 1056 1010 1087 et
1031 1048 1220 1087 liberam?
1524 1062 1561 1083 10

181 1120 242 1156 SC.
275 1117 369 1168 perii
391 1118 520 1155 hercle
541 1120 546 1154 l
576 1115 640 1154 hic
661 1116 712 1154 ad
734 1129 796 1153 me
816 1122 921 1153 recta
940 1114 1058 1152 habet
1079 1122 1220 1152 rectam
1243 1114 1356 1151 uiam.

182 1190 316 1222 metuo
337 1182 447 1220 illaec
469 1181 564 1219 mihi
586 1194 644 1219 res
666 1194 716 1218 ne
738 1181 840 1217 malo
863 1192 1005 1229 magno
1026 1180 1116 1225 fuat,

183 1255 374 1298 quantum
395 1248 500 1285 hunc
521 1245 655 1284 audiui
677 1247 803 1283 facere
825 1245 1033 1282 uerborum
1056 1257 1200 1282 senem.

185 1315 253 1352 PE.
284 1314 471 1352 accedam
506 1313 556 1350 ad
591 1310 804 1349 hominem.
870 1318 950 1351 tun.
987 1310 1177 1355 Sceledre,
1210 1308 1283 1354 hic,
1315 1309 1499 1346 scelerum

1374 1381 1500 1422 caput,

95 1455 161 1492 495
185 1457 312 1482 meam
334 1441 584 1482 ltidificauisti
606 1440 802 1490 hospitam
823 1447 913 1477 ante
934 1438 1041 1477 aedis
1064 1439 1215 1476 modo?
1524 1445 1558 1476 ¹5

183 1510 245 1548 SC.
278 1508 418 1555 uicine‚
441 1509 620 1546 ausculta
640 1519 798 1556 quaeso.
861 1507 929 1542 PE.
962 1516 1035 1553 ego
1055 1505 1269 1541 auscultem
1293 1503 1390 1540 tibi?

183 1576 244 1613 Sc.
279 1572 524 1627 [ex]purgare
546 1574 637 1611 uolo
659 1585 734 1610 me.
794 1572 861 1607 PE.
894 1577 963 1607 tun
985 1569 1050 1607 ted
1072 1581 1257 1617 expurges
1279 1567 1382 1607 mihi.

183 1640 251 1691 qui
271 1640 421 1678 facinus
443 1646 595 1677 tantum
617 1645 778 1686 tamque
800 1635 1004 1685 indignum
1026 1633 1193 1672 feceris?

183 1720 233 1744 an
254 1705 346 1755 quia
366 1702 664 1750 latrocinamini,
686 1700 925 1740 arbitramini
1252 1745 1260 1750 μ

100 1785 166 1821 500
183 1770 340 1821 quiduis
362 1770 477 1809 licere
498 1771 624 1807 facere
644 1767 769 1814 uobis,
793 1766 985 1804 uerbero?
1521 1776 1560 1797 20

184 1838 245 1875 SC.
278 1835 450 1874 licetne?
508 1836 575 1871 PE.
608 1840 646 1871 at
668 1832 719 1870 ita
742 1845 803 1869 me
824 1830 863 1869 di
886 1831 1061 1878 (leaeque
1082 1841 1218 1867 omncs
1238 1835 1368 1866 amc-nt

228 1951 292 1981 479
315 1950 374 1971 ero
399 1950 465 1970 om.
492 1938 526 1968 P
685 1939 749 1976 480
773 1936 904 1976 quaerit
928 1935 958 1966 P
995 1940 1054 1974 pro
1078 1938 1143 1964 -ret
1158 1935 1182 1971 ἓ)
1281 1929 1375 1970 hinc]
1398 1931 1448 1960 hic
1474 1928 1506 1959 P

185 1985 244 2024 481
272 1983 354 2015 erile
387 1983 558 2022 negotium
591 1981 678 2013 codd.
712 1982 749 2019 (i-
775 1981 823 2020 9),
849 1980 930 2019 sort.
959 1983 1042 2016 recle,
1073 1986 1265 2016 quanquam
1295 1985 1392 2013 neque
1419 1974 1501 2003 erile

185 2038 287 2067 neque
303 2027 384 2059 erile
402 2030 518 2066 negdt-
531 2027 656 2067 placet:
681 2025 729 2055 eri
748 2034 828 2063 rem,
850 2023 1022 2062 negotium
1041 2020 1179 2051 Rcdslob
1197 2019 1308 2059 (Lt'lcr.
1335 2016 1500 2049 Ccntmlltl.

188 2073 281 2111 1895,
313 2082 344 2111 p.
375 2073 496 2110 176252
528 2070 577 2100 eri
603 2069 672 2100 hilo
704 2068 876 2107 negotium
908 2067 973 2097 Leo
1129 2064 1191 2102 482
1223 2062 1383 2092 seruitute
1414 2059 1501 2090 codd.

185 2117 249 2154 483
272 2115 407 2154 quidem
431 2114 488 2144 illa
512 2113 546 2143 P
675 2113 736 2151 484
762 2122 825 2149 ego
850 2115 883 2141 et
908 2110 1082 2140 cubantem
1103 2118 1142 2138 ea
1162 2107 1261 2136 domo
1282 2105 1314 2136 P
1398 2103 1501 2133 ossen-

185 2160 261 2189 dam
278 2158 310 2188 A
423 2158 488 2197 488
512 2167 586 2188 mea
608 2156 677 2193 (me
702 2155 746 2195 C)
764 2164 861 2185 mane
882 2153 915 2183 P
999 2152 1104 2181 inuita
1122 2149 1153 2180 P
1167 2149 1218 2189 (cs.
1239 2149 1317 2188 490)
1408 2147 1502 2184 hospi

186 2206 222 2233 ut
239 2202 304 2234 vid.
328 2202 361 2233 P
379 2201 414 2243 (τ’.
429 2212 454 2233 e.
474 2201 642 2240 hospitam
654 2201 679 2239 ἶ)
815 2208 879 2236 490
904 2200 1042 2226 tractata
1064 2199 1096 2224 et
1116 2193 1283 2224 ludificata
1304 2191 1448 2230 ingenua
1469 2193 1502 2218 ct

184 2245 291 2276 libera
309 2245 341 2276 P
469 2255 529 2284 491
563 2254 586 2275 r.
616 2244 647 2274 h.
677 2246 768 2272 recta
793 2241 847 2271 uia
866 2240 897 2270 P
1025 2248 1085 2277 497
1112 2247 1153 2267 cx
1185 2236 1275 2274 (sm-t.
1302 2246 1340 2265 ex
1365 2233 1400 2266 F
1428 2235 1502 2262 nota

178 2295 347 2330 personae,
374 2290 503 2329 ortum)
520 2288 644 2325 seclusi,
664 2297 745 2316 nam
773 2281 949 2324 expurgar'
976 2282 1031 2312 vix
1047 2280 1234 2320 serendum,
1257 2289 1355 2317 neque
1383 2277 1503 2324 expui·-

183 2337 264 2372 gare
281 2333 357 2364 uolo
376 2333 480 2373 placet
570 2331 784 2369 Expurigare
802 2351 808 2358 .
830 2351 837 2357 .
858 2332 890 2356 te
910 2327 969 2363 [ita
990 2323 1095 2363 codd.)
1113 2323 1292 2363 expuriges
1320 2320 1388 2361 (dcl.
1410 2318 1502 2358 mthn)

183 2376 308 2407 Ritsclel
437 2375 567 2415 501-38
591 2373 674 2404 deest
689 2372 722 2402 A
