1731 2713
643 109 1045 147 MOSTELLARIA
1431 107 1508 144 III.
1532 105 1577 142 iii

463 320 903 355 THEOPROPII)ES
1014 317 1086 353 '1¹1³
1104 327 1237 353 ixNio
1536 315 1664 354 III.iii

183 421 258 457 TR.
293 417 402 467 Quid
436 416 506 454 tibi
539 415 667 453 uisum
698 422 756 453 est
786 413 1045 451 mercimoni?
1113 414 1193 450 ΤΗ.
1224 412 1378 464 <totus‚>
1409 421 1513 451 totus

1345 479 1509 528 gaudeo.

95 559 160 594 905
184 551 258 587 TR.
293 562 386 586 num
435 546 556 584 nimio
605 552 761 594 emptae
800 543 870 581 tibi
910 543 1123 582 uidentur?
1202 544 1281 582 TH.
1318 557 1511 592 nusquam

1091 609 1233 658 edepol
1255 622 1327 658 ego
1348 622 1410 646 me
1431 607 1512 645 scio

182 678 328 716 uidisse
358 690 546 726 umquam
572 674 745 714 abiectas
772 674 880 713 aedis
908 673 981 711 nisi
1011 674 1130 711 modo
1158 674 1285 711 hasce.
1345 675 1420 710 TR.
1454 687 1513 711 ec-

1209 737 1304 788 quid
1326 739 1481 788 placent
1497 740 1513 775 ?

182 811 260 847 TH.
293 807 436 858 ecquid
470 809 651 858 placeant
695 819 757 844 me
801 806 942 855 rogas?
985 803 1107 842 immo
1141 805 1271 841 hercle
1306 817 1398 842 uero
1432 817 1513 853 per-

1342 870 1508 918 placent.

182 944 257 980 TR.
281 940 533 991 quoiusmodi
549 940 821 990 gynaeceum?
840 937 937 988 quid
952 936 1147 987 porticum
1164 937 1180 974 ?
1227 937 1304 973 ΤΗ.
1329 935 1509 973 insanum
1532 951 1548 982 5

1352 1001 1508 1039 bonam.

182 1086 262 1111 non
283 1072 467 1122 equidem
488 1073 607 1109 ullam
629 1069 669 1108 in
690 1068 850 1120 publico
870 1081 955 1107 esse
976 1067 1163 1106 maiorem
1185 1068 1259 1105 hac
1279 1067 1483 1106 existumo.

95 1154 165 1190 910
182 1140 258 1176 TR.
291 1137 385 1188 quin
407 1150 479 1187 ego
499 1136 582 1186 ipse
603 1143 641 1174 et
664 1134 911 1172 Philolaches
932 1133 972 1171 in
993 1133 1154 1183 publico
1175 1132 1304 1171 omnis
1326 1132 1498 1182 porticus

183 1205 308 1242 sumu’
342 1201 572 1241 commensi.
630 1202 710 1238 ΤΗ.
742 1199 838 1250 quid
870 1198 1013 1249 igitur?
1069 1200 1145 1236 TR.
1178 1200 1294 1249 longe
1333 1197 1511 1236 omnium

1179 1263 1420 1314 longissuma
1440 1271 1508 1302 est.

181 1337 260 1372 ΤΗ.
293 1334 333 1372 di
354 1333 591 1379 inmortales,
616 1329 847 1369 mercimoni
867 1328 987 1380 lepidi
1006 1332 1011 1367 !
1041 1327 1107 1381 <ss)
1127 1330 1257 1367 hercle
1278 1343 1383 1367 nunc
1404 1330 1499 1368 ferat

181 1415 247 1439 sex
269 1401 413 1438 talenta
434 1412 575 1449 magna
595 1396 744 1447 argenti
764 1410 836 1447 pro
856 1395 938 1434 istis
960 1394 1231 1445 praesentaria,
1533 1407 1570 1428 10

182 1478 398 1515 numquam
431 1462 634 1513 accipiam.
704 1463 781 1499 TR.
814 1460 845 1499 si
879 1461 1010 1499 hercle
1044 1459 1221 1509 accipere
1255 1459 1401 1510 cupies,
1438 1474 1510 1510 ego

1133 1539 1350 1575 numquam
1372 1525 1507 1564 sinam.

94 1610 160 1646 915
182 1599 260 1635 TH.
294 1597 395 1635 bene
416 1608 474 1633 res
497 1601 629 1633 nostra
651 1594 858 1632 conlocata
878 1599 936 1630 est
958 1590 1055 1629 istoc
1077 1589 1344 1628 mercimonio.

181 1665 257 1700 TR.
290 1676 352 1700 me
374 1674 531 1699 suasore
552 1667 670 1710 atque
693 1659 905 1709 impulsore
927 1657 967 1696 id
990 1658 1136 1695 factum
1164 1657 1350 1694 audacter
1376 1655 1508 1703 dicito,

180 1727 247 1778 qui
268 1726 404 1776 subegi
425 1727 583 1764 faenore
605 1732 809 1775 argentum
832 1725 882 1762 ab
904 1722 1058 1762 danista
1079 1729 1120 1759 ut
1142 1728 1322 1767 sumeret,

181 1793 289 1843 quod
309 1791 371 1830 isti
392 1791 574 1830 dedimus
602 1790 793 1829 arraboni.
854 1793 933 1828 ΤΗ.
969 1787 1173 1827 seruauisti
1195 1800 1353 1825 omnem
1375 1794 1509 1826 ratem.
1535 1802 1570 1832 15

181 1871 325 1908 nempe
352 1857 552 1908 octoginta
573 1857 767 1896 debentur
792 1856 883 1894 huic
912 1855 1074 1893 minae?
1131 1854 1207 1891 TR.
1240 1853 1317 1890 hau
1347 1865 1513 1890 nummo

1331 1917 1509 1967 amplius.

95 2004 164 2039 920
182 1991 261 2028 TH.
294 1989 413 2029 hodie
446 1988 622 2040 accipiat.
695 1990 772 2026 TR.
804 1986 859 2025 ita
892 1986 997 2025 enim
1033 1998 1138 2031 uero,
1176 1997 1227 2022 ne
1261 1995 1339 2033 qua
1377 1995 1514 2020 caussa

1351 2046 1509 2098 supsiet.

226 2172 290 2201 904
308 2165 397 2192 totus
411 2160 486 2191 add.
505 2160 662 2191 Gruterus
679 2159 774 2199 :fort
796 2155 951 2198 (omnis)
978 2156 1084 2187 Harv.
1103 2154 1200 2187 stud.
1215 2165 1245 2194 9,
1265 2153 1338 2193 130)
1353 2151 1511 2192 vel(quid

183 2205 260 2235 mihi
274 2204 306 2246 ἲ)
416 2214 481 2244 905
507 2214 666 2243 nusquam
685 2201 828 2233 Schoell:
856 2210 1036 2240 numquam
1051 2200 1089 2236 Ρ,
1107 2199 1140 2228 Α
1155 2210 1186 2230 n.
1203 2199 1222 2229 I.
1317 2207 1380 2235 ego
1396 2206 1461 2226 om.
1477 2195 1510 2225 A

182 2249 266 2279 scito
284 2249 315 2279 P
451 2249 517 2287 906
540 2247 688 2278 ablectas
705 2246 744 2286 P,
764 2245 796 2276 A
816 2256 848 2276 n.
865 2245 886 2276 l.
1020 2254 1083 2283 907
1110 2252 1157 2273 ec.
1177 2242 1313 2282 placent
1332 2240 1371 2279 P,
1390 2239 1423 2269 A
1445 2251 1475 2270 n.
1489 2239 1508 2270 I.

181 2302 245 2331 912
269 2292 296 2322 si
314 2291 388 2323 add.
410 2291 619 2322 Camerarius
637 2289 685 2325 (A
705 2300 737 2321 n.
754 2289 792 2323 l.)
970 2298 1035 2327 914
1059 2286 1220 2325 accipiem
1237 2285 1276 2322 P,
1296 2284 1328 2315 A
1349 2294 1380 2314 n.
1401 2282 1420 2314 Ι.
1443 2283 1513 2322 (vix

181 2335 317 2375 antiqua
326 2335 458 2375 forma)
534 2334 646 2364 hercle
663 2333 736 2365 Ital.
755 2343 762 2363 :
787 2342 845 2363 ere
862 2336 896 2362 te
913 2330 952 2370 P,
973 2330 1005 2360 A
1023 2341 1054 2362 n.
1070 2330 1088 2361 l.
1164 2329 1281 2368 cupias
1299 2327 1510 2359 Camerarius

182 2378 229 2419 (A
249 2389 280 2409 n.
296 2378 333 2419 l.)
466 2379 530 2418 918
554 2378 633 2417 quid
650 2377 683 2407 A
