1783 2707
191 167 219 203 I.

177 602 219 640 II

178 1285 219 1309 10

177 1611 214 1643 Ι5

175 1935 217 1957 20

245 165 288 201 iii
651 164 695 200 T.
732 162 911 201 MACCI
944 162 1147 199 PLAVTI

296 273 362 312 ibo
382 281 500 323 atque
520 285 713 311 arcessam
735 271 855 318 testis,
878 272 1039 321 quando
1059 273 1183 309 Amor
1203 270 1312 310 iubet

297 352 359 377 me
381 337 659 375 oboedientem
690 336 692 366 ἶ
719 350 803 374 csse
825 350 939 374 seruo
960 335 1194 374 liberum.—

736 499 970 547 ACTVS
1024 501 1071 547 ΙΙ

530 602 707 638 chvs
820 602 1282 638 ANTAMOENIDES

296 688 365 725 Lv.
401 686 451 725 Di
473 686 580 725 illum
604 686 804 725 infelicent
825 700 963 725 omnes
984 687 1051 736 qui
1072 694 1161 736 post
1181 688 1286 724 hunc
1308 687 1413 725 diem

292 753 383 790 leno
404 753 523 790 ullam
545 752 689 791 Veneri
712 764 901 801 umquam
923 751 1133 790 immolarit
1154 751 1323 790 hostiam

292 817 411 867 quiue
432 818 555 856 ullum
576 817 670 856 turis
691 830 856 867 granum
878 816 1175 855 sacruficauerit.

292 895 383 920 nam
405 895 478 932 ego
499 881 617 920 hodie
639 881 770 920 infelix
792 881 852 920 dis
875 881 971 920 meis
993 880 1221 919 iratissumis

294 960 359 985 sex
380 946 583 985 immolani
611 947 615 998 Ι
640 960 762 997 agnos
784 960 858 985 nec
879 946 990 997 potui
1011 954 1142 984 tamen

292 1011 501 1062 propitiam
523 1014 720 1051 Venerem
741 1013 868 1050 facere
889 1011 944 1050 uti
971 1011 975 1062 Ι
1002 1018 1102 1050 esset
1124 1011 1228 1049 mihi.

291 1076 479 1127 quoniam
500 1076 608 1116 litare
630 1090 797 1128 nequeO,
821 1076 900 1115 abii
921 1075 1016 1114 illim
1038 1076 1127 1115 ilico

291 1141 420 1188 iratus,
443 1141 550 1180 uotui
580 1141 583 1192 l
609 1150 696 1180 exta
716 1141 970 1192 prosicarier3

292 1204 438 1258 [neque
459 1220 504 1245 ea
525 1206 698 1256 poricere
719 1206 837 1254 uolui,
862 1206 1049 1256 quoniam
1070 1220 1150 1245 non
1172 1207 1277 1245 bona

291 1272 483 1321 haruspex
504 1271 599 1310 dixit
620 1287 626 1310 :
656 1272 772 1310 deam
794 1285 879 1309 esse
900 1270 1100 1321 indignam
1122 1269 1302 1323 credidi]

290 1349 338 1375 eo
359 1337 475 1386 pacto
494 1349 635 1375 auarae
656 1336 800 1375 Veneri
822 1337 983 1387 pulchre
1003 1335 1082 1375 adii
1103 1350 1274 1374 manum.

289 1402 451 1452 quando
472 1401 511 1440 id
532 1402 641 1451 quod
663 1408 720 1440 sat
742 1409 821 1440 erat
843 1400 935 1440 satis
956 1402 1100 1440 habere
1121 1401 1258 1448 noluit,

289 1480 362 1517 ego
383 1480 545 1517 pausam
568 1466 652 1505 feci.
713 1466 768 1505 sic
788 1480 873 1517 ago,
897 1466 952 1505 sic
974 1480 1036 1505 me
1057 1468 1182 1505 decet.

289 1545 362 1582 ego
383 1533 470 1571 faxo
491 1533 656 1582 posthac
677 1532 717 1571 di
738 1533 916 1583 deaeque
937 1532 1054 1571 ceteri

289 1597 554 1636 contentiores
577 1610 688 1648 mage
709 1606 821 1636 erunt
841 1605 960 1648 atque
980 1597 1085 1637 auidi
1108 1598 1248 1645 minus,

289 1676 411 1712 quom
432 1662 590 1701 scibunt
610 1663 754 1702 Veneri
775 1671 817 1701 ut
837 1663 975 1702 adierit
996 1665 1086 1702 leno
1109 1677 1280 1702 manum.

288 1728 485 1778 condigne
507 1729 711 1779 haruspex,
736 1742 816 1766 non
838 1730 960 1767 horno
981 1729 1148 1775 trioboli,

286 1793 472 1833 omnibus
494 1793 533 1832 in
555 1794 652 1833 extis
672 1794 778 1832 aibat
799 1793 981 1844 portendi
1003 1793 1099 1832 mihi

288 1860 434 1897 malum
456 1861 729 1910 damnumque
749 1867 786 1898 et
807 1861 903 1899 deos
925 1873 1009 1899 esse
1029 1860 1146 1899 iratos
1168 1859 1274 1898 mihi.

288 1923 383 1974 quid
405 1924 439 1963 ei
460 1924 585 1963 diuini
606 1932 672 1963 aut
693 1924 855 1963 humani
876 1932 1083 1975 aequomst
1105 1926 1295 1964 credere?

287 1988 394 2027 mina
415 1989 510 2027 mihi
530 1990 678 2040 argenti
700 1992 808 2029 dono
829 1991 986 2042 postilla
1004 1992 1142 2030 datast.

285 2055 355 2093 sed
376 2067 535 2104 quaeso,
560 2055 720 2093 ubinam
745 2055 822 2094 illic
845 2056 982 2095 restitit
1004 2056 1115 2095 miles
1136 2057 1257 2095 modo

272 2168 334 2197 447
360 2157 467 2188 Amor
487 2159 646 2198 (iambus)
662 2161 711 2190 ln'c
727 2160 967 2201 vixferendum
1060 2162 1195 2202 quando
1207 2159 1296 2203 (ita)
1310 2160 1419 2192 Luchs
1433 2172 1439 2192 z
1457 2171 1560 2200 quan-

228 2201 291 2233 doc
309 2203 350 2243 (2)
362 2200 428 2232 Leo
503 2202 592 2233 iubet
610 2203 716 2234 Amor
732 2205 782 2235 vel
793 2204 913 2236 Amori
931 2205 1022 2236 lubet
1038 2206 1142 2247 (lubet
1156 2205 1202 2243 B)
1215 2204 1327 2236 Luclzs
1404 2206 1467 2243 448
1484 2215 1560 2235 meo

227 2289 347 2330 quiue]
366 2290 423 2329 qui
440 2289 473 2320 A
490 2290 552 2331 (iii.
569 2292 607 2330 3)
720 2301 783 2330 453
806 2302 911 2330 agnos
929 2292 1099 2324 immolani
1120 2292 1258 2332 Pylades
1369 2301 1429 2331 454
1456 2258 1558 2333 <agg

228 2337 319 2363 esset
334 2333 476 2364 Palmer
560 2344 623 2373 455
650 2344 715 2365 non
734 2344 822 2373 queo
851 2334 987 2376 Geppert
1072 2336 1121 2366 vel
1149 2335 1239 2366 abiui
1328 2337 1392 2374 456
1416 2335 1504 2366 uolui
1521 2335 1554 2365 A

229 2381 308 2407 exta
325 2377 418 2408 uotui
438 2377 519 2408 Reiz
534 2389 541 2408 :
562 2377 653 2408 uotui
665 2376 741 2420 (ei)
755 2377 874 2419 (2)Leo
964 2381 1053 2417 456³,
1075 2376 1156 2418 4561’
1179 2389 1245 2409 om.
1261 2378 1294 2408 A
1365 2379 1444 2418 456a
1469 2378 1556 2417 pori-

227 2473 383 2502 paussam
402 2464 433 2494 A
540 2466 599 2502 461
627 2465 738 2504 audiui
753 2464 786 2494 A
898 2466 961 2503 462
985 2476 1063 2505 qum
1080 2465 1114 2496 P
1221 2467 1283 2505 463
1303 2468 1379 2507 post
1393 2476 1421 2497 v.
1439 2431 1557 2505 471452

227 2245 280 2276 ob.
298 2246 347 2276 B:
374 2246 426 2277 ob.
445 2257 499 2278 me
516 2246 669 2286 Bentley:
696 2257 771 2278 meo
795 2248 847 2278 ob.
866 2247 964 2290 (me)
983 2249 1151 2287 Gruterus,
1164 2249 1244 2288 sort.
1269 2253 1343 2280 recle

228 2429 305 2450 cere
330 2420 489 2461 quffin·l:
514 2421 626 2461 picere
639 2420 702 2452 cod.
838 2418 919 2460 456b
943 2422 1006 2452 dea
1030 2432 1057 2452 e.
1083 2422 1221 2462 indigna
1237 2422 1377 2453 Pistoris

231 2506 278 2551 (ii.
297 2509 330 2547 6)
465 2509 529 2547 466
553 2513 610 2539 aut
626 2507 729 2538 Pius:
754 2508 840 2540 haud
858 2508 906 2540 P:
932 2514 1032 2550 atque
1049 2509 1083 2540 A

1588 766 1656 803 450

1584 1537 1654 1580 460

1582 1866 1648 1911 465
