1783 2707
173 128 227 166 11.

194 510 236 543 60

209 1302 249 1334 70

212 1950 252 1978 80

248 127 292 163 iv
652 121 697 158 T.
733 117 911 157 MACCI
944 115 1146 154 PLAVTI

304 234 552 275 ferentarium
574 245 659 272 esse
678 229 850 270 amicum
870 228 1078 268 inuentum
1097 225 1291 276 intellego.

306 305 376 341 LE.
399 300 491 339 abin
513 300 605 337 hinc
626 297 828 337 dierecte?
876 297 938 334 ST.
964 293 992 331 si
1015 293 1145 331 hercle
1161 291 1214 329 ire
1231 288 1435 340 occipiam,
1451 294 1574 328 uotes.

306 370 376 406 LE.
410 365 483 404 nisi
504 364 600 416 quid
623 377 686 402 me
706 362 814 401 aliud
835 360 905 407 uis,
931 359 1072 405 Philto,
1095 355 1280 407 respondi
1302 354 1384 393 tibi.

308 435 381 471 PH.
415 429 696 481 benigniorem,
720 424 954 472 Lesbonice,
977 432 1015 462 te
1036 423 1131 461 mihi

308 512 425 550 quam
447 509 552 536 nunc
574 494 749 545 experior
769 505 854 531 esse
875 490 1034 529 confido
1055 490 1136 527 fore
1154 502 1165 535 3
1597 485 1668 530 460

308 577 400 602 nam
421 569 458 601 et
479 562 595 600 stulte
616 561 742 598 facere
763 564 801 596 et
821 558 938 595 stulte
959 553 1176 599 fabularier‚

307 636 527 677 utrumque,
552 623 785 670 Lesbonice,
808 622 847 660 in
867 628 995 660 aetate
1015 621 1093 658 hau
1114 619 1312 657 bonumst.

310 694 372 732 ST.
405 704 541 731 uerum
571 691 702 728 hercle
731 687 794 726 hic
825 686 929 727 dicit.
991 687 1061 723 LE.
1095 684 1254 723 oculum
1285 694 1358 732 ego
1387 679 1583 720 ecfodiam

1500 744 1584 793 tibi,

311 823 341 862 si
364 823 528 863 uerbum
548 819 759 860 addideris,
818 819 881 857 ST.
913 818 1043 856 hercle
1064 814 1132 866 qui
1151 814 1282 855 dicam
1302 820 1434 852 tamen
1450 826 1460 859 ,-

313 901 403 927 nam
423 888 454 926 si
475 887 530 926 sic
551 899 632 925 non
652 884 796 931 licebit,
819 885 950 922 luscus
969 882 1113 922 dixero.
1605 880 1670 926 465

314 956 388 992 PH.
420 953 473 991 ita
494 960 534 991 tu
555 964 661 990 nunc
682 949 791 997 dicis,
813 962 895 987 non
916 961 1000 987 esse
1020 944 1321 996 aequiperabilis

314 1027 465 1059 uostras
485 1031 575 1057 cum
597 1016 739 1056 nostris
761 1015 950 1054 factiones
972 1021 1090 1064 atque
1112 1013 1240 1062 opes?

315 1087 385 1124 LE.
418 1084 519 1124 dico.
579 1084 654 1121 PH.
686 1081 782 1132 quid
812 1082 948 1119 nunc?
979 1079 1009 1118 si
1037 1078 1076 1117 in
1108 1078 1248 1117 aedem
1279 1076 1329 1115 ad
1359 1087 1498 1115 cenam
1527 1085 1590 1111 ue-

1488 1137 1590 1177 neris

318 1226 437 1268 atque
456 1215 511 1255 ibi
531 1216 742 1266 opulentus
763 1212 831 1252 tibi
854 1226 922 1263 par
943 1213 1041 1250 forte
1062 1208 1268 1249 obuenerit

321 1281 519 1333 (adposita
540 1293 637 1319 cena
659 1279 706 1317 sit
729 1279 958 1329 popularem
981 1289 1101 1327 quam
1122 1275 1301 1324 uocant),
1611 1281 1681 1317 470

323 1348 354 1387 si
374 1347 428 1386 illi
449 1353 659 1396 congestae
680 1344 755 1383 sint
776 1344 915 1393 epulae
935 1356 958 1380 a
978 1340 1201 1380 cluentibus
1219 1355 1225 1378 :
1633 1334 1636 1338 ’

321 1413 352 1452 si
373 1412 469 1464 quid
489 1411 561 1450 tibi
581 1411 733 1460 placeat
754 1409 862 1459 quod
883 1407 937 1445 illi
957 1413 1189 1457 congestum
1210 1405 1293 1452 siet,

321 1478 457 1518 edisne
477 1490 527 1516 an
548 1476 753 1514 incenatus
774 1487 864 1512 cum
886 1474 1076 1523 opulento
1096 1471 1297 1510 accubes?

322 1546 392 1590 LE.
425 1542 543 1588 edim,
566 1540 641 1579 nisi
661 1539 692 1578 si
714 1539 778 1578 ille
799 1546 917 1577 uotet.
979 1539 1040 1576 ST.
1073 1544 1113 1575 at
1132 1538 1199 1587 pol
1220 1549 1293 1587 ego
1313 1534 1385 1575 etsi
1405 1541 1514 1574 notet

322 1609 428 1649 edim
448 1615 567 1657 atque
587 1605 781 1645 ambabus
804 1603 915 1642 malis
936 1602 1099 1653 expletis
1119 1615 1268 1648 uorem,
1616 1611 1682 1647 475

323 1683 360 1714 et
381 1674 490 1725 quod
510 1671 565 1711 illi
586 1673 738 1722 placeat
760 1669 991 1720 praeripiam
1013 1667 1276 1718 potissumum

323 1753 452 1790 neque
473 1738 527 1777 illi
547 1737 766 1776 concedam
790 1735 1002 1786 quicquam
1024 1735 1074 1773 de
1095 1733 1176 1772 uita
1197 1746 1294 1771 mea.

325 1802 581 1844 uerecundari
602 1800 801 1840 neminem
824 1801 930 1850 apud
952 1812 1129 1838 mensam
1150 1800 1275 1844 decet,

326 1883 417 1909 nam
438 1868 493 1907 ibi
513 1869 563 1907 de
583 1866 728 1906 diuinis
749 1874 868 1915 atque
892 1864 1075 1904 humanis
1096 1863 1274 1902 cernitur.

327 1938 401 1974 PH.
434 1948 515 1973 rem
536 1933 719 1971 fabulare.
779 1934 845 1970 ST.
875 1945 956 1970 non
977 1930 1047 1969 tibi
1068 1929 1197 1969 dicam
1216 1929 1335 1968 dolo:
1617 1929 1687 1972 480

328 2001 520 2040 decedam
542 2012 614 2050 ego
634 1998 688 2036 illi
709 1999 759 2037 de
780 1997 854 2044 uia,
878 1998 928 2036 de
949 1995 1098 2042 semita,

329 2068 379 2106 de
399 2067 548 2104 honore
570 2064 705 2115 populi
726 2078 733 2110 3
765 2076 900 2101 uerum
923 2063 1030 2112 quod
1052 2062 1102 2099 ad
1124 2067 1300 2099 uentrem
1321 2058 1470 2103 attinet,

319 2172 384 2211 456
407 2170 626 2201 ferentarium
649 2167 694 2204 A,
716 2171 853 2198 testatur
877 2166 972 2196 Wrrro
994 2165 1032 2195 de
1052 2164 1091 2196 L.
1114 2164 1154 2195 L.
1181 2175 1208 2203 7,
1232 2174 1295 2203 57:
1322 2163 1554 2194 serentaneum
1576 2160 1609 2190 P

277 2216 420 2248 amicum
437 2224 513 2245 esse
530 2213 562 2243 A
697 2221 758 2250 457
784 2210 862 2240 abin
879 2210 964 2240 dier.
982 2209 1031 2239 vel
1043 2208 1096 2239 abi
1113 2209 1190 2239 hinc
1204 2208 1234 2238 d.
1251 2207 1387 2238 Palmer
1471 2205 1605 2236 derecte

279 2259 311 2290 P
407 2258 497 2289 uotis
513 2257 546 2288 P
561 2256 637 2296 (pro
654 2259 719 2286 -tes
731 2256 756 2293 2)
899 2254 962 2292 463
987 2252 1060 2283 dico
1073 2251 1105 2282 A
1251 2252 1313 2290 464
1337 2250 1394 2289 qui
1411 2248 1605 2280 Fleckeisen:

280 2303 359 2343 quid
374 2301 427 2334 P:
453 2301 533 2341 quin
557 2300 590 2330 A
747 2299 812 2336 466
835 2307 922 2328 nunc
954 2300 989 2326 tu
1014 2296 1048 2326 A
1075 2294 1170 2335 (ordo
1194 2293 1389 2334 inusitatus)
1543 2292 1606 2330 467

280 2356 365 2386 opus
395 2346 427 2375 A
575 2344 640 2383 469
673 2339 868 2380 obuenerit]
896 2345 931 2371 ut
957 2339 1089 2370 uenerit
1124 2338 1157 2369 P
1293 2347 1358 2376 470
1380 2337 1424 2368 sit
1456 2345 1540 2366 cena
1580 2335 1613 2365 P

282 2401 344 2429 472
369 2388 444 2429 tibi]
469 2387 514 2419 illi
540 2386 572 2417 P
701 2396 760 2425 474
783 2385 852 2416 edit
876 2384 909 2415 P
995 2383 1085 2414 uolet
1109 2382 1141 2412 A
1233 2381 1362 2412 etiamsi
1387 2378 1420 2410 P
1547 2388 1608 2418 475

283 2434 388 2473 magis
407 2434 436 2463 A

969 2513 990 2523 A
