1731 2713
744 94 920 132 PERSA
1447 88 1492 124 V.
1514 86 1544 122 ii

173 213 271 251 soret
291 219 329 251 et
350 224 439 250 meo
459 208 665 260 praesidio,
684 207 748 246 hic
769 208 911 245 faceret
933 213 970 243 te
987 203 1230 254 prostibilem
1251 201 1492 252 propediem.

167 273 242 315 ‘sed
263 276 315 314 ita
336 289 422 325 pars
443 273 711 313 libertinorum
735 280 792 310 est
810 286 816 308 z
847 269 919 308 nisi
942 277 1107 319 patrono
1128 267 1193 316 qui
1215 268 1474 310 aduorsatust,

172 354 246 380 nec
266 341 348 379 sati'
369 340 466 378 liber
486 339 559 377 sibi
580 338 736 376 uidetur
757 350 828 375 nec
850 335 932 373 sati*
953 334 1051 383 frugi
1073 346 1145 371 nec
1170 341 1226 370 sat
1247 334 1447 377 honestus,

86 411 154 453 840
173 407 213 444 ni
232 406 272 444 id
293 405 441 451 ecfecit,
464 405 504 442 ni
525 403 559 442 ei
582 404 681 441 male
703 402 808 448 dixit,
833 401 871 439 ni
892 408 1000 451 grato
1022 399 1192 448 ingratus
1214 405 1414 447 repertust.

173 472 242 509 LE.
275 472 339 520 pol
361 471 462 508 bene
483 471 583 507 facta
604 477 670 506 tua
691 482 753 506 me
770 468 973 505 hortantur
994 473 1062 502 tuo
1084 471 1124 501 ut
1146 462 1308 513 imperio
1326 474 1492 511 paream.
1515 463 1554 505 65

170 537 244 574 To.
276 548 349 586 ego
373 548 460 573 sum
487 533 559 572 tibi
585 541 772 584 patronus
800 533 916 582 plane
937 530 1003 580 qui
1031 528 1122 566 huic
1143 541 1213 578 pro
1234 536 1270 565 te
1291 535 1494 576 argentum

1388 591 1492 630 dedi.

226 681 243 701 *
265 665 448 720 graphice
482 666 588 703 hunc
620 665 712 702 uolo
742 661 942 701 ludificari.
1015 662 1084 698 LE.
1117 673 1206 698 meo
1236 672 1308 708 ego
1338 657 1376 695 in
1407 659 1495 694 loco

1176 725 1314 763 sedulo
1335 721 1493 761 curabo.

224 798 302 835 Do.
333 804 439 834 certo
468 794 522 833 illi
553 794 733 833 homines
763 792 859 831 mihi
889 790 1121 841 nescioquid
1151 789 1241 828 mali
1271 789 1494 833 consulunt,

813 859 922 907 quod
945 857 1098 895 faciant.
1157 857 1248 894 SAG.
1282 855 1378 891 heus
1400 854 1494 890 uos!

82 928 147 973 845
222 928 296 966 To.
329 926 425 977 quid
459 925 544 964 ais?
601 925 692 963 SAG.
726 923 831 962 hicin
868 923 1066 960 Dordalus
1101 928 1158 959 est
1196 921 1287 957 leno
1326 917 1392 968 qui
1431 917 1495 955 hic

921 987 1061 1025 liberas
1082 984 1250 1034 uirgines
1272 983 1495 1021 mercatur?

222 1056 389 1095 hicinest
419 1055 486 1106 qui
520 1055 592 1093 fuit
626 1054 829 1104 quondam
864 1052 1001 1091 fortis?
1060 1052 1136 1088 Do.
1169 1062 1270 1099 quae
1304 1049 1401 1086 haec
1435 1060 1494 1085 res
1518 1059 1556 1091 70

938 1118 1024 1155 est?
1054 1115 1088 1154 ei
1106 1119 1112 1153 l
1143 1115 1312 1164 colapho
1334 1126 1395 1151 me
1416 1111 1492 1150 icit.

225 1188 372 1226 malurn
389 1186 503 1225 uobis
520 1186 637 1224 dabo.
686 1187 765 1223 ΤΟ.»
783 1192 822 1222 at
843 1183 913 1221 tibi
934 1196 1006 1220 nos
1028 1180 1211 1219 dedimus
1232 1178 1495 1227 dabimusque

791 1248 920 1287 etiam.
982 1249 1059 1285 DO.
1092 1246 1150 1284 ei!
1181 1244 1281 1283 natis
1303 1243 1490 1294 peruellit.

223 1318 294 1355 ΡΑ.
324 1316 438 1355 licet:
477 1315 554 1354 iam
580 1315 647 1354 diu
675 1327 792 1364 saepe
819 1320 909 1351 sunt
935 1319 1164 1362 expunctae.
1225 1311 1301 1347 DO.
1334 1310 1493 1358 loquere

956 1385 997 1415 tu
1018 1376 1146 1423 etiarn,
1170 1377 1334 1413 frustum
1356 1373 1494 1424 pueri?

330 1448 400 1484 LE.
433 1454 598 1497 patrone
619 1444 683 1492 mi,
706 1444 717 1482 i
738 1444 851 1490 intro,
875 1442 1032 1490 amabo,
1061 1442 1110 1479 ad
1132 1453 1283 1479 cenam.

82 1516 151 1562 850
386 1514 462 1550 Do.
495 1525 582 1549 mea
604 1509 778 1560 Ignauia,
802 1517 843 1546 tu
864 1521 970 1545 nunc
992 1520 1054 1545 me
1075 1506 1250 1544 inrides?

168 1578 239 1615 LE.
272 1576 416 1628 quiane
437 1584 474 1614 te
495 1588 607 1621 uoco,
631 1575 733 1613 bene
754 1581 796 1612 ut
816 1572 887 1611 tibi
908 1572 985 1611 sit?
1043 1574 1119 1609 Do.
1152 1571 1245 1608 nolo
1268 1568 1363 1607 mihi
1390 1569 1492 1607 bene
1513 1575 1552 1610 75

1103 1649 1199 1674 esse.
1259 1637 1329 1672 LE.
1362 1648 1411 1672 ne
1432 1633 1490 1671 sit.

167 1709 242 1746 ΤΟ.
274 1707 370 1757 quid
399 1706 542 1757 igitur?
575 1704 743 1744 sescenti
772 1703 924 1742 nummi
955 1702 1051 1752 quid
1080 1709 1211 1751 agunt,
1234 1713 1331 1750 quas
1361 1699 1493 1737 turbas

1313 1766 1464 1803 danunt
1478 1766 1495 1802 ?

169 1838 246 1876 Do.
279 1838 380 1876 male
400 1835 559 1887 disperii
576 1839 582 1874 !
612 1835 740 1874 sciunt
761 1836 900 1873 referre
921 1833 1044 1883 probe
1064 1830 1225 1869 inimico
1245 1829 1417 1880 gratiam.

543 1903 635 1940 SAG.
667 1900 750 1938 sati’
771 1898 1001 1949 sumpsimu’
1023 1896 1190 1947 supplici
1211 1896 1299 1934 iam.

79 1974 144 2020 855
544 1967 620 2004 Do.
652 1965 785 2011 fateor,
810 1977 948 2001 manus
969 1964 1022 2001 do
1044 1962 1169 2000 uobis.

208 2072 271 2110 837
296 2070 492 2110 cropediem
517 2068 582 2100 cod.
735 2068 801 2106 840
824 2065 874 2106 id]
901 2067 932 2096 ei
955 2066 1058 2096 Bothe
1191 2066 1254 2104 843
1281 2077 1298 2093 κ
1316 2063 1493 2104 graphice]

165 2115 240 2145 hice
253 2118 330 2155 post
344 2114 489 2154 spatium
506 2112 602 2142 PBC:
628 2111 851 2151 pergraphice
869 2109 1028 2150 Spengel:
1055 2119 1142 2139 nunc
1160 2108 1223 2149 (vel
1237 2108 1316 2147 age)
1331 2108 1494 2147 graphice

165 2157 304 2188 Mueller
454 2157 516 2194 844
540 2156 631 2194 quod
662 2154 742 2185 Ald.
762 2166 768 2184 :
802 2154 883 2192 quid
909 2153 975 2184 coll.
1090 2153 1176 2183 heus
1200 2152 1278 2183 Ald.
1303 2163 1310 2183 :
1334 2153 1400 2182 heu
1423 2151 1489 2182 cod.

165 2202 229 2241 845
252 2201 325 2240 agis
341 2199 407 2231 cod.
429 2202 439 2222 ἴ
443 2210 520 2231 corr.
541 2199 632 2231 PCD)
736 2197 826 2228 hicin
844 2197 972 2227 Sclzoell
983 2208 990 2227 :
1015 2196 1070 2226 hic
1101 2197 1129 2226 si
1157 2206 1199 2226 ne
1223 2195 1288 2227 cod.
1429 2196 1494 2232 846

167 2245 230 2277 col.
250 2255 303 2275 me
321 2242 529 2274 Lambinus:
552 2241 729 2280 colaphum
746 2240 812 2271 cod.
932 2241 994 2279 847
1020 2239 1176 2280 percellit
1195 2239 1317 2279 Ussing
1429 2239 1493 2276 848

167 2289 242 2318 dius
258 2287 324 2318 cod.
402 2292 482 2317 sunt
497 2295 599 2324 saepe
616 2284 752 2323 Ritschl,
771 2284 824 2315 cui
836 2293 939 2323 saepe
955 2288 1034 2314 sunt
1052 2284 1116 2322 (vel
1129 2284 1222 2322 saep’
1241 2283 1337 2321 sunt)
1354 2281 1495 2322 desplt'cet

167 2333 232 2370 852
255 2330 336 2371 To.]
354 2330 404 2361 vel
419 2330 500 2360 SAG.
571 2333 672 2359 acunt
689 2327 756 2360 cod.
863 2329 925 2366 854
951 2327 1051 2362 Sim]
1070 2328 1118 2357 vel
1132 2327 1194 2357 To.
1267 2327 1330 2356 iam
1348 2325 1492 2365 supplici

168 2375 278 2413 Bothe,
300 2377 336 2404 ut
350 2375 473 2414 integer
485 2373 620 2404 dimeter
624 2373 692 2411 fiat
821 2372 884 2409 855
909 2382 940 2402 u.
960 2371 990 2402 d.
1008 2371 1076 2402 cod.
1097 2374 1220 2401 'contra
1238 2372 1400 2409 metrum)
