1731 2713
581 137 981 176 MOSTELLARIA
1366 134 1440 169 III.
1463 133 1492 168 ii

0 261 101 297 744-5
125 265 174 289 ne
204 249 393 288 indicium
424 262 490 287 ero
520 247 637 286 facias
668 261 767 285 meo.
827 248 879 284 S1.
913 260 934 284 e
971 259 1042 291 me,
1075 258 1124 283 ne
1154 243 1250 293 quid
1281 250 1441 289 metuas,
1465 256 1506 288 55

32 705 100 742 750

10 1066 95 1122 '755

30 1404 99 1447 760

1219 307 1314 344 nihil
1336 306 1442 344 sciet.

123 381 199 417 TR.
231 386 404 429 patrone,
429 379 546 416 salue.
608 379 660 415 51.
694 376 747 414 nil
771 388 899 413 moror
922 374 973 412 mi
996 372 1217 412 istiusmodi
1239 372 1411 409 clientes.

174 503 250 539 ΤΚ.
283 513 388 538 nunc
409 501 484 537 hoc
506 499 614 548 quod
635 499 685 536 ad
708 506 744 535 te
766 504 897 535 noster
918 510 981 534 me
1003 494 1106 533 misit
1127 508 1299 533 senex—-

174 568 226 604 S1.
260 566 335 603 hoc
358 564 452 602 mihi
474 564 669 614 responde
690 562 859 612 primum
881 562 989 610 quod
1011 574 1082 610 ego
1104 568 1141 597 te
1161 572 1256 608 rogo
1275 574 1281 596 :

174 631 250 669 iam
272 632 321 669 de
344 629 424 667 istis
446 630 560 667 rebus
582 636 714 666 uoster
734 626 829 676 quid
851 625 971 664 sensit
992 627 1139 663 senex?

173 697 249 733 ΤΚ.
283 695 335 732 nil
357 694 580 744 quicquam.
642 694 695 730 S1.
728 691 922 740 numquid
944 688 1189 739 increpitauit
1210 688 1364 726 filium?
1464 693 1506 724 60

174 761 251 798 TR.
283 767 361 797 tam
383 758 573 809 liquidust
595 770 713 807 quam
737 755 887 805 liquida
907 768 991 794 esse
1013 761 1225 803 tempestas
1246 754 1355 791 solet.

172 837 278 862 nunc
299 831 336 862 te
357 825 432 861 hoc
454 836 562 861 orare
584 821 693 860 iussit
714 834 832 870 opere
853 832 1048 866 maxumo,

172 897 214 927 ut
235 888 308 927 sibi
329 888 462 926 liceret
483 887 675 937 inspicere
697 887 814 924 hasce
834 885 943 923 aedis
964 892 1061 922 tuas.

172 955 226 992 St.
263 967 342 992 non
383 960 472 991 sunt
512 953 681 990 uenales.
742 952 817 988 TR.
856 949 937 988 scio
979 948 1165 999 equidem
1204 947 1315 986 istuc.
1374 950 1443 986 sed

1325 1027 1443 1052 senex

171 1086 411 1123 gynaeceum
432 1071 638 1110 aedificare
659 1071 741 1108 uolt
762 1069 826 1108 hic
847 1069 885 1107 in
907 1069 986 1107 suis
1463 1075 1503 1117 65

171 1146 209 1176 et
230 1137 403 1176 balineas
424 1144 462 1175 et
481 1137 753 1179 ambulacrum
774 1142 812 1173 et
832 1134 1036 1184 porticum.

171 1203 224 1240 S1.
257 1202 353 1252 quid
374 1215 465 1252 ergo
486 1200 728 1239 somniauit?
783 1202 861 1237 TR.
893 1213 966 1249 ego
987 1199 1116 1238 dicam
1139 1197 1219 1237 tibi.

170 1269 264 1306 dare
284 1269 366 1305 uolt
388 1280 548 1305 uxorem
569 1265 650 1304 filio
671 1272 863 1315 quantum
884 1272 1023 1315 potest,

169 1333 220 1371 ad
241 1345 327 1370 eam
348 1345 428 1370 rem
450 1333 575 1369 facere
595 1332 678 1369 uolt
699 1343 846 1368 nouom
867 1343 1119 1380 gynaeceum.

171 1411 262 1435 nam
283 1396 356 1435 sibi
377 1396 598 1434 laudauisse
619 1398 736 1434 hasce
756 1396 809 1433 ait
828 1395 1136 1433 architectonem
1467 1407 1506 1440 70

171 1461 427 1512 nescioquem
447 1461 719 1499 exaedificatas
740 1460 922 1498 insanum
944 1461 1068 1508 bene3

170 1541 277 1565 nunc
297 1527 389 1565 hinc
409 1527 632 1576 exemplum
654 1539 793 1576 capere
813 1527 907 1573 uolt,
930 1525 1003 1564 nisi
1024 1533 1064 1563 tu
1086 1525 1209 1564 neuis.

170 1606 261 1630 nam
282 1592 346 1631 ille
368 1605 415 1630 eo
438 1591 584 1630 maiore
605 1591 697 1629 hinc
718 1604 837 1641 opere
857 1604 903 1629 ex
924 1598 961 1629 te
982 1593 1204 1641 exemplum
1226 1590 1334 1640 petit,

170 1657 262 1708 quia
282 1657 343 1696 isti
365 1657 545 1695 umbram
565 1664 712 1695 aestate
733 1656 804 1694 tibi
824 1669 909 1694 esse
929 1655 1080 1694 audiuit
1100 1656 1317 1705 perbonam

170 1723 244 1760 sub
264 1722 359 1761 cliuo
379 1721 579 1760 columine
600 1735 724 1771 usque
743 1728 975 1771 perpetuom
997 1720 1112 1759 diem.
1244 1740 1252 1744 -
1467 1731 1504 1764 75

169 1788 225 1826 S1.
255 1787 378 1825 immo
412 1788 554 1837 edepol
593 1800 697 1833 uero,
730 1799 852 1836 quom
886 1799 1170 1836 usquequaque
1204 1785 1343 1824 umbra
1372 1794 1440 1834 est,

1311 1858 1443 1889 tamen

170 1918 229 1955 sol
249 1930 403 1967 semper
423 1916 487 1955 hic
508 1923 566 1955 est
586 1929 711 1966 usque
727 1929 750 1953 a
771 1914 877 1954 mani
896 1916 948 1954 ad
968 1928 1176 1965 uesperum
1194 1930 1201 1953 ε

161 2034 233 2063 744,
255 2034 316 2063 745
341 2025 424 2055 sciat
457 2021 521 2055 cod.
544 2024 636 2063 (corr.
663 2021 728 2063 ΒΞ)
828 2032 889 2061 747
915 2021 1058 2063 me[me]
1086 2021 1147 2052 mis
1175 2021 1240 2051 cod.
1261 2021 1355 2060 (corr.
1375 2020 1442 2060 132)

118 2076 180 2106 750
197 2067 293 2109 num]
308 2078 409 2098 unum
421 2067 485 2098 cod.
502 2070 554 2108 <u-
569 2072 630 2107 pro
641 2069 902 2105 notapersoncze;
923 2066 959 2105 cf
976 2065 1023 2095 ad
1034 2067 1112 2105 719)
1202 2065 1390 2104 inei-epauit
1413 2065 1446 2095 B

1342 2117 1359 2134 O

117 2154 178 2184 757
203 2145 283 2184 quid
300 2154 382 2184 ergo
400 2143 581 2175 somniauit
598 2142 662 2173 Leo
679 2154 686 2173 :
709 2142 788 2182 quid
806 2142 1051 2173 consomniauit
1069 2142 1133 2173 rod.
1157 2144 1250 2181 (con-
1262 2146 1325 2182 pro
1340 2152 1373 2181 g,
1392 2142 1443 2173 ie.

117 2189 215 2227 ergo)
305 2198 367 2227 759
392 2187 508 2218 accedit
522 2187 554 2217 A
659 2187 722 2225 760
745 2187 901 2217 laudasse
913 2186 945 2216 P
1011 2187 1054 2220 (ai
1075 2191 1087 2224 ζ
1103 2186 1163 2224 has
1176 2185 1209 2214 A
1302 2187 1361 2224 761
1388 2195 1441 2216 ex.

120 2229 230 2272 [esse]
244 2230 277 2261 A
292 2242 299 2263 ε
325 2241 399 2261 esse
414 2234 493 2266 (om.
508 2230 599 2267 PCD)
613 2230 810 2260 aedificatas
823 2229 874 2260 P:
898 2240 975 2261 corr.
996 2228 1211 2260 Studemund
1287 2229 1347 2259 has
1364 2239 1445 2259 sane

117 2273 203 2305 bene
220 2273 254 2304 P
382 2275 488 2314 763-5
512 2274 631 2303 lacuna
647 2273 680 2303 in
699 2273 753 2304 ΡΑ
771 2273 822 2312 (cf.
843 2284 893 2304 vv.
913 2276 1033 2312 742—3l
1173 2273 1234 2311 763
1259 2273 1343 2302 malo
1361 2273 1441 2313 (om.

117 2327 155 2348 re
177 2318 270 2357 hinc)
290 2327 394 2358 opere
409 2318 442 2348 P
593 2318 655 2356 764
679 2315 757 2355 quia
781 2317 834 2347 hic
853 2319 931 2356 (om.
952 2327 983 2348 u.
1003 2316 1099 2357 aud.)
1118 2326 1194 2346 esse
1217 2321 1346 2346 aestate
1369 2326 1444 2355 per-

117 2361 239 2392 bonam
256 2361 288 2392 P
394 2362 456 2400 765
480 2359 600 2391 subdiu
620 2362 699 2400 (pro
716 2360 770 2390 dio
781 2361 807 2399 2)
825 2359 864 2398 P,
885 2359 917 2389 Α
938 2371 969 2390 n.
988 2360 1006 2391 l.
1022 2370 1029 2389 ε
1054 2360 1115 2390 sub
1132 2360 1215 2389 sudo
1232 2358 1448 2390 Studemzmd

119 2404 173 2445 (ex
185 2404 250 2445 A),
268 2404 381 2434 Funck
398 2404 514 2445 (Arch.
533 2404 607 2434 Lat.
629 2403 704 2434 Lex.
721 2413 770 2443 10,
788 2403 968 2443 344)‚sort.
990 2406 1063 2434 recte
1151 2402 1217 2434 col·
1235 2411 1312 2442 gom.
1329 2403 1444 2434 umine

118 2449 238 2489 usque)
256 2447 290 2478 P
419 2448 482 2487 766
505 2458 542 2487 es
556 2447 590 2477 A
726 2448 786 2486 767
812 2447 876 2478 huc
898 2454 980 2488 (om.
1001 2446 1116 2487 est)A
