1783 2707
129 122 183 160 ΙΙ.

146 242 186 275 55

145 691 188 724 60

145 1738 186 1773 70

204 121 250 158 iii
622 120 667 156 T.
702 118 882 155 MACCI
914 117 1117 154 PLAVTI

208 231 269 268 Sc.
302 243 374 268 uae
395 228 511 279 capiti
533 231 624 267 tuo!
667 230 734 265 ΡΛ.
767 225 870 277 (tuo)
891 225 1002 272 istuc,
1027 225 1220 270 Sceledre,
1243 222 1430 274 promitto
1451 224 1532 262 fore

206 294 279 332 nisi
301 296 436 333 oculos
458 293 755 341 orationemque
776 291 891 329 aliam
914 297 1133 328 commutas
1155 288 1236 341 tibi.

206 361 276 399 sed
303 361 403 398 fores
430 359 741 408 concrepuerunt
771 363 936 393 nostrae.
998 358 1058 392 SC.
1091 361 1129 392 at
1155 366 1226 403 ego
1254 353 1343 391 ilico
1364 366 1532 403 opseruo

1406 419 1507 456 fores
1523 432 1532 465 5

206 504 295 529 nam
318 489 413 527 nihil
435 496 491 527 est
514 501 590 537 qua
611 486 702 524 hinc
725 487 801 523 huc
822 483 984 522 transire
1000 497 1045 521 ea
1061 483 1184 533 possit
1205 482 1278 520 nisi
1296 490 1401 521 recto
1418 482 1528 521 ostio.

207 557 274 593 ΡΑ.
308 554 402 604 quin
441 552 550 591 domi
589 564 723 590 eccam
742 553 747 588 ἓ
792 548 1030 598 nescioquae
1070 556 1118 595 te,
1157 548 1349 593 Sceledre,
1387 549 1532 585 scelera
1552 560 1620 595 330

1331 612 1529 650 suscitant.

208 688 268 724 SC.
303 684 397 722 mihi
419 697 491 733 ego
512 682 644 729 uideo,
665 680 759 718 mibi
786 693 858 730 ego
880 678 1000 730 sapio,
1022 677 1154 730 (mihi)
1174 691 1246 728 ego
1267 679 1384 716 credo
1405 678 1532 727 pluru-

1399 756 1505 780 mum
1525 758 1531 781 :

206 815 267 854 me
289 816 410 852 homo
432 826 549 852 nemo
571 811 781 851 deterrebit
804 811 898 861 quin
921 824 966 849 ea
988 809 1035 847 sit
1056 809 1095 847 in
1117 809 1176 847 his
1198 808 1373 847 aedibus.

205 880 267 918 hic
288 879 488 930 opsistam,
512 890 561 916 ne
582 875 809 927 imprudenti
831 877 908 913 huc
930 888 975 913 ea
996 887 1036 912 se
1058 872 1253 923 Subrepsit
1275 872 1382 911 mihi.

206 948 274 984 ΡΑ.
316 958 426 983 meus
468 943 545 981 illic
584 943 705 980 homo
740 948 808 986 est,
846 939 1067 978 deturbabo
1106 938 1183 976 iam
1223 951 1295 988 ego
1334 938 1442 975 illum
1482 938 1533 975 de

1287 1002 1530 1053 pugnaculis.

205 1076 272 1114 uin
293 1075 369 1113 iam
392 1074 531 1112 faciam
554 1072 609 1110 uti
631 1070 877 1110 stultiuidum
900 1077 937 1107 te
959 1070 1131 1107 fateare?
1187 1070 1248 1106 SC.
1282 1068 1351 1117 age
1373 1068 1466 1105 face.
1552 1080 1616 1116 335

167 1144 274 1186 ῙΡΑ.
308 1154 437 1190 neque
472 1147 509 1177 te
544 1138 756 1188 quicquam
793 1149 927 1185 sapere
966 1135 1085 1172 corde
1124 1147 1252 1183 neque
1291 1132 1414 1175 oculis
1450 1132 1533 1170 uti?

1333 1200 1394 1235 Sc.
1428 1199 1530 1235 uolo.

205 1274 273 1310 ΡΑ.
308 1272 436 1320 nemp'
459 1278 499 1308 tu
521 1268 606 1307 istic
628 1267 682 1306 ais
708 1280 793 1305 esse
815 1266 948 1305 erilem
969 1263 1264 1303 concubinam?
1321 1264 1381 1300 SC.
1414 1270 1532 1312 atque

1411 1340 1531 1376 arguo

204 1415 291 1441 eam
314 1415 375 1439 me
396 1400 542 1439 uidisse
565 1399 808 1437 osculantem
832 1395 895 1433 hic
916 1394 1020 1432 intus
1042 1407 1132 1431 cum
1153 1393 1282 1431 alieno
1303 1392 1398 1431 uiro.

206 1469 273 1505 ΡΑ.
307 1466 389 1504 scin
420 1474 460 1504 tu
491 1466 643 1503 nullum
675 1468 941 1501 commeatum
972 1461 1064 1497 hinc
1099 1472 1183 1497 esse
1213 1472 1234 1496 a
1264 1458 1411 1496 nobis?
1468 1459 1530 1496 Sc.

1439 1522 1530 1560 scio.

207 1600 275 1636 ΡΑ.
307 1610 436 1647 neque
468 1595 652 1634 solarium
689 1607 817 1643 neque
852 1593 1009 1630 hortum
1050 1589 1122 1628 nisi
1162 1602 1230 1640 per
1268 1587 1622 1638 impluuium?340

1345 1655 1407 1691 SC.
1439 1652 1530 1691 Scio.

207 1730 274 1766 ΡΛ.
308 1727 403 1777 quid
433 1728 569 1765 nunc?
607 1725 637 1763 si
669 1739 713 1764 ea
743 1723 899 1769 domist,
932 1722 962 1760 si
992 1720 1093 1759 facio
1123 1727 1164 1758 ut
1195 1733 1279 1758 eam
1312 1717 1413 1756 exire
1442 1717 1534 1755 hinc

1243 1784 1378 1822 uideas
1399 1784 1535 1829 domo,

205 1857 354 1908 dignun
376 1871 416 1896 es
438 1856 665 1896 uerberibus
689 1855 850 1894 multis?
907 1855 968 1892 Sc.
1002 1851 1154 1900 dignus.
1216 1851 1282 1886 ΡΑ.
1316 1861 1427 1886 serua
1444 1847 1535 1885 istas

1421 1914 1531 1961 fores,

250 2029 316 2066 326
333 2033 388 2057 tuo
406 2026 481 2057 add.
505 2026 717 2056 Camerarius
823 2034 884 2063 327
903 2023 968 2054 alia
987 2020 1123 2052 Gniems
1233 2018 1296 2056 328
1322 2017 1396 2046 ilico
1411 2015 1471 2057 (Β)
1489 2016 1537 2046 vel

208 2072 251 2102 ila
278 2070 381 2110 (PCD)
409 2070 476 2101 cod.
506 2070 596 2108 (illas
626 2069 691 2110 B2)
783 2068 928 2098 obseruo
957 2065 1054 2096 Ital.:
1083 2062 1217 2092 obserui
1247 2061 1326 2101 (-uis
1351 2060 1438 2100 PCD)
1468 2059 1531 2090 cod.

208 2125 273 2154 329
296 2115 372 2144 hinc
388 2113 461 2144 Ilal.
480 2125 486 2143 :
509 2114 562 2143 hic
580 2112 645 2144 cod.
739 2121 804 2151 330
827 2111 918 2150 Quin
932 2108 1060 2139 Merula
1077 2118 1083 2137 :
1101 2106 1209 2144 Quem
1221 2104 1284 2135 cod.
1304 2103 1533 2144 <proQ11ei113)

207 2168 295 2197 quae
320 2157 556 2188 Camerarius:
581 2156 649 2197 sut]
671 2166 736 2195 que
757 2155 822 2186 cod.
850 2154 900 2193 (cf.
924 2157 1003 2193 245)
1095 2150 1234 2179 suscitat
1260 2147 1322 2178 cod.
1352 2149 1443 2185 (corr.
1468 2146 1535 2179 ΒΕ)

209 2212 267 2241 331
296 2201 375 2231 mihi
393 2200 469 2232 add.
487 2200 628 2240 Hylades
725 2209 788 2238 332
813 2199 862 2229 vel
877 2198 952 2228 med
1029 2192 1214 2225 deterrebit
1229 2192 1325 2221 Klotz
1341 2202 1348 2221 ε
1368 2189 1534 2220 detereuti

209 2245 274 2276 cod.
296 2245 351 2283 (-ti
366 2249 426 2284 pro
446 2244 503 2281 -it)
594 2245 637 2274 sit
651 2253 691 2273 ea
716 2242 860 2279 Mueller,
884 2251 964 2272 nam
989 2239 1030 2270 sit
1055 2238 1086 2268 in
1110 2238 1162 2267 his
1185 2234 1297 2275 (dact.)
1320 2234 1480 2274 displicet:
1504 2233 1535 2262 in

210 2289 263 2320 his
281 2288 322 2319 sit
334 2287 589 2328 Niemcyersort.
609 2291 683 2317 recte
815 2295 878 2325 335
904 2285 970 2315 uim
990 2282 1057 2313 cod.
1150 2284 1181 2310 te
1199 2279 1245 2309 Β]
1264 2291 1270 2309 ;
1295 2282 1330 2308 ut
1350 2281 1427 2318 [om.
1445 2276 1533 2313 PCD)

210 2331 276 2364 cod.
365 2336 400 2362 ut
421 2332 481 2370 (ita
509 2330 596 2367 cod.)
626 2335 666 2361 st.
692 2340 769 2360 esse
792 2334 828 2360 tu
856 2333 935 2367 (om.
963 2327 1034 2358 alii)
1060 2330 1093 2355 tc
1116 2324 1136 2354 s.
1162 2323 1259 2354 Goetz
1400 2330 1461 2360 337
1488 2319 1536 2350 ais

211 2376 444 2407 Camerarius:
468 2384 505 2405 as
523 2374 589 2405 cod.
615 2373 666 2414 (cf
691 2374 770 2412 358)
870 2376 961 2402 esset
984 2369 1050 2400 cod.
1080 2371 1172 2407 (corr.
1192 2365 1251 2404 B2)
1395 2365 1458 2403 338
1484 2374 1536 2393 me

213 2419 446 2450 Camerarius:
474 2429 517 2448 ne
534 2417 601 2449 cod.
701 2417 842 2448 uidisset
870 2415 936 2446 cod.
1073 2421 1136 2450 339
1161 2414 1250 2441 esset
1274 2407 1337 2439 cod.
1360 2410 1451 2448 (corr.
1477 2406 1536 2446 ΒΩ)

207 2473 270 2502 ’34ι
300 2464 377 2494 hinc
394 2462 489 2493 exire
506 2461 570 2492 cod.
592 2473 598 2492 :
622 2461 692 2492 irai.
714 2460 887 2490 Acsdalius
976 2456 1065 2488 domi
1083 2454 1148 2485 cod.

1002 2522 1024 2533 l
