1783 2707
182 101 263 138 V.i
667 103 711 139 T.
747 101 926 140 MACCI
959 101 1161 138 PLAVTI

191 223 229 257 35
250 218 427 250 nostrum
453 224 525 262 ego
551 212 656 249 1111110
684 210 858 249 111011111111
888 210 1027 261 opinor
1054 223 1138 248 esse
1159 209 1362 248 hominem
1383 211 1574 249 audacem

1358 274 1395 314 et
1417 276 1573 313 malum.

248 343 324 380 TR.
357 342 552 392 quidum?
609 343 687 380 ΤΗ.
720 341 811 391 quia
850 349 964 391 negat
1004 340 1162 379 nouisse
1196 341 1400 379 uos—TR.
1434 340 1577 389 negat?

1207 407 1286 444 ΤΗ.
1318 418 1391 443 nec
1412 418 1483 443 uos
1504 403 1576 443 sibi

249 485 457 511 nummum
497 485 686 522 umquam
724 471 871 521 argenti
911 471 1078 510 dedisse.
1137 472 1213 509 TR.
1256 469 1333 517 abi,
1368 469 1470 508 hidis
1502 483 1579 517 me,
1601 475 1690 510 1080

1212 536 1331 574 credo
1352 536 1429 574 hau
1451 541 1577 586 negat.

252 605 330 641 TH.
355 602 450 654 quid
473 602 578 641 iam?
635 604 710 640 ΤΚ.
735 601 830 649 5010,
851 602 989 640 iocaris
1010 610 1050 640 tu
1073 614 1179 640 nunc
1199 599 1342 653 (istuc).
1404 614 1495 639 nam
1516 600 1580 638 ille

1172 665 1333 717 quidem
1354 666 1431 704 hau
1453 672 1578 716 negat.

253 736 330 772 TH.
364 734 487 773 immo
526 735 667 784 edepol
707 742 821 783 negat
860 734 1047 783 profecto,
1084 744 1213 782 neque
1248 745 1289 770 se
1322 732 1440 770 hasce
1473 730 1581 770 aedis

1365 796 1582 835 Philolachi

195 880 236 911 40
255 865 493 905 uendidisse.
566 868 640 904 TR.
674 865 750 903 elio
788 879 837 903 an
876 864 1033 915 negauit
1073 863 1146 903 sibi
1185 864 1322 903 datum
1365 869 1580 913 argentum,

1390 929 1583 979 opsecro?

253 999 331 1036 TH.
363 997 458 1048 quin
479 997 538 1035 ius
560 997 767 1035 iurandum
789 995 1002 1046 pollicitust
1023 996 1115 1033 dare
1136 1008 1188 1041 se,
1212 993 1242 1032 si
1264 995 1417 1041 uellem,
1442 992 1548 1040 mihi,

252 1075 381 1113 neque
403 1076 443 1101 se
464 1063 581 1101 hasce
602 1061 710 1100 aedis
732 1060 959 1100 uendidisse
976 1073 1105 1109 neque
1122 1059 1195 1098 sibi
1211 1067 1414 1110 argentum
1432 1060 1579 1098 datum.
1606 1065 1691 1108 1085

417 1140 434 1161 »κ
710 1141 726 1161 ss
1004 1140 1021 1160 >z<
1320 1123 1493 1177 (datum)
1512 1131 1581 1163 est.

253 1195 332 1233 TH.
364 1192 443 1233 dixi
464 1206 536 1244 ego
567 1193 666 1231 istuc
696 1192 801 1231 idem
832 1191 899 1231 illi.
956 1192 1032 1229 TR.
1065 1190 1161 1241 quid
1192 1190 1274 1229 ait?
1339 1191 1417 1227 ΤΗ.
1451 1203 1584 1228 seruos

1259 1254 1473 1305 pollicitust
1492 1256 1585 1294 dare

195 1339 235 1372 45
256 1339 347 1364 suos
369 1324 463 1363 1111111
485 1323 613 1363 omnis
635 1321 867 1374 quaestioni.
912 1324 988 1360 TR.
1012 1334 1133 1372 nugas
1151 1324 1158 1360 1
1203 1334 1419 1371 numquam
1441 1321 1583 1370 edepol

1461 1385 1581 1425 dabit.

254 1458 332 1495 ΤΗ.
365 1457 431 1495 dat
458 1456 644 1506 profecto.
704 1457 779 1493 ΤΗ.
813 1453 908 1504 quin
939 1457 952 1493 ’1
964 1461 1001 1492 et
1031 1452 1140 1491 illum
1170 1451 1209 1490 in
1240 1451 1298 1490 ius
1328 1451 1359 1490 si
1389 1451 1580 1492 ueniam†.

1343 1519 1422 1556 Tu.
1455 1530 1581 1556 mane.

255 1588 437 1639 experiar,
456 1596 497 1626 ut
519 1587 650 1638 opino.
702 1589 776 1625 ΤΚ.
801 1585 829 1638 <‘
843 1585 964 1636 opino
980 1586 987 1602 ³
1001 1583 1034 1637 Ρ)
1054 1592 1203 1623 certum
1225 1591 1293 1623 est.
1345 1582 1441 1622 mihi
1462 1582 1585 1623 homi·
1608 1598 1699 1634 1090

1359 1661 1450 1688 nem
1471 1649 1583 1688 cedo.

257 1721 335 1758 TH.
367 1718 463 1770 quid
491 1718 521 1757 si
550 1718 663 1769 igitur
684 1730 756 1768 ego
778 1729 974 1756 accersam
995 1714 1109 1768 (iam)
1138 1713 1349 1753 homines?
1404 1716 1479 1752 TR.
1513 1714 1587 1752 fac-
1609 1723 1697 1758 1093

1092 1788 1176 1819 tum
1197 1780 1274 1819 iam
1296 1793 1381 1820 esse
1401 1778 1584 1830 oportuit.

257 1852 320 1890 uel
341 1849 543 1890 hominem
564 1849 672 1888 aedis
694 1848 785 1888 iube
807 1846 1019 1898 mancupio
1041 1860 1214 1898 poscere.
1265 1847 1344 1883 ΤΗ.
1367 1845 1490 1884 11111110
1511 1845 1587 1884 11όο
1611 1855 1696 1892 1091

1289 1910 1459 1961 primum
1480 1911 1584 1957 uolo,

306 2024 386 2062 1078
411 2023 474 2053 huc
486 2022 552 2053 cod.
574 2022 665 2062 (corr.
686 2021 747 2058 ΒΖ)
840 2021 888 2053 vel
902 2021 1005 2062 opino
1099 2029 1181 2059 1079
1204 2018 1282 2058 quia
1301 2018 1420 2049 Bothe:
1447 2016 1501 2058 qui
1519 2015 1584 2048 cod.

258 2078 319 2099 uor
334 2066 400 2098 cod.
416 2068 506 2106 (corr.
527 2065 587 2106 ΒΞ)
682 2067 765 2098 1080
790 2076 946 2107 umquam
964 2063 1029 2096 3²:
1056 2073 1153 2104 quam
1171 2062 1236 2094 cod.
1254 2062 1312 2103 (iii.
1331 2063 1366 2101 3)
1433 2061 1586 2100 argentei

257 2110 324 2143 cod.
347 2111 498 2152 (antiqua
504 2109 639 2151 forma)
766 2111 844 2141 1081
872 2116 906 2141 tu
926 2118 1014 2140 nunc
1033 2109 1117 2139 istuc
1134 2105 1280 2138 Sclzoell:
1305 2109 1339 2136 tu
1360 2114 1446 2136 nunc
1465 2109 1500 2136 tu
1517 2103 1584 2137 cod.

260 2156 363 2193 (nunc
380 2159 415 2186 tu
434 2154 493 2195 13²)
639 2155 721 2194 1083
744 2154 808 2185 Tn.
823 2155 887 2185 eho
904 2152 958 2185 132:
977 2152 1080 2184 reeho
1089 2150 1155 2182 cod.
1251 2150 1331 2189 1084
1348 2148 1404 2189 qui
1415 2147 1480 2180 cod.
1549 2158 1586 2179 se

259 2199 285 2229 si
297 2199 387 2230 Ital.:
404 2198 461 2230 sisi
476 2197 543 2230 cod.
637 2200 720 2238 1085
747 2208 876 2229 versum
891 2195 1082 2228 intercidisse
1098 2194 1178 2226 vidit
1192 2192 1365 2225 Acidalins
1378 2204 1386 2232 ;
1411 2193 1470 2233 qui
1482 2191 1591 2223 exierit

259 2243 292 2273 in
318 2243 431 2274 datum
459 2247 511 2274 est
672 2244 752 2282 1087
779 2243 867 2273 idem
893 2251 957 2281 ego
990 2241 1074 2271 istuc
1102 2237 1300 2277 Niemoeller,
1329 2237 1449 2268 usitato
1479 2235 1588 2267 ordine

264 2288 345 2327 1089
357 2288 433 2329 fort
459 2288 541 2327 quin
560 2298 632 2327 ego,
649 2287 739 2318 illum
757 2288 849 2318 intus
874 2285 900 2316 si
926 2283 1141 2315 inueniam—
1276 2291 1359 2320 1090
1381 2279 1503 2320 opinor
1518 2277 1587 2309 cod.

260 2332 362 2370 opino
377 2334 451 2366 add.
466 2334 595 2366 Sclzoell
622 2342 703 2372 1093
728 2331 791 2362 iam
809 2329 885 2361 add.
900 2327 1026 2360 Schoell
1111 2335 1186 2357 esse
1198 2325 1262 2356 iam
1274 2323 1338 2356 cod.
1355 2335 1362 2356 2
1388 2323 1459 2355 trai.
1474 2322 1588 2354 Came-

262 2376 368 2406 rarius
519 2385 599 2415 1091
627 2375 702 2406 iube
726 2374 818 2405 aedis
844 2383 886 2404 m.
911 2370 1000 2402 cod.:
1037 2368 1102 2400 irai
1138 2367 1289 2400 Mueller:
1324 2367 1401 2397 iube
1430 2377 1471 2398 111.
1494 2365 1588 2397 aedis

261 2418 364 2450 Bothe
474 2420 666 2459 mancipare
688 2418 810 2458 Ussing
912 2416 975 2445 hoc
992 2424 1055 2443 om.
1074 2412 1147 2443 ΡΟ)

1002 2525 1025 2535 ι
