1783 2707
191 117 221 156 Ι.
242 116 287 155 iii
664 122 710 159 Τ.
744 121 923 162 MACCI
955 124 1159 161 PLAVTI

243 243 260 263 ,κ
321 243 338 263 22
399 246 417 266 »κ
477 245 494 265 ss
555 245 572 264 ἢκ
634 247 652 267 *
710 241 839 271 amata
877 247 988 282 sum;
1036 242 1155 284 atque
1192 233 1261 273 uni
1304 235 1426 274 modo
1466 235 1567 285 gessi
1587 245 1675 274 200ἐι

1393 314 1542 341 morem
1561 316 1568 340 :

175 377 216 409 45
239 361 306 410 qui
328 363 393 411 pol
415 376 487 409 me,
512 363 579 401 ubi
600 372 726 403 aetate
747 366 823 403 hoc
845 373 962 416 caput
983 368 1155 405 colorem
1178 366 1449 415 commutauit,

200 460 203 461 γ
239 425 394 476 reliquit
414 428 664 479 deseruitque
687 443 759 468 nie.
821 430 890 469 tibi
913 430 1017 469 idem
1039 433 1212 470 futurum
1234 433 1364 471 credo.

241 492 412 529 PHILOL.
445 492 508 530 uix
529 494 767 543 comprimor
787 495 882 545 quin
903 495 1077 535 inuolem
1099 497 1152 535 illi
1181 497 1220 535 in
1241 499 1377 536 oculos
1399 497 1570 536 stimula-

1471 563 1566 602 trici.

239 623 418 660 PHILEM.
453 625 575 662 solam
597 624 661 663 ille
683 639 745 664 me
765 626 836 663 soli
859 626 932 665 sibi
953 640 1026 666 suo
1045 626 1241 679 (sumptu)
1256 627 1459 667 liberauit:

238 686 291 724 illi
313 701 376 726 me
397 688 468 726 soli
490 702 632 728 censeo
653 704 738 729 esse
759 699 939 741 oportere
960 701 1259 743 opsequentem.
1587 710 1651 746 205

178 764 218 796 50
240 754 409 791 PHILOL.
444 767 513 803 pro
548 755 587 793 di
623 755 859 804 inmortales,
898 757 1101 797 mulierem
1141 759 1313 809 lepidam
1348 767 1386 798 et
1420 759 1567 809 pudico

1381 824 1540 875 ingenio
1560 828 1566 864 !

238 882 338 922 bene
360 885 488 923 hercle
510 887 655 924 factum
677 895 713 925 et
734 889 888 937 gaudeo
910 888 1005 926 mihi
1028 889 1123 927 nihil
1145 903 1230 928 esse
1251 890 1381 928 huiius
1402 903 1548 928 caussa.

236 948 298 986 Sc.
331 948 470 987 inscita
504 958 655 990 ecastor
694 960 734 990 tu
775 953 936 1002 quidem
972 968 1023 992 es.
1086 957 1265 993 PfflLEM.
1300 957 1566 1006 quapropter?

1064 1022 1125 1058 SC.
1160 1034 1261 1070 quae
1281 1020 1381 1058 istuc
1403 1019 1562 1073 (cures),

235 1086 276 1116 ut
307 1086 344 1117 te
374 1079 436 1119 ille
466 1088 581 1119 amet.
643 1084 821 1120 PHILEM.
856 1097 928 1133 qur
963 1097 1128 1134 opsecro
1163 1098 1243 1123 non
1279 1087 1442 1123 curem?
1499 1088 1561 1124 SC.

1269 1150 1390 1189 libera
1411 1165 1450 1189 es
1473 1150 1560 1189 iam.

233 1216 273 1247 tu
296 1209 372 1249 iam
394 1213 502 1262 quod
523 1213 738 1262 quaerebas
759 1214 905 1252 habes:
937 1214 987 1252 ill'
1009 1222 1046 1253 te
1066 1214 1141 1254 nisi
1162 1215 1310 1254 amabit
1331 1217 1442 1262 ultro,
1584 1230 1653 1254 210

173 1287 210 1318 55
232 1274 271 1313 id
293 1288 363 1325 pro
384 1277 510 1327 capite'
533 1286 600 1316 tuo
621 1280 730 1329 quod
752 1280 862 1319 dedit
883 1280 1097 1330 perdiderit
1118 1288 1271 1320 tantum
1292 1280 1451 1332 argenti.

233 1342 403 1380 PH1LoL.
437 1342 533 1392 perii
563 1344 702 1391 hercle,
736 1345 775 1383 ni
806 1359 878 1396 ego
908 1346 1013 1385 illam
1044 1347 1237 1397 pessumis
1267 1347 1454 1398 exemplis
1485 1347 1562 1387 eni-

1426 1416 1561 1452 casso!

231 1471 294 1510 illa
315 1473 417 1511 hanc
438 1474 651 1525 corrumpit
673 1475 875 1515 mulierem
899 1478 1126 1516 malesuada
1147 1477 1368 1517 †uitilena†.

232 1538 412 1577 PHILEM.
444 1553 661 1590 numquam
683 1554 756 1591 ego
777 1541 829 1579 illi
860 1555 1022 1592 possum
1042 1543 1205 1594 gratiam
1227 1545 1366 1582 referre
1387 1551 1428 1582 ut
1450 1543 1559 1582 meri-

1312 1617 1390 1647 tust
1411 1610 1461 1648 de
1482 1623 1556 1648 me.

230 1670 394 1720 Scapha,
418 1669 457 1708 id
479 1678 519 1708 tu
541 1670 637 1709 mihi
658 1685 707 1710 ne
728 1673 893 1711 suadeas
915 1681 956 1712 ut
977 1673 1086 1713 illum
1109 1674 1269 1713 minoris
1291 1676 1474 1725 pendam.
1578 1686 1643 1725 215

167 1742 210 1775 60
230 1734 290 1773 Sc.
314 1742 352 1773 at
374 1735 449 1773 hoc
470 1737 592 1774 unum
615 1736 732 1776 facito
754 1737 900 1788 cogites
918 1754 924 1777 :
955 1739 986 1777 si
1007 1739 1115 1778 illum
1137 1740 1344 1779 inseruibis
1365 1742 1493 1779 solum

228 1800 324 1838 dum
346 1799 453 1839 tibist
474 1814 580 1840 nunc
601 1803 699 1841 haec
719 1805 899 1851 aetatula,
924 1803 963 1842 in
985 1813 1145 1843 senecta
1164 1807 1265 1843 male
1287 1819 1459 1855 querere.

229 1867 400 1904 PHILOL.
433 1865 471 1904 in
499 1866 684 1917 anginam
705 1882 778 1919 ego
799 1883 904 1908 nunc
926 1883 989 1909 me
1010 1869 1128 1908 uelim
1155 1870 1268 1919 uorti,
1290 1878 1331 1909 ut
1356 1872 1557 1910 ueneficae

1503 1935 1557 1975 illi

226 1996 358 2035 fauces
380 1998 623 2046 prehendam
644 2006 762 2048 atque
784 1999 937 2039 enicem
958 2001 1164 2039 scelestam
1187 2000 1493 2040 stimulatricem.

270 2110 344 2140 200,
366 2103 446 2132 200a
470 2100 602 2141 (minus
626 2102 671 2132 sui
694 2102 833 2142 pulchra
851 2108 883 2134 et
901 2109 1044 2135 uenusta
1062 2109 1095 2135 et
1120 2104 1224 2135 nihilo
1242 2104 1354 2135 Minus
1372 2115 1436 2145 ego
1453 2114 1552 2145 quam

227 2154 313 2175 nunc
328 2143 385 2186 tu>
395 2144 531 2185 Seyffirt
631 2156 693 2184 204
703 2151 779 2186 post
791 2156 854 2185 205
865 2147 931 2178 cod.
950 2148 1061 2189 (prius
1074 2159 1138 2179 om.
1148 2153 1280 2188 propter
1287 2149 1529 2187 lzomoeoarclz.)
1547 2159 1554 2179 ε

225 2187 442 2219 c01·r.Rz'tscl1l
504 2194 639 2228 sumptu
657 2189 732 2220 add.
752 2191 884 2229 Bentley
971 2202 1034 2231 205
1060 2192 1107 2222 illi
1128 2192 1302 2223 Fleckeisen
1319 2204 1325 2222 :
1351 2193 1487 2234 [solam]
1506 2191 1552 2223 illi

224 2231 289 2262 cod.
310 2232 362 2271 (cf.
376 2242 403 2262 v.
422 2234 502 2271 204)
593 2244 645 2263 me
671 2233 900 2266 Camerarius:
926 2245 1000 2265 meo
1018 2235 1083 2267 cod.
1196 2236 1260 2266 208
1284 2235 1404 2267 inciste
1421 2242 1554 2267 ecastor

227 2275 288 2315 (Β)
309 2276 356 2305 vel
369 2281 481 2306 castor
499 2276 604 2316 (1³0³)
630 2277 695 2307 cod.
788 2287 885 2308 cures
909 2278 984 2309 add.
1007 2278 1147 2318 Pylades
1277 2289 1338 2310 211
1365 2285 1422 2310 tuo
1443 2280 1553 2319 capite

224 2318 358 2360 Bentley
484 2330 546 2359 213
571 2320 739 2350 cantilena
761 2321 883 2361 Ussing
943 2323 998 2351 vix
1014 2322 1205 2353 malessiada
1223 2323 1283 2353 uiti
1302 2323 1401 2362 plena
1490 2332 1551 2361 217

225 2363 336 2394 tibist.
356 2387 363 2394 .
383 2364 551 2394 ,aetatula
579 2363 699 2394 Klotz:
760 2365 837 2395 tibi.
906 2366 1086 2397 aetatulast
1114 2365 1179 2396 cod.
1206 2366 1256 2404 (Cf-
1282 2365 1329 2396 ad
1351 2366 1447 2397 Marc.
1472 2367 1553 2406 330)

225 2407 381 2437 aetatlast
405 2407 460 2436 vix
471 2406 662 2445 ferendum,
688 2406 779 2437 nullo
804 2407 901 2438 modo
918 2412 1056 2439 senecta
1146 2410 1178 2439 in
1196 2409 1254 2440 del.
1273 2410 1313 2450 (Ἰ)
1332 2409 1508 2440 Fleckeisen

1002 2523 1025 2533 l
