1783 2707
193 139 221 175 I.
245 138 274 174 ii
666 140 711 176 T.
745 139 924 178 MACCI
957 140 1160 177 PLAVTI

243 251 316 287 AG.
349 257 391 288 ut
415 249 576 300 quidem
606 257 646 288 tu
675 250 790 289 luiius
816 252 952 290 oculos
982 251 1114 289 inlutis
1136 250 1318 290 manibus
1339 259 1479 291 tractes
1504 260 1571 291 aut

1441 324 1541 356 teras
1555 319 1571 355 ?

160 395 219 417 110
241 382 371 418 ANTE.
406 379 525 418 nimia
547 393 619 419 nos
641 380 821 419 socordia
848 380 968 420 hodie
999 380 1134 419 tenuit.
1195 383 1299 420 ΑΒΕ.
1333 395 1411 432 qua
1441 383 1490 421 de
1517 395 1568 429 re,

1376 459 1541 497 opsecro
1554 448 1571 485 ?

238 511 370 548 ANTE.
404 509 495 560 quia
518 523 596 548 non
620 510 696 548 iam
713 511 866 549 dudum
894 518 985 550 ante
1010 512 1137 550 lucem
1166 512 1216 550 ad
1243 512 1383 551 aedem
1404 510 1570 550 Veneris

1374 576 1567 625 uenimus,

240 640 388 690 primae
405 648 446 679 ut
463 640 693 680 inferremus
711 641 840 692 ignem
858 641 896 680 in
913 655 1030 681 aram.
1077 643 1181 680 ΑΒΕ.
1205 643 1280 680 aha
1298 645 1304 680 l
1330 655 1408 680 non
1427 643 1569 681 factost

1441 720 1568 758 opus:

237 772 338 821 quae‘
359 772 507 810 habent
528 779 720 810 nocturna
741 785 817 819 ora,
842 780 961 811 noctu
988 773 1262 811 sacruficatum
1284 772 1337 811 ire
1358 780 1565 824 occupant.
1587 785 1657 821 320

237 836 333 886 priu'
354 850 472 887 quam
495 839 631 876 Venus
652 837 950 888 expergiscatur,
974 837 1070 889 priu’
1091 839 1354 888 deproperant
1375 839 1514 877 sedulo

158 917 216 950 1¹5
238 903 466 940 sacruficare
482 917 490 950 3
522 916 613 941 nam
635 902 822 953 uigilante
843 905 1000 942 Venere
1022 903 1052 941 si
1073 903 1234 942 ueniant
1255 916 1338 951 eae,

237 967 288 1005 ita
310 975 399 1006 sunt
421 975 563 1018 turpes,
582 969 702 1007 credo
723 976 876 1008 ecastor
892 970 1089 1007 Venerem
1115 967 1239 1018 ipsam
1262 982 1283 1007 e
1304 969 1396 1007 fano
1417 969 1563 1019 fugent.

237 1034 310 1070 Ao.
346 1032 525 1082 Milphio.
601 1035 671 1071 M1.
710 1034 851 1083 edepol
894 1033 1159 1084 Milphionem
1199 1032 1385 1072 miserum
1406 1037 1412 1072 l
1469 1033 1566 1084 quid

1258 1112 1363 1137 nunc
1384 1098 1443 1137 uis
1463 1098 1567 1137 tibi?

236 1165 308 1201 Ao.
343 1176 507 1213 opsecro
530 1165 670 1211 hercle,
695 1172 735 1203 ut
764 1165 888 1203 mulsa
916 1163 1113 1214 loquitur!
1174 1165 1246 1202 Mi.
1279 1163 1332 1202 nil
1357 1163 1430 1202 nisi
1458 1165 1566 1202 later·
1586 1177 1651 1214 325

1442 1229 1562 1276 culos,

234 1308 429 1334 sesumam
452 1308 782 1346 papaueremque,
803 1295 973 1334 triticum
996 1303 1033 1334 et
1055 1296 1184 1334 frictas
1207 1309 1337 1334 nuces,

155 1376 214 1399 120
234 1363 308 1398 Aa.
341 1360 484 1410 ecquid
505 1374 635 1399 amare
657 1361 824 1399 uideor?
883 1362 954 1398 Ml.
989 1362 1192 1408 damnum,
1215 1361 1323 1411 quod
1347 1359 1565 1399 Mercurius

1260 1424 1421 1464 minime
1447 1432 1562 1463 amat.

233 1493 306 1529 Ao.
359 1504 530 1540 namque¹
572 1492 713 1542 edepol
768 1493 917 1530 lucrum
945 1490 948 1543 ζ
975 1505 1105 1530 amare
1154 1492 1305 1529 nullum
1350 1497 1565 1529 amatorem

1385 1556 1563 1594 addecet.

233 1624 364 1661 ANTE.
389 1636 535 1670 eamus,
560 1636 646 1661 mea
667 1636 862 1672 germana.
905 1625 1008 1661 Ama.
1033 1623 1103 1673 age
1125 1622 1187 1670 sis,
1212 1631 1252 1660 ut
1274 1623 1393 1661 lubet.
1431 1623 1563 1659 ANTE.

944 1702 1107 1739 sequere
1128 1689 1211 1727 hac.
1273 1690 1376 1726 Ama.
1411 1699 1563 1737 sequor.

235 1755 306 1792 M1.
340 1761 433 1792 eunt
466 1755 549 1792 hae.
610 1755 683 1792 Ao.
717 1753 812 1803 quid
848 1753 877 1792 si
909 1755 1131 1792 adeamus?
1194 1754 1266 1791 M1.
1299 1753 1427 1791 adeas.
1487 1753 1563 1790 AG.
1583 1766 1654 1801 330

1035 1819 1205 1869 primum
1227 1817 1352 1869 prima
1373 1818 1481 1856 salua
1501 1816 1563 1864 sis,

234 1892 272 1923 et
293 1886 468 1923 secunda
488 1892 528 1922 tu
550 1884 770 1923 insecundo
792 1885 898 1922 salue
920 1883 959 1921 in
980 1884 1106 1934 pretio
1121 1899 1131 1932 3
1161 1884 1272 1922 tertia

153 1965 212 1997 125
235 1951 341 1988 salue
358 1958 463 1987 extra
479 1949 657 1999 pretium.
728 1951 831 1987 ANc.
857 1957 939 1987 tum
957 1951 1022 1999 pol
1045 1962 1117 1999 ego
1139 1956 1176 1987 et
1197 1950 1328 1987 oleum
1347 1956 1383 1987 et
1404 1960 1563 1999 operam

1398 2012 1562 2063 perdidi.

236 2082 309 2118 Ac..
329 2080 409 2130 quo
425 2079 535 2131 agis?
592 2082 696 2119 ΑΒΕ.
730 2082 885 2130 egone?
914 2079 952 2117 in
969 2081 1109 2118 aedem
1126 2078 1301 2118 Veneris.
1362 2080 1436 2117 AG.
1469 2076 1565 2128 quid

793 2147 870 2183 eo?
926 2147 1030 2183 ΑΒΕ.
1064 2152 1104 2182 ut
1126 2146 1321 2183 Venerem
1343 2143 1562 2194 propitiem.

1509 2257 1543 2274 ae

282 2286 344 2324 316
370 2290 403 2315 ut
421 2290 455 2315 tu
472 2284 606 2324 quidem
628 2284 660 2314 Ρ
763 2293 827 2322 319
851 2283 994 2324 primae]
1022 2283 1129 2322 prima
1148 2293 1221 2313 cum
1240 2282 1273 2313 Ρ
1288 2283 1384 2322 &pro
1408 2282 1560 2323 primurn,

237 2328 255 2359 ι’.
270 2340 292 2360 c,
329 2330 471 2369 primurn
503 2339 580 2359 corr.
612 2327 756 2367 primae)
878 2327 1009 2366 signem
1024 2326 1057 2356 Ρ
1177 2327 1296 2357 factust
1312 2326 1345 2356 A
1500 2336 1566 2365 320

237 2382 406 2412 occupans
423 2372 455 2403 Ρ
556 2382 617 2410 321
638 2370 873 2410 experiscatur
889 2370 922 2400 Ρ
1018 2370 1081 2409 328
1106 2380 1181 2400 nam
1200 2370 1334 2409 quidem
1352 2369 1450 2409 edep.
1465 2369 1567 2400 Bothe

236 2415 382 2458 (ullum)
402 2426 465 2447 am.
485 2415 569 2446 Bm'x
655 2424 714 2453 331
742 2419 777 2444 tu
790 2415 822 2444 in
834 2425 859 2445 s.
876 2413 948 2454 (del.
968 2413 1023 2445 alt.
1040 2414 1087 2454 in)
1100 2412 1318 2444 Studemmzd
1333 2425 1339 2444 :
1364 2417 1398 2443 tu
1414 2413 1564 2444 secundo

238 2460 451 2490 Camerarius
463 2459 514 2497 (cf.
529 2459 643 2490 Amer.
664 2459 783 2497 soum.
798 2457 883 2488 Pln'l.
904 2468 955 2497 21,
970 2459 1025 2498 37)
1160 2467 1222 2496 333
1247 2468 1277 2496 q.
1296 2461 1329 2487 te
1345 2467 1374 2488 a.
1394 2456 1427 2486 Ρ
1441 2456 1475 2495 (j.
1491 2457 1530 2496 9)

951 2529 973 2539 l
