1783 2707
157 89 235 127 III.

175 536 234 568 125

177 1511 234 1543 135

258 89 288 126 ii
664 88 710 124 T.
744 86 924 125 MACCI
956 85 1160 123 PLAVTI

256 204 293 236 te
315 199 383 235 has
405 196 555 235 emisse.
616 209 697 234 non
718 202 760 232 tu
781 194 892 233 uides
912 195 1018 232 hunc
1035 195 1146 232 uoltu
1166 193 1223 232 uti
1243 193 1341 232 tristi
1361 201 1419 232 est
1440 195 1588 232 senex?

255 263 334 299 TH.
369 261 497 300 uideo.
557 262 633 298 TR.
666 273 758 309 ergo
792 259 959 297 inridere
991 272 1040 296 ne
1079 258 1238 296 uideare
1276 266 1315 297 et
1348 258 1487 308 gestire
1521 260 1586 296 ad-

1397 325 1561 361 modum
1577 338 1586 370 3

257 391 337 429 noli
361 393 485 430 facere
508 390 748 429 mentionem
771 391 837 427 ted
859 389 1010 427 emisse.
1070 390 1149 426 ΤΗ.
1182 388 1367 438 intellego

256 464 294 495 et
315 457 416 495 bene
438 455 631 493 monitum
654 456 769 501 duco,
793 462 911 503 atque
938 467 1023 492 esse
1043 454 1237 491 existumo
1257 453 1420 491 humani
1441 452 1583 502 ingeni.

256 521 352 571 quid
374 522 507 558 nunc?
565 521 617 558 S1.
651 519 747 569 quin
769 526 809 556 tu
831 518 862 556 is
888 518 990 557 intro
1015 526 1134 568 atque
1161 517 1286 556 otiose
1312 526 1517 568 perspecta
1544 526 1585 556 ut
1605 526 1670 571 815

1464 583 1583 621 lubet.

256 652 335 688 TH.
368 651 469 689 bene
489 649 738 700 benigneque
758 648 922 687 arbitror
942 656 980 687 te
1000 650 1138 687 facere.
1197 650 1250 687 S1.
1282 650 1429 687 facturn
1443 649 1585 698 edepol

1478 715 1580 752 uolo.

258 780 343 833 [uin
374 780 439 830 qui
469 781 702 830 perductet?
769 782 848 818 TH.
880 793 1002 830 apage
1035 779 1153 818 istum
1184 781 1472 831 perductorem,
1502 793 1583 817 non
1603 783 1690 818 8162

1443 846 1580 895 placet.

255 911 449 961 quidquid
470 919 537 958 est,
562 911 698 949 errabo
719 911 849 960 potius
870 925 988 960 quam
1010 912 1215 960 perductet
1235 908 1460 962 quispiam]
1602 913 1688 948 816'2

254 978 329 1015 TR.
362 976 481 1015 uiden
525 976 765 1014 uestibulum
808 984 899 1014 ante
944 976 1052 1014 aedis
1098 977 1174 1014 hoc
1217 983 1255 1014 et
1298 975 1579 1022 ambulacrum,

1304 1039 1586 1089 quoiusmodi?

255 1108 334 1144 TH.
366 1107 609 1144 luculentum
651 1107 793 1156 edepol
827 1107 1015 1157 profecto.
1074 1107 1150 1144 TR.
1183 1119 1254 1155 age
1283 1113 1417 1155 specta
1451 1105 1583 1154 postis,

1321 1171 1584 1221 quoiusmodi,

256 1245 402 1288 quanta
423 1237 603 1276 firmitate
626 1237 715 1275 facti
738 1246 775 1276 et
797 1245 944 1287 quanta
964 1237 1232 1275 crassitudine.

255 1305 333 1341 ΤΗ.
368 1316 447 1340 non
468 1303 606 1341 uideor
627 1303 773 1341 uidisse
795 1302 917 1352 postis
939 1302 1192 1353 pulchriores.
1252 1303 1304 1340 Si.
1338 1304 1404 1352 pol
1426 1303 1521 1341 mihi
1605 1312 1672 1345 820

255 1382 303 1406 eo
324 1368 448 1417 pretio
470 1367 590 1417 empti
617 1369 768 1405 fuerant
791 1367 895 1406 olim.
956 1369 1032 1405 TR.
1064 1367 1185 1405 audin
1210 1369 1404 1405 ‘fuerant'
1426 1368 1585 1407 dicere?

256 1432 321 1470 uix
341 1432 496 1471 uidetur
512 1432 713 1470 continere
733 1434 936 1470 lacrumas.
997 1434 1076 1469 ΤΗ.
1109 1432 1244 1482 quanti
1267 1433 1386 1470 hosce
1407 1436 1586 1473 emeras?

256 1499 309 1536 S1.
342 1498 408 1536 tris
430 1497 554 1535 minas
575 1512 646 1548 pro
667 1497 748 1536 istis
770 1498 927 1535 duobus
949 1505 1100 1547 praeter
1120 1504 1319 1535 uecturarn
1344 1498 1447 1537 dedi.

255 1564 334 1600 ΤΗ.
367 1564 496 1601 hercle
531 1562 597 1613 qui
630 1565 797 1601 multum
838 1563 1083 1613 inprobiores
1123 1570 1213 1601 sunt
1248 1577 1367 1613 quarn
1401 1578 1424 1602 a
1456 1565 1583 1615 primo

1421 1630 1579 1669 credidi.

255 1695 331 1730 TR.
365 1694 631 1743 quapropter?
691 1695 770 1731 TH.
808 1693 900 1744 quia
914 1695 1056 1744 edepol
1069 1694 1189 1732 ambo
1205 1695 1255 1733 ab
1272 1694 1423 1734 insumo
1440 1703 1581 1734 tarmes
1602 1703 1644 1745 82
1651 1711 1667 1747 5

1464 1769 1579 1799 secat

255 1825 330 1860 TR.
363 1822 662 1873 intempestiuos
684 1825 853 1863 excissos
877 1828 1005 1873 credo,
1031 1827 1070 1866 id
1091 1827 1121 1866 is
1143 1827 1283 1866 uitium
1304 1835 1430 1867 nocet.

255 1896 373 1938 atque
395 1888 511 1927 etiarn
532 1903 638 1928 nunc
660 1890 742 1928 sati'
764 1891 858 1929 boni
880 1900 980 1939 sunt,
1005 1893 1034 1930 si
1057 1901 1146 1931 sunt
1167 1893 1317 1932 inducti
1339 1894 1448 1944 pice3

300 1992 362 2021 812
388 1996 421 2022 et
439 2003 504 2022 om.
524 1992 557 2022 B
688 1995 750 2033 813
774 2000 807 2026 te
834 1996 894 2029 (ita
920 1997 1005 2028 cod.v
1030 1996 1134 2040 (has)
1158 1997 1292 2029 Guz'etus
1421 2000 1483 2036 814
1509 2009 1584 2030 esse

256 2034 386 2083 Meysnla
403 2047 409 2065 :
433 2046 470 2066 se
488 2036 553 2067 cod.
576 2037 625 2076 (te
646 2038 709 2079 32)
781 2039 914 2078 ingenio
932 2040 997 2072 cod.
1149 2043 1213 2072 816
1237 2042 1449 2082 benigneque
1468 2043 1582 2073 Came—

257 2089 383 2109 ramus:
409 2079 555 2120 benique
584 2081 650 2113 cod.
798 2081 894 2113 816-³1³
920 2085 974 2123 (cf.
998 2084 1060 2123 843
1076 2086 1162 2124 sqq.)
1181 2085 1316 2116 adiectos
1337 2097 1356 2116 a
1382 2090 1584 2117 retractatam

256 2126 294 2151 ut
308 2133 357 2153 vv.
377 2124 504 2162 817—47
523 2125 555 2154 in
573 2126 694 2156 actione
710 2126 937 2157 omitterentur
950 2128 1016 2159 secl.
1037 2128 1173 2168 Seyffert
1305 2127 1385 2159 816b
1409 2130 1497 2168 Quid
1514 2130 1580 2162 cod.

256 2166 308 2206 (cf.
327 2167 407 2206 846)
527 2169 590 2207 817
616 2170 820 2208 amplacrum
838 2170 902 2200 cod.
922 2172 996 2211 (pro
1013 2172 1231 2210 ambTacrum,
1251 2173 1269 2203 i.
1285 2184 1308 2204 e.
1328 2174 1468 2204 ambul-3
1489 2174 1581 2213 (corr.

254 2208 317 2247 132)
430 2211 489 2240 821
515 2213 615 2242 audin
633 2213 763 2243 fuerant
780 2213 855 2244 Ital.
872 2225 878 2244 :
902 2220 957 2244 aut
976 2215 1120 2246 insuerat
1137 2215 1201 2246 cod.
1224 2217 1346 2246 (auden
1366 2218 1498 2247 fuerant
1515 2216 1579 2254 32)

254 2253 317 2291 823
342 2254 470 2284 duobus
488 2254 617 2285 Merula
635 2267 642 2286 :
666 2257 783 2286 diebus
800 2256 863 2287 cod.
990 2260 1052 2296 824
1078 2259 1181 2289 multo
1201 2259 1377 2299 Ital.,f0rt.
1399 2264 1473 2290 recte
1490 2260 1524 2299 (i.
1545 2260 1579 2299 3)

255 2297 317 2334 825
342 2302 466 2327 tarmes
490 2303 583 2329 secat
597 2298 758 2339 Scaliger:
786 2301 978 2332 tramisecat
994 2302 1060 2333 cod.
1078 2302 1210 2342 (tramis
1221 2308 1315 2334 secat
1329 2303 1470 2343 B²,fort.
1490 2305 1579 2343 recte)

255 2340 319 2369 826
336 2340 451 2370 accedit
465 2341 498 2370 A
590 2341 826 2382 intempestius
844 2344 876 2374 A
969 2346 1067 2376 docet
1083 2345 1116 2376 A
