1783 2707
125 131 203 168 III.

165 518 202 540 10

164 844 200 875 Ι5

165 1171 205 1192 20

224 131 238 167 i
522 145 527 149 *
643 130 689 165 T.
724 128 903 166 MACCI
937 127 1139 164 PLAVTI

223 240 376 279 danista
396 241 507 278 adest
529 238 596 289 qui
617 238 728 277 dedit
778 253 795 273 *
855 252 873 273 ›i‹
933 251 952 272 »κ
1011 252 1029 273 *

220 306 286 357 qui
307 306 433 344 amica
454 313 511 343 est
533 312 665 355 empta
686 318 847 354 quoque
907 319 924 339 21<
984 317 1002 337 21<
1063 316 1081 336 *
1140 315 1159 337 ³1<
1219 314 1238 337 »κ

220 372 438 409 manufesta
459 383 517 408 res
538 377 607 416 est,
633 368 706 407 nisi
729 369 824 419 quid
847 382 1008 407 occurro
1030 368 1146 418 prius,

221 449 270 474 ne
296 437 299 485 l
326 437 402 473 hoc
424 448 542 473 senex
563 434 758 472 resciscat.
818 433 885 471 ibo
906 433 996 471 huic
1017 433 1188 471 obuiam.
1571 441 1638 478 540

222 502 291 539 sed
312 500 501 550 quidnam
523 499 587 537 hic
609 512 693 536 sese
716 506 795 536 tam
819 497 897 536 cito
918 498 1053 547 recipit
1074 499 1238 535 domum
1252 497 1270 534 ?

223 574 356 604 metuo
377 579 426 603 ne
447 566 497 603 de
519 566 591 602 hac
613 577 652 602 re
676 563 879 613 quippiam
901 562 1177 600 indaudiuerit.

219 631 407 669 accedam
428 638 546 679 atque
568 629 790 679 appellabo.
853 628 899 675 ei,
924 641 1041 677 quarn
1063 627 1184 665 timeo
1206 626 1344 664 miser!

219 696 316 734 nihil
337 703 394 734 est
416 694 592 733 miserius
615 708 735 744 quam
758 693 913 732 animus
934 692 1105 730 hominis
1126 691 1320 738 conscius,

221 761 320 799 sicut
342 774 404 799 me
428 761 607 799 ‘thabetr
668 773 805 798 uerum
829 767 916 797 utut
937 771 996 796 res
1018 771 1102 796 sese
1123 757 1253 805 habet,
1573 766 1636 802 545

223 840 380 877 pergam
403 827 556 864 turbare
577 839 716 876 porro:
749 824 802 863 ita
823 826 920 862 haec
941 837 1000 862 res
1022 824 1205 873 postulat.

223 892 329 930 unde
350 891 411 929 is?
466 893 544 928 TH.
579 890 750 929 conueni
773 889 882 927 illum
907 891 1013 928 unde
1035 890 1152 926 hasce
1172 887 1281 926 aedis
1302 900 1488 926 emeram.

222 959 300 995 TR.
331 956 526 1006 numquid
547 955 677 994 dixisti
701 956 750 994 de
773 954 839 993 illo
862 956 970 1004 quod
991 953 1070 992 dixi
1091 953 1161 992 tibi
1177 955 1194 990 ?

223 1024 304 1060 TH.
335 1022 413 1060 dixi
436 1023 565 1060 hercle
587 1035 681 1059 uero
709 1020 712 1072 1
739 1020 885 1059 omnia.
944 1022 1021 1058 TR.
1053 1020 1087 1058 ei
1109 1019 1251 1057 misero
1272 1018 1368 1057 mihi
1388 1021 1394 1056 ἕ

225 1095 358 1125 metuo
379 1100 428 1125 ne
450 1086 630 1125 techinae
653 1100 763 1124 meae
786 1093 976 1136 perpetuo
997 1084 1192 1135 perierint.
1572 1097 1640 1135 550

225 1154 303 1190 TH.
336 1152 431 1201 quid
454 1160 534 1190 tute
556 1153 717 1190 tecum?
775 1153 852 1189 TR.
885 1150 982 1188 nihil
1004 1150 1123 1189 enim.
1183 1151 1252 1188 sed
1273 1150 1336 1188 dic
1358 1148 1464 1196 mihi,

224 1216 372 1255 dixtine
394 1218 571 1266 quaeso?
628 1218 707 1254 TH.
741 1215 831 1262 dixi,
856 1215 1029 1266 inquam,
1054 1215 1192 1254 ordine
1213 1214 1357 1253 omnia.

223 1284 302 1321 ΤΚ.
333 1282 450 1320 etiam
472 1284 613 1320 fatetur
633 1283 683 1320 de
705 1281 889 1331 hospite?
948 1283 1026 1319 TH.
1060 1280 1183 1318 immo
1205 1288 1402 1330 pernegat.

224 1350 299 1386 TR.
332 1356 447 1398 negat
507 1363 525 1383 2«
587 1363 604 1383 *
666 1361 683 1381 ==<
745 1362 762 1382 ,κ
823 1362 840 1381 >ιι
902 1361 919 1382 *
979 1360 1114 1396 quom.
1172 1348 1248 1384 TR.
1281 1334 1432 1395 cogita:

227 1428 244 1448 >k
306 1428 323 1448 *
385 1428 402 1448 ³1<
463 1428 480 1448 >1<
542 1428 559 1448 *
619 1413 748 1451 dicam
770 1412 801 1450 si
822 1413 1016 1450 confessu'
1037 1412 1096 1449 sit.
1574 1426 1636 1463 555

225 1481 321 1532 quid
368 1495 474 1520 nunc
522 1481 751 1520 faciundum
806 1482 973 1518 censes?
1047 1481 1122 1517 TR.
1174 1492 1275 1529 egon
1324 1478 1420 1528 quid
1467 1491 1554 1515 cen-

1418 1556 1524 1581 seam
1539 1544 1554 1580 ?

224 1625 332 1662 cape,
356 1625 521 1662 opsecro
542 1613 684 1658 hercle,
707 1614 798 1650 crim
821 1624 868 1649 eo
890 1609 970 1663 (tu)
991 1623 1070 1648 una
1090 1609 1276 1656 iudicem,

224 1677 311 1728 (sed
332 1691 422 1716 eum
444 1677 579 1716 uideto
600 1684 642 1715 ut
663 1676 804 1727 capias,
829 1676 896 1726 qui
917 1676 1051 1714 credat
1071 1674 1184 1726 mihi)

225 1751 304 1781 tam
325 1743 438 1781 facile
459 1743 594 1781 uinces
616 1756 734 1793 quam
757 1742 884 1792 pirum
906 1742 1044 1791 uolpes
1066 1747 1227 1778 comest.

227 1810 304 1846 DA.
335 1809 404 1846 sed
428 1807 707 1846 Philolachetis
729 1821 885 1846 seruom
908 1806 1046 1844 eccum
1067 1804 1268 1852 Tranium,
1574 1811 1641 1855 560

268 1914 374 1951 537-8
399 1913 552 1942 lacunam
575 1913 608 1942 in
627 1913 679 1942 ΡΑ
705 1912 756 1952 (cf.
777 1923 826 1943 vv.
848 1913 969 1951 554-5)
997 1912 1041 1941 sic
1061 1910 1195 1950 explevit
1219 1909 1438 1948 Camerarius,
1460 1910 1552 1948 (537)

223 1962 402 1995 argentum
417 1956 562 1991 faenore,
578 1956 671 1995 <5385
684 1967 769 1995 opus
787 1957 821 1986 in
841 1961 994 1995 sumptus
1008 1955 1068 1985 suit
1186 1963 1249 1992 539
1274 1953 1353 1992 quid
1370 1953 1552 1992 Angelius:

223 2001 311 2039 quod
327 2000 393 2031 cod.
509 2009 573 2039 540
598 2001 756 2031 rescissat
774 1999 838 2031 cod.
957 2010 1019 2038 542
1045 1998 1247 2028 inaudiuerit
1266 1997 1330 2029 cod.
1435 2006 1498 2035 543
1523 1997 1553 2026 ei

230 2044 428 2074 Taulnnmm
446 2055 452 2074 ε
478 2049 510 2074 et
526 2043 591 2075 cod.
695 2054 757 2083 545
775 2055 827 2074 me
846 2042 976 2086 (male)
996 2043 1095 2073 habet
1116 2042 1287 2081 Niemeyer
1370 2050 1425 2070 res
1443 2040 1553 2081 [es]se

225 2098 261 2118 se
279 2087 344 2118 cod.
371 2087 464 2126 (corr.
482 2087 541 2123 3²)
676 2090 739 2126 548
765 2088 813 2118 vel
828 2088 903 2117 illoc
1009 2087 1078 2116 dixi
1095 2086 1160 2116 B2:
1186 2086 1270 2115 dixit
1287 2084 1352 2116 cod.
1489 2094 1553 2123 549

224 2130 315 2173 (illi)
332 2132 440 2162 omnia
463 2131 602 2166 Pylades
618 2132 738 2171 (inuno
756 2132 801 2166 ei)
893 2132 922 2161 ei
951 2130 1049 2161 Ital.:
1076 2137 1109 2160 et
1138 2129 1203 2160 cod.
1233 2131 1290 2168 (ue
1315 2126 1377 2166 82>
1406 2131 1555 2158 secuntur

225 2186 273 2205 vv.
302 2185 375 2214 553,
394 2185 502 2215 557-9
518 2177 587 2205 suis
603 2176 678 2205 locis
695 2175 858 2205 redeuntes
877 2175 925 2214 (cs
945 2175 991 2205 ad
1005 2176 1083 2213 4113
1222 2183 1281 2212 551
1310 2177 1380 2202 tute
1397 2172 1491 2203 Ital.:
1519 2176 1552 2201 tu

225 2219 289 2250 cod.
311 2220 363 2259 (cf.
383 2227 461 2258 512)
596 2229 658 2258 552
678 2219 794 2249 Dixtin
813 2219 872 2259 (itt
887 2218 969 2252 cod.;
990 2218 1064 2259 (ei)
1082 2218 1152 2258 Fay
1279 2226 1342 2256 554
1367 2221 1464 2246 necat
1481 2214 1553 2244 Ρ(Β

227 2272 332 2301 554-5
358 2263 512 2293 lacunam
530 2263 561 2293 in
576 2262 629 2292 ΡΑ
644 2263 695 2301 (eff.
710 2273 757 2293 vv.
776 2263 898 2301 537-85
924 2262 969 2292 sic
981 2261 1115 2302 explevit
1130 2261 1194 2291 Leo
1213 2265 1287 2301 post
1309 2260 1551 2296 Camnarium,

228 2307 321 2345 (537)
350 2312 450 2344 negat
476 2307 665 2337 scelestus?
719 2306 782 2336 ΤΗ.
811 2307 937 2344 negitat
964 2306 1108 2344 inquam,
1137 2305 1231 2343 (538)
1258 2315 1323 2334 non
1350 2303 1552 2334 confitetur?

228 2350 292 2381 ΤΗ.
321 2350 428 2380 dicam
586 2359 647 2389 557
669 2349 738 2390 (vid
768 2349 814 2379 ad
828 2352 907 2388 5495
927 2349 1039 2379 hercle
1057 2349 1198 2378 obsecro
1215 2358 1290 2378 cum
1311 2347 1420 2388 [m]co
1432 2350 1508 2387 post
1521 2357 1551 2377 v.

229 2404 292 2432 549
426 2398 461 2424 tu
487 2393 600 2424 addidi
729 2402 792 2431 559
817 2393 923 2422 uineis
944 2392 1016 2422 PCD

982 2522 1003 2533 l
