1731 2713
562 108 1152 167 ARGVMENTVMI

356 219 579 262 Praesentis
601 222 779 256 numerat
802 210 1028 264 quindecim
1055 209 1165 247 miles
1187 205 1323 251 minas,

358 288 490 327 Simul
512 283 715 333 consignat
739 279 974 330 symbolum,
999 283 1041 314 ut
1065 270 1323 312 Phoenicium

359 353 408 390 Ei
430 354 496 391 det
516 353 607 389 leno
628 346 694 398 qui
717 358 806 385 eum
830 356 919 382 cum
943 340 1089 379 relicuo
1109 338 1268 375 adferat.

358 416 597 455 Venientem
619 412 794 450 caculam
817 405 1034 446 intervortit
1055 402 1235 452 symbolo

359 482 504 520 Dicens
525 481 662 528 Syrum
684 490 724 513 sc
747 471 935 512 Ballionis
958 469 1176 508 Pseudolus
1543 475 1560 506 5

361 547 570 598 Opemque
590 542 670 582 erili
693 541 745 579 ita
765 539 878 585 tulit3
907 549 997 574 nam
1020 532 1206 573 Simmiae

361 614 473 651 Leno
495 609 707 652 mulierem,
732 617 850 655 quem
872 602 903 640 is
926 598 1146 651 supposuit,
1166 594 1335 635 tradidit.

362 677 483 716 Venit
505 677 668 724 ‘Harpax
689 684 824 710 verus:
856 681 916 706 res
938 667 1067 717 palam
1090 660 1340 712 cognoscitur

362 744 577 792 Scnexque
597 745 801 789 argentum
823 735 933 785 quod
955 739 1035 771 erat
1056 737 1193 781 pactus
1215 724 1396 765 reddidit.

552 885 1177 945 ARGVMENTVMII

365 998 572 1039 Calidorus
594 993 743 1033 iuvenis
766 989 1027 1043 m<eretricem
1050 980 1327 1034 Phoenicium>

364 1063 546 1104 ecflictim
568 1058 781 1110 deperibat,
807 1066 1061 1094 nummorum
1083 1049 1264 1100 indigus3

365 1130 532 1169 eandem
555 1126 676 1171 miles,
701 1122 767 1173 qui
788 1119 924 1171 viginti
946 1117 1150 1156 mulierem

365 1194 480 1234 minis
502 1198 694 1230 mercatus
715 1187 822 1233 abiit,
847 1184 960 1224 solvit
982 1180 1221 1233 quindecim.

368 1266 540 1299 scortum
561 1254 715 1305 reliquit
735 1254 786 1291 ad
806 1254 992 1290 lenonem
1013 1262 1058 1286 ac
1080 1246 1315 1296 symbolum,
1555 1259 1573 1291 5

366 1333 408 1364 ut
429 1324 495 1375 qui
517 1320 708 1361 attulisset
730 1317 883 1368 signum
907 1313 1033 1353 simile
1055 1319 1185 1351 cetero

367 1403 457 1429 cum
478 1386 602 1439 pretio
624 1396 757 1423 secum
779 1382 963 1420 aveheret
984 1384 1157 1428 emptam
1179 1374 1394 1413 mulierem.

368 1468 459 1494 mox
481 1452 620 1491 missus
641 1456 683 1488 ut
703 1446 923 1499 prehendat
944 1450 1117 1482 scortum
1138 1455 1160 1479 a
1181 1440 1304 1478 milite

368 1520 472 1559 venit
493 1520 638 1557 calator
658 1513 844 1553 militaris.
903 1513 1010 1549 hunc
1031 1510 1124 1547 dolo

368 1583 592 1635 adgreditur
611 1576 876 1619 adulescentis
899 1587 1031 1614 servus
1054 1573 1274 1611 Pseudolus
1560 1583 1601 1605 10

370 1659 572 1700 tamquam
592 1644 746 1685 lenonis
767 1640 945 1681 atriensis
963 1655 970 1678 z
1001 1638 1224 1689 symbolum

369 1716 493 1754 aufert
514 1708 753 1763 minas<que>
774 1707 949 1758 quinque
970 1711 1152 1754 acceptas
1174 1709 1329 1745 mutuas

369 1782 437 1820 dat
457 1776 669 1818 subditicio
690 1775 849 1814 caculae
871 1785 963 1810 cum
984 1769 1165 1820 symbolo
1180 1783 1190 1816 3

371 1848 556 1885 lenonem
577 1841 673 1880 fallit
696 1833 1037 1890 sycophanta[cie]
1060 1835 1206 1873 cacula.

372 1918 501 1951 scorto
523 1908 731 1949 Calidorus
754 1903 911 1955 potitur,
934 1901 1026 1939 vino
1048 1900 1278 1938 Pseudolus.
1566 1904 1603 1937 15

254 2017 338 2058 Arg.
358 2017 379 2047 I
391 2015 484 2047 habet
499 2014 532 2044 P
542 2016 618 2053 post
627 2012 805 2053 prologum
825 2021 832 2040 ι
857 2019 922 2040 om.
943 2008 976 2039 A
1111 2008 1132 2036 6
1163 2005 1273 2036 attulit
1290 2003 1393 2034 Bothe

256 2061 338 2102 Arg.
357 2060 396 2091 II
408 2058 544 2090 habetA
566 2060 640 2087 ante
651 2055 831 2097 prologum
848 2052 904 2084 sed
913 2051 1087 2093 posteriori
1097 2060 1204 2080 mmm
1219 2060 1225 2079 2
1250 2059 1316 2079 om.
1333 2047 1365 2077 P
1454 2056 1466 2075 1
1494 2045 1544 2085 iu-

212 2106 302 2147 uenis
325 2103 538 2134 incertissima
568 2100 694 2131 lectione
717 2097 783 2130 cod.
878 2107 957 2127 mer.
986 2096 1113 2126 Phoen.
1138 2093 1242 2133 suppl.
1271 2091 1397 2122 Ritsclzl
1525 2100 1544 2128 4

212 2150 314 2181 soluit
332 2147 479 2178 Ritschl:
515 2143 661 2175 absoluit
685 2141 750 2173 cod.
935 2150 952 2179 7
978 2139 1119 2170 muliere
1137 2136 1202 2168 cod.
1379 2135 1399 2164 8
1423 2138 1458 2164 ut
1471 2143 1545 2173 pre-

212 2193 341 2224 hendat
366 2191 506 2231 Bugge:
539 2185 785 2228 adpraehendit
808 2183 874 2216 cod.
964 2188 1076 2214 scortu
1105 2181 1170 2213 cod.
1303 2190 1324 2219 9
1349 2178 1425 2209 dolo
1449 2177 1542 2207 inccr-

214 2237 342 2267 tissz'ma
367 2235 494 2265 lectione
521 2231 585 2263 cod.
745 2239 783 2259 12
808 2228 918 2258 aufert
945 2225 1037 2257 Mai:
1064 2226 1174 2256 adfert
1198 2223 1262 2255 cccl.
1376 2232 1441 2262 que
1469 2219 1545 2251 add.

215 2279 343 2310 Ritschl
476 2286 514 2315 13
538 2273 709 2307 subditiuo
726 2276 774 2303 ca.
793 2270 920 2301 Ritsclzl
936 2282 942 2300 :
967 2272 1015 2300 ca.
1036 2269 1213 2300 subditicio
1230 2267 1339 2308 Bergk
1440 2275 1477 2303 14
1500 2264 1550 2294 vel

216 2322 470 2362 secophantaue
508 2318 576 2350 cod.
597 2330 604 2349 ι
649 2316 859 2356 sycophanta
901 2313 1028 2344 Ritsclzl
1150 2312 1263 2342 cacula
1304 2308 1547 2350 sycophantice

214 2365 351 2407 Seyffert
484 2373 520 2402 15
545 2362 623 2392 uino
643 2358 831 2390 Pseudolus
848 2357 1002 2398 Sauppe:
1027 2356 1107 2386 uiuo
1124 2355 1265 2386 seudulo
1283 2353 1348 2386 cod.
