1783 2707
157 146 210 183 II.
235 145 279 182 iii
651 146 696 182 T.
731 145 911 184 MACCI
944 145 1147 183 PLAVTI
1203 200 1209 204 ,

174 267 215 301 70
288 256 370 292 AM.
402 262 440 293 at
461 269 533 305 ego
555 255 683 302 etiam,
703 255 768 305 qui
791 254 1031 305 sperauerint
1052 268 1161 305 spem
1182 254 1385 305 decepisse
1406 257 1560 294 multos.

286 322 361 357 ΤΗ.
399 334 490 369 ergo
516 320 670 358 animus
697 333 845 370 aequos
873 327 1080 370 optumum
1109 327 1166 358 est
1192 333 1402 358 aerumnae
1431 319 1565 358 condi-

1372 392 1560 423 mentum.

287 463 360 500 ego
394 464 441 489 eo
471 449 586 498 intro,
608 450 681 489 nisi
712 450 807 501 quid
839 450 1051 489 uis—AM.
1089 463 1164 488 eas.
1227 463 1299 499 ego
1330 451 1438 500 quod
1468 448 1564 487 mihi

1359 513 1565 564 imperauit

286 581 480 627 sacerdos,
498 580 537 620 id
559 580 698 619 faciam
715 588 834 631 atque
855 594 999 631 aquam
1017 580 1108 619 hinc
1125 581 1175 619 de
1192 593 1383 630 proxumo
1400 580 1546 629 rogabo
1554 595 1564 628 3

287 659 376 683 nam
400 648 607 696 extemplo,
633 645 663 684 si
685 646 815 684 uerbis
837 646 916 684 suis
939 653 1127 695 peterem,
1148 647 1308 684 daturos
1329 644 1434 683 dixit.
1584 656 1650 692 405

174 723 211 755 75
287 724 415 760 neque
436 710 656 761 digniorem
678 725 823 750 censeo
844 711 991 750 uidisse
1011 725 1132 750 anum
1154 724 1217 749 me
1238 723 1478 760 quemquam

287 776 380 826 quoi
402 777 498 814 deos
525 785 642 827 atque
670 777 851 816 homines
873 790 1056 815 censeam
1083 777 1186 815 bene
1214 778 1339 814 facere
1367 775 1480 826 magi'
1501 776 1565 814 de—

1465 853 1561 879 cere.

286 914 328 945 ut
349 906 489 956 lepide,
513 914 555 944 ut
576 906 795 954 liberaliter,
819 915 861 945 ut
882 908 1048 945 honeste
1068 914 1187 956 atque
1207 907 1285 944 hau
1305 913 1462 956 grauate

287 971 454 1018 timidas,
479 971 643 1021 egentis,
664 972 815 1019 infidas,
840 971 994 1019 eiectas,
1019 971 1259 1010 exanimatas

286 1035 438 1086 accepit
458 1037 509 1075 ad
530 1050 625 1083 sese,
650 1038 727 1075 hau
750 1050 863 1075 secus
884 1050 1004 1086 quam
1026 1036 1057 1074 si
1079 1050 1124 1074 ex
1146 1050 1187 1074 se
1207 1035 1328 1074 simus
1350 1038 1486 1074 natae!
1584 1046 1653 1080 410

173 1105 215 1136 So
287 1108 329 1139 ut
350 1115 466 1151 eapse
486 1099 578 1153 <sic>
597 1101 798 1140 succincta
818 1115 962 1151 aquam
985 1102 1200 1148 calefactat,
1223 1108 1265 1138 ut
1286 1101 1463 1139 lauemus
1480 1103 1486 1138 ἕ

287 1180 404 1213 nunc,
436 1180 485 1205 ne
525 1180 657 1206 morae
692 1167 745 1205 illi
781 1167 864 1214 sim,
895 1174 1027 1217 petam
1063 1165 1154 1205 hinc
1192 1179 1337 1216 aquam
1372 1166 1478 1204 unde
1513 1165 1564 1203 mi

1346 1230 1562 1281 imperauit.

286 1298 382 1335 heus
399 1297 533 1347 ecquis
550 1297 588 1336 in
611 1299 769 1336 uillast?
796 1297 931 1347 ecquis
948 1299 1024 1336 hoc
1041 1296 1236 1336 recludit?
1262 1295 1396 1347 ecquis
1412 1296 1565 1347 prodit?

167 1411 213 1448 iv
517 1411 842 1448 SCEPARNIO
954 1411 1283 1447 AMPELISCA

233 1494 294 1529 SC.
328 1491 427 1540 Quis
449 1499 506 1530 est
528 1491 594 1542 qui
616 1491 758 1530 nostris
775 1499 854 1530 tam
871 1500 1053 1545 proterrue
1074 1491 1222 1530 foribus
1243 1491 1334 1530 facit
1354 1491 1565 1530 iniuriam?

231 1559 313 1595 AM.
350 1572 423 1608 ego
452 1572 551 1596 sum.
611 1560 671 1597 Sc.
710 1559 826 1597 hem!
861 1552 1063 1608 (quidhoc
1094 1557 1189 1596 boni
1219 1559 1306 1596 est?
1344 1571 1391 1596 eu
1422 1559 1564 1608 edepol
1583 1572 1649 1607 415

1034 1623 1165 1674 specie
1185 1623 1316 1674 lepida
1337 1622 1538 1662 mulierem
1557 1627 1563 1661 l

232 1691 313 1727 AM.
351 1691 469 1737 salue,
502 1691 746 1730 adulescens.
808 1694 869 1729 Sc.
907 1699 945 1729 et
976 1698 1016 1728 tu
1048 1691 1215 1728 multum
1246 1691 1411 1736 salueto,
1434 1690 1564 1727 adule-

1375 1755 1561 1793 scentula.

233 1821 315 1857 An.
351 1821 401 1859 ad
429 1834 499 1859 uos
528 1821 655 1859 uenio.
717 1823 779 1860 Sc.
816 1820 1007 1871 accipiam
1037 1819 1221 1870 hospitio,
1242 1819 1273 1858 si
1306 1832 1397 1857 mox
1428 1819 1563 1858 uenies

1396 1883 1560 1934 uesperi,

193 1961 211 1992 5
232 1949 325 1988 item
347 1958 389 1989 ut
404 1951 604 2005 adfectam
620 1965 626 1991 :
655 1965 745 1989 nam
763 1964 869 1989 nunc
886 1950 983 1988 nihil
1000 1958 1057 1988 est
1074 1949 1140 2000 qui
1158 1957 1195 1988 te
1212 1963 1327 1987 mane
1344 1962 1558 1987 munerem.

231 2016 300 2054 sed
328 2015 424 2065 quid
445 2016 513 2063 ais,
538 2004 625 2055 mea
647 2016 788 2066 lepida,
813 2016 964 2054 hilara?
1009 2017 1090 2053 AM.
1128 2016 1226 2053 aha!
1267 2014 1433 2053 nimium
1455 2013 1561 2052 fami-

1420 2079 1561 2117 liariter

277 2195 340 2225 405
365 2186 521 2226 exemplo
544 2186 616 2216 siue
641 2196 709 2216 uer.
738 2185 804 2216 cod.
830 2189 867 2215 ut
890 2185 976 2216 vid:
1002 2196 1078 2216 corr.
1102 2185 1175 2216 Ital.
1312 2193 1375 2224 407
1401 2183 1451 2215 vel
1465 2193 1561 2222 mage

233 2240 297 2267 410
321 2230 443 2270 accipit
459 2229 524 2260 cod.
660 2240 719 2268 411
747 2240 787 2259 ea
804 2240 864 2268 spe
876 2229 942 2259 cod.
1034 2229 1081 2259 sie
1093 2228 1168 2260 add.
1185 2229 1396 2260 Camerarius
1498 2238 1560 2267 412

233 2283 326 2304 mora
343 2273 428 2312 PBG,
456 2272 542 2304 unde
568 2271 648 2316 (in)
674 2282 766 2303 mora
791 2272 931 2302 Mueller
953 2272 1084 2312 (Rhein.
1113 2271 1201 2303 Mus.
1230 2283 1280 2312 54,
1303 2272 1381 2312 400)
1515 2270 1562 2301 vel

233 2318 313 2348 und'
327 2317 407 2347 mihi
556 2326 619 2356 415
645 2316 817 2347 mulierem
843 2315 981 2347 Dousa:
1023 2316 1142 2346 mulier
1166 2315 1231 2346 cod.
1375 2316 1438 2354 418
1463 2324 1559 2345 mane

232 2371 406 2392 munet-em
423 2359 653 2391 Hildebmnd:
677 2370 774 2390 mane
793 2360 964 2390 mulierem
983 2359 1049 2390 cod.
1068 2363 1104 2389 ut
1118 2359 1178 2390 vid.
1197 2371 1203 2389 :
1230 2359 1366 2389 inanem
1384 2368 1558 2388 mulierem

230 2403 311 2436 Ellis
443 2414 507 2444 419
531 2404 636 2435 hilara
669 2403 784 2443 lepida
815 2403 1000 2442 Fleckeisen,
1034 2413 1116 2433 nam
1143 2404 1216 2432 mea
1246 2402 1360 2441 lepida
1383 2402 1437 2432 vix
1455 2402 1561 2442 placet

966 2523 989 2534 l
