1783 2707
157 397 218 428 130

191 559 219 596 ii

183 1698 220 1719 10

215 143 252 178 .i
655 144 700 180 T.
736 143 913 181 MACCI
948 143 1150 180 PLAVTI

293 253 406 291 Cffl.
441 256 497 290 st!

292 324 376 355 tace
397 330 561 367 opsecro
583 318 722 356 hercle.
770 319 831 355 Ps.
865 317 961 367 quid
982 316 1114 368 negoti
1135 319 1222 357 est?
1274 318 1388 357 (ΞΛΜ.
1421 317 1566 357 ostium
1590 331 1654 366 130

292 382 444 420 lenonis
466 382 626 432 crepuit.
688 384 749 420 ΡΞ.
782 396 892 420 crura
913 384 1123 422 mauellem
1145 384 1276 422 modo.

294 449 405 487 CALi.
440 455 558 497 atque
579 447 662 497 ipse
683 447 878 498 egreditur
898 447 1069 497 penitus2
1088 447 1224 498 peiiuri
1247 456 1374 499 caput.

376 559 587 595 BALLio
699 559 944 596 LORARIJ
1059 559 1436 597 MERETRICES

519 625 846 661 PSEVDOLVS
958 624 1287 663 CAL1D0Rvs

238 704 306 740 BA.
342 703 465 751 Exite,
488 703 590 753 agite
611 704 725 751 exite,
746 704 890 754 ignaui,
908 705 1010 742 male
1030 703 1154 742 habiti
1175 712 1213 743 et
1234 706 1335 743 male
1356 703 1564 750 conciliati,

237 781 404 817 quorum
426 782 643 819 numquam
665 768 877 819 quicquam
899 768 1114 819 quoiquam
1136 769 1244 808 uenit
1265 769 1304 807 in
1333 776 1505 808 mentem
1527 776 1568 807 ut

1286 842 1390 873 recte
1411 833 1566 882 faciant,

238 898 383 948 quibu',
416 898 488 937 nisi
518 900 569 938 ad
600 901 675 938 hoc
705 901 927 949 exemplum
959 899 1146 950 experior,
1179 913 1259 938 non
1295 907 1424 950 potest
1453 902 1570 938 usura
1591 912 1653 949 135

1379 964 1565 1015 usurpari.

240 1042 368 1080 neque
390 1043 462 1080 ego
489 1029 670 1069 homines
698 1029 820 1081 magis
846 1029 977 1069 asinos
1005 1043 1223 1081 numquam
1251 1029 1344 1076 uidi,
1368 1029 1421 1068 ita
1447 1029 1569 1080 plagis

1251 1102 1383 1133 costae
1404 1096 1568 1134 callent:

239 1173 338 1210 quos
360 1173 480 1210 quom
503 1159 626 1207 ferias,
645 1159 715 1199 tibi
736 1161 823 1211 plus
845 1173 988 1199 noceas
1005 1175 1014 1207 3
1043 1174 1091 1199 eo
1111 1159 1217 1199 enim
1239 1159 1397 1210 ingenio
1418 1159 1458 1198 hi
1477 1168 1568 1198 sunt

1323 1224 1567 1275 fiagritribae‚

238 1290 305 1341 qui
322 1292 418 1330 haec
435 1291 583 1330 habent
599 1290 773 1338 consilia,
791 1291 858 1329 ubi
875 1292 967 1329 data
983 1290 1187 1337 occasiost,
1206 1303 1308 1340 rape,
1328 1291 1449 1340 clepe,
1466 1297 1567 1337 tene,

508 1357 687 1407 harpaga,
711 1356 814 1403 bibe,
840 1370 893 1403 es,
915 1358 1027 1406 fuge:
1059 1357 1135 1394 hoc
1157 1364 1214 1394 est

399 1434 535 1460 eorum
566 1420 749 1468 officium,
781 1429 823 1459 ut
854 1420 1016 1460 mauelis
1051 1422 1165 1471 lupos
1194 1421 1301 1471 apud
1333 1419 1418 1458 ouis
1447 1433 1566 1470 quam
1589 1429 1692 1464 140-1

950 1487 1022 1525 hos
1043 1485 1153 1525 domi
1173 1485 1350 1536 linquere
1370 1487 1565 1525 custodes.

237 1559 276 1589 at
308 1551 448 1590 faciem
470 1565 591 1602 quom
619 1551 785 1602 aspicias
813 1565 960 1599 eorum,
983 1553 1061 1590 hau
1090 1551 1181 1589 mali
1209 1551 1416 1590 uidentur:
1451 1565 1569 1602 opera

1417 1619 1566 1657 fallunt.

239 1695 345 1721 nunc
364 1683 465 1721 adeo
488 1683 589 1720 hanc
611 1681 851 1721 edictionem
872 1681 946 1720 nisi
967 1681 1143 1721 animum
1166 1682 1383 1722 aduortetis
1405 1696 1556 1731 omnes,

238 1746 311 1785 nisi
333 1761 516 1786 somnum
538 1747 841 1798 socordiamque
862 1761 908 1785 ex
928 1755 1088 1798 pectore
1110 1747 1315 1799 oculisque
1336 1749 1565 1796 emnouetis,

238 1811 291 1851 ita
311 1826 383 1862 ego
405 1821 536 1851 uostra
556 1815 676 1852 latera
696 1813 787 1852 loris
807 1812 950 1852 faciam
971 1821 1013 1852 ut
1034 1813 1166 1853 ualide
1186 1813 1293 1853 uaria
1317 1813 1405 1861 sint,
1593 1823 1654 1859 145

293 1884 334 1916 ut
355 1891 404 1916 ne
425 1877 696 1928 peristromata
717 1878 878 1929 quidem
906 1878 909 1931 1
935 1893 1061 1930 aeque
1082 1880 1186 1931 picta
1206 1879 1284 1918 sint
1304 1878 1547 1930 Campanica

294 1956 423 1993 neque
446 1943 710 1982 Alexandrina
731 1945 889 1983 beluata
910 1944 1067 1983 tonsilia
1087 1945 1270 1996 tappetia.

289 2055 349 2084 130
372 2045 487 2076 hercle
504 2046 679 2086 opsec(rsso
695 2046 729 2076 A
823 2057 879 2086 131
908 2047 1066 2088 mauelim
1083 2047 1128 2081 A,
1147 2052 1255 2079 contra
1273 2051 1416 2079 metrum
1510 2057 1568 2087 132

243 2089 395 2130 penitus]
418 2090 509 2120 intus
525 2089 697 2120 Acidalitcs
861 2101 921 2130 133
946 2092 1090 2131 agiteite
1104 2091 1137 2121 P
1245 2092 1372 2123 malace
1394 2092 1427 2123 h.
1447 2090 1572 2122 Sclzoell

242 2132 355 2173 (atzap.
376 2135 537 2171 octonas.)
690 2143 748 2172 134
773 2134 871 2173 saciat
888 2134 920 2164 A
1073 2137 1134 2174 136
1158 2145 1313 2175 umquam
1330 2136 1363 2166 P
1509 2146 1567 2175 137

240 2187 342 2214 quom
364 2177 485 2217 numi]
506 2177 582 2207 dum
600 2176 632 2206 P
648 2177 694 2218 (D
706 2182 768 2217 pro
785 2177 830 2216 Q]
934 2179 1003 2217 138,
1027 2188 1086 2217 139
1110 2180 1316 2220 coniungunt
1326 2179 1413 2211 codd.
1510 2180 1569 2218 138

242 2220 339 2259 clepe
356 2231 421 2251 ont.
441 2221 473 2250 Α
496 2221 554 2250 «iii.
576 2222 611 2258 4³
714 2231 774 2260 139
799 2226 850 2252 est
868 2221 936 2261 fugi
954 2222 987 2252 P
1083 2233 1152 2262 140,
1176 2233 1231 2260 141
1260 2223 1421 2264 officium]
1439 2233 1523 2262 opus
1540 2222 1572 2252 P

241 2264 398 2305 mauelis]
418 2263 576 2295 induellis
593 2264 626 2294 P
722 2265 823 2304 lupus
841 2265 874 2295 P
966 2265 1062 2296 oueis
1079 2266 1111 2295 A
1216 2267 1370 2305 linquere
1388 2277 1485 2306 quam
1507 2267 1569 2296 hos

242 2308 330 2338 domi
349 2319 374 2339 c.
395 2307 428 2337 P
612 2317 669 2347 142
693 2308 839 2348 aspicies
856 2308 888 2338 P
1054 2320 1112 2348 144
1137 2310 1302 2340 amouetis
1319 2310 1352 2339 P
1368 2309 1411 2340 *A
1423 2315 1484 2350 pro
1497 2309 1528 2339 X
1541 2309 1568 2348 3)

247 2354 306 2388 146
329 2352 384 2382 vix
400 2352 637 2391 peristromata
655 2352 766 2391 (troclz.
785 2352 956 2393 septenas.)
1093 2363 1152 2392 147
1178 2353 1317 2384 consilia
1333 2353 1366 2383 P
1389 2354 1422 2392 {c
1434 2359 1494 2394 pro
1518 2353 1545 2393 t)
1561 2363 1567 2383 :

242 2395 377 2426 tonsilia
394 2400 579 2436 suspectmn
