1731 2713
85 553 155 589 450

83 877 149 914 455

81 1198 151 1242 460

76 1724 142 1769 465

745 104 922 142 PERSA
1426 105 1494 142 IV.
1515 104 1530 141 i

653 284 888 333 ACTVS
945 285 1016 330 IV

712 387 963 423 Toxmvs
1521 384 1631 423 1V.i

281 473 321 512 Si
341 487 460 524 quam
482 486 563 512 rem
583 486 742 511 accures
763 472 892 510 sobrie
912 480 978 509 aut
1000 471 1208 521 frugaliter,

281 541 380 577 solet
400 539 464 577 illa
484 546 587 577 recte
608 538 681 576 sub
703 551 842 575 manus
864 538 1085 575 succedere.

279 611 398 653 atque
419 605 560 653 edepol
582 604 702 641 ferme
723 610 765 640 ut
786 602 953 652 quisque
975 616 1054 640 rem
1077 609 1233 640 accurat
1255 614 1378 648 suam,

280 669 334 707 sic
355 669 390 708 ei
411 669 587 719 procedit
608 667 893 718 postprincipio
914 667 1097 717 denique,

278 734 310 772 si
331 736 455 772 malus
476 742 542 772 aut
563 741 782 783 nequamst‚
807 734 908 771 male
930 740 1169 772 resuortunt
1192 745 1287 782 quas
1308 731 1397 781 agit,
1520 745 1538 777 5

279 799 337 837 sin
358 808 489 838 autem
511 799 654 849 frugist,
679 800 868 837 eueniunt
889 797 1092 848 frugaliter.

279 866 381 903 hanc
402 878 474 914 ego
496 878 575 903 rem
598 878 756 902 exorsus
778 878 864 902 sum
886 865 1010 902 facete
1031 870 1068 901 et
1089 862 1239 908 callide,

277 930 391 980 igitur
411 938 689 980 prouenturam
711 930 813 967 bene
834 930 994 967 confido
1016 928 1121 966 mihi.

277 1009 382 1034 nunc
403 1009 475 1044 ego
495 997 679 1033 lenonem
701 994 754 1032 ita
774 994 893 1032 hodie
914 993 1136 1032 intricatum
1158 992 1273 1039 dabo,

275 1067 318 1099 ut
338 1060 444 1110 ipsus
465 1074 549 1098 sese
570 1073 647 1109 qua
667 1073 708 1098 se
729 1059 911 1109 expediat
931 1058 1090 1097 nesciat.
1434 1108 1437 1110 -
1519 1071 1557 1094 10

277 1125 496 1176 Sagaristio,
519 1126 626 1171 heus,
651 1125 710 1163 exi
731 1132 850 1174 atque
871 1126 996 1163 educe
1017 1123 1207 1174 uirginem

277 1198 315 1229 et
335 1190 426 1229 istas
447 1190 608 1229 tabellas
629 1203 726 1240 quas
747 1188 976 1239 consignaui
997 1188 1078 1235 tibi,

276 1269 373 1307 quas
394 1263 435 1294 tu
455 1255 618 1294 attulisti
640 1255 693 1293 mi
713 1255 763 1294 ab
785 1268 850 1293 ero
872 1268 962 1293 meo
983 1267 1108 1304 usque
1129 1267 1150 1292 6
1172 1253 1313 1292 Persia.

474 1378 822 1415 SAoARisrro
932 1378 1184 1413 Tolevs
1513 1371 1543 1408 ii

273 1469 364 1506 SAG.
390 1465 596 1516 Numquid
619 1466 780 1503 moror?
836 1466 910 1502 TO.
935 1466 1068 1514 eugae,
1092 1476 1214 1513 eugae
1236 1466 1241 1501 1
1273 1464 1492 1502 exornatu’s

881 1564 887 1567 .
1307 1528 1466 1566 basilice
1484 1543 1494 1576 5

272 1586 368 1625 tiara
387 1593 567 1624 ornatum
588 1584 719 1635 lepida
739 1585 977 1622 condecorat
998 1585 1167 1622 schema.

272 1659 355 1689 tum
376 1652 478 1689 hanc
499 1650 696 1700 hospitam
717 1658 850 1688 autern
872 1649 1074 1700 crepidula
1089 1657 1131 1686 ut
1147 1647 1332 1698 graphice
1352 1648 1466 1686 decet
1484 1650 1490 1685 1

271 1717 341 1755 sed
362 1715 461 1754 satin
482 1715 573 1754 estis
596 1715 802 1754 meditati?
859 1716 950 1753 SAG.
983 1714 1115 1764 tragici
1137 1722 1175 1752 et
1196 1713 1337 1751 comici

270 1794 487 1831 numquam
525 1793 650 1830 aeque
689 1788 779 1818 sunt
819 1779 1006 1818 meditati.
1080 1781 1153 1816 To.
1190 1777 1321 1828 lepide
1358 1778 1489 1815 hercle
1509 1793 1526 1825 5

1311 1842 1487 1881 adiuuas.
1525 1853 1529 1857 ’

269 1915 352 1952 age,
373 1901 464 1940 illuc
483 1902 653 1952 apscede
674 1902 810 1951 procul
831 1914 852 1938 e
872 1906 1099 1949 conspectu,
1123 1905 1218 1936 tace.

271 1967 337 2005 ubi
358 1980 449 2005 cum
470 1968 613 2005 lenone
635 1980 697 2004 me
720 1965 874 2004 uidebis
896 1963 1083 2014 conloqui

269 2031 309 2071 id
329 2032 400 2070 erit
419 2031 593 2070 adeundi
614 2039 780 2081 tempus.
840 2043 945 2068 nunc
965 2029 1109 2080 agerite
1130 2042 1212 2067 uos.

204 2147 264 2176 451
291 2136 395 2167 serrne
408 2136 572 2177 Scalzjger:
597 2136 692 2166 firme
716 2134 780 2166 cod.
926 2144 990 2173 452
1013 2134 1151 2164 velante
1168 2132 1311 2171 denique
1329 2131 1491 2172 dds-lingue

162 2183 227 2219 456
249 2181 336 2211 bene
357 2191 404 2219 pr.
424 2180 536 2218 Bothe,
560 2179 613 2209 cm·
634 2181 756 2209 -turfim
785 2178 924 2218 dz'spltket
1011 2179 1074 2216 463
1098 2177 1180 2207 tiara
1205 2181 1359 2206 ornatum
1377 2175 1489 2214 lepide

163 2225 366 2255 condecorat
377 2228 469 2253 tuum
487 2222 552 2253 cod.
571 2234 577 2253 :
602 2223 769 2253 theatrum
788 2222 900 2261 lepida
917 2222 1121 2252 condecorat
1137 2221 1274 2250 schema
1291 2217 1378 2250 codd.
1397 2218 1488 2248 Pris-

162 2268 248 2297 ciani
265 2278 292 2305 1,
311 2277 374 2298 200
391 2267 448 2306 qui
462 2269 598 2297 testatur
617 2267 751 2296 schema
764 2266 892 2305 primae
908 2265 980 2294 dez-l.
1001 2268 1030 2294 et
1039 2275 1112 2304 gen.
1123 2264 1207 2303 sem.
1332 2263 1486 2292 tiaratum

162 2310 290 2341 Schoell
385 2312 461 2349 467,
477 2310 540 2348 468
553 2309 604 2348 (cfi
625 2310 788 2348 727‚728)
807 2309 875 2339 secl.
901 2309 1025 2348 Ussing
1111 2309 1172 2346 467
1197 2306 1309 2346 aspice
1328 2305 1486 2345 deprocul

164 2355 416 2394 inconspectum
441 2358 463 2384 t.
481 2353 545 2384 cod.
