1783 2707
167 139 235 176 IV.

203 260 241 292 15

201 851 241 873 20

201 1429 238 1460 25

257 138 287 175 ii
672 140 719 177 T.
753 139 932 178 MACCI
966 140 1169 176 PLAVTI

315 247 444 284 hercle
465 260 558 285 uero
579 246 656 284 iam
676 246 896 285 adlubescit
918 245 1146 296 primulum,
1167 245 1388 284 Palaestrio.

315 312 383 349 ΡΑ.
416 311 564 361 priu'ne
589 324 707 361 quam
729 310 834 349 illam
863 309 986 349 oculis
1014 309 1215 348 tuis—Pv.
1248 309 1395 348 uideon
1415 310 1455 348 id
1476 311 1583 360 quod

1347 376 1465 413 credo
1486 375 1586 413 tibi?

312 449 395 480 tum
441 442 538 480 haec
577 443 725 480 celocla
769 449 901 479 autem
947 440 1012 478 illa
1049 447 1213 490 apsente
1251 439 1395 489 subigit
1439 454 1502 478 me
1543 447 1586 478 ut

846 518 987 543 amem.
1048 506 1117 542 ΡΑ.
1151 506 1281 543 hercle
1302 505 1403 542 hanc
1425 504 1585 554 quidem

312 571 409 610 nihil
430 579 471 609 tu
496 570 657 609 amassis
673 585 682 618 3
713 569 809 608 mihi
829 571 926 608 haec
947 571 1205 619 desponsast:
1236 568 1307 607 tibi
1332 569 1363 607 si
1383 568 1447 607 illa
1467 569 1586 607 hodie

1399 634 1583 684 nupserit,

313 716 386 753 ego
413 705 515 742 hanc
543 702 733 741 continuo
757 716 918 741 uxorem
939 703 1094 741 ducam.
1155 704 1222 739 ΡΥ.
1257 701 1352 751 quid
1373 714 1463 751 ergo
1484 702 1586 739 hanc

1192 767 1349 805 dubitas
1370 766 1587 816 conloqui?

315 836 383 872 ΡΑ.
416 847 579 884 sequere
617 835 691 872 hac
731 847 794 871 me
833 846 933 883 ergo.
994 834 1062 870 ΡΥ.
1099 831 1338 882 pedisequos
1377 831 1448 870 tibi
1486 845 1582 870 sum.

874 899 946 935 M1.
979 897 1141 944 utinam,
1165 896 1306 947 quoius
1327 910 1463 935 caussa
1484 898 1585 935 foras

312 978 399 1002 sum
420 977 583 1015 egressa,
606 962 739 1016 (eiius)
759 962 1029 1001 conueniundi
1050 961 1147 1000 mihi
1168 969 1341 1012 potestas
1362 969 1513 1000 euenat.

261 1091 328 1127 ΡΑ.
362 1089 432 1128 erit
462 1097 499 1128 et
529 1088 599 1127 tibi
629 1096 857 1139 exoptatum
884 1087 1072 1138 optinget,
1095 1088 1246 1126 bonum
1272 1088 1374 1127 habe
1397 1088 1586 1135 animum,

1327 1167 1376 1192 ne
1397 1152 1564 1192 formida
1578 1168 1588 1201 3

260 1221 381 1258 homo
409 1219 608 1269 quidamst
632 1218 699 1269 qui
731 1218 803 1257 scit
833 1219 941 1269 quod
966 1218 1119 1269 quaeris
1149 1218 1217 1257 ubi
1245 1218 1302 1256 sit.
1365 1220 1436 1256 M1.
1469 1231 1587 1268 quem

1247 1297 1319 1334 ego
1340 1284 1404 1321 hic
1424 1283 1589 1322 audiui?

262 1352 329 1388 ΡΑ.
363 1349 513 1388 socium
534 1357 691 1388 tuorum
713 1348 969 1388 conciliorum
992 1356 1029 1387 et
1049 1348 1279 1399 participem
1302 1348 1566 1387 consiliorum.

262 1417 334 1453 M1.
367 1423 449 1453 tum
471 1416 537 1466 pol
558 1428 630 1464 ego
652 1415 691 1454 id
712 1416 820 1465 quo‘d
841 1416 926 1453 celo
947 1415 1024 1452 hau
1045 1416 1141 1452 celo.
1193 1416 1261 1452 PA.
1286 1414 1408 1453 immo
1424 1422 1462 1452 et
1482 1416 1585 1453 celas

1308 1487 1345 1518 et
1367 1493 1447 1518 non
1468 1481 1581 1518 celas.

258 1547 331 1584 M1.
364 1559 444 1596 quo
463 1547 724 1596 argumento?
782 1547 850 1583 PA.
874 1545 1018 1584 infidos
1035 1546 1137 1584 celas
1155 1560 1161 1584 :
1192 1558 1264 1595 ego
1281 1558 1367 1583 sum
1384 1545 1454 1584 tibi
1475 1546 1585 1585 firme

1470 1611 1582 1649 fidus

259 1678 331 1714 M1.
364 1677 464 1714 cedo
502 1675 667 1726 signum,
710 1675 741 1714 si
780 1676 928 1714 harunc
968 1677 1213 1714 Baccharum
1253 1689 1303 1714 es.
1375 1677 1443 1713 PA.
1480 1683 1585 1714 amat

995 1740 1134 1779 mulier
1154 1741 1349 1790 quaedam
1371 1741 1581 1790 quendam.

258 1809 330 1845 M1.
363 1808 429 1857 pol
450 1806 549 1845 istuc
570 1805 731 1856 quidem
754 1807 909 1845 multae.
971 1808 1040 1844 PA.
1072 1813 1110 1844 at
1132 1819 1212 1845 non
1235 1807 1380 1844 multae
1397 1807 1446 1844 de
1462 1805 1585 1856 digito

1241 1872 1390 1909 donum
1412 1870 1582 1909 mittunt.

259 1939 331 1975 M1.
356 1936 460 1975 enim
478 1936 647 1987 cognoui
664 1950 780 1984 nunc,
799 1935 924 1975 fecisti
942 1938 1063 1976 modo
1079 1935 1133 1974 mi
1149 1949 1195 1975 ex
1212 1935 1389 1986 procliuo
1411 1937 1583 1986 planum.

304 2045 452 2074 1004-13
489 2045 553 2065 non
574 2034 692 2074 legitur
713 2034 745 2064 A
906 2044 989 2073 1005
1014 2034 1103 2065 iliam
1129 2033 1194 2065 cod.
1308 2034 1406 2064 uideo
1433 2033 1523 2074 (ideo
1540 2033 1586 2073 Β)

257 2078 323 2110 cod.
343 2079 380 2119 (i,
394 2088 424 2117 p.
445 2081 503 2117 27)
640 2079 723 2108 1006
749 2083 816 2109 tum
840 2077 939 2109 Ital:
964 2088 1039 2108 cum
1059 2077 1122 2108 cod.
1215 2076 1365 2108 celocula
1390 2077 1507 2117 Bugge
1531 2077 1583 2117 (cf

260 2122 363 2154 class.
381 2121 459 2152 Rev.
482 2123 511 2161 6,
537 2122 614 2160 893:
639 2122 769 2152 elocuta
788 2121 853 2152 cod.
946 2121 1034 2152 illam
1058 2126 1169 2152 autem
1195 2120 1259 2151 cod.
1279 2132 1286 2151 τ
1309 2121 1416 2151 traieci
1504 2131 1585 2159 1007

259 2167 499 2206 desponsatast
525 2165 600 2195 ΡΟ)
690 2165 749 2196 tibi
777 2176 843 2196 om.
870 2164 902 2194 B
1037 2175 1120 2204 1009
1143 2164 1232 2195 foras
1260 2164 1337 2195 (sori
1362 2164 1408 2204 B)
1435 2164 1467 2194 in
1497 2164 1587 2194 initio

258 2220 370 2240 versus
385 2210 552 2248 sequentis,
572 2208 653 2245 cod.‚
672 2208 759 2239 unde
775 2209 868 2239 cuius
887 2208 996 2248 gratia
1019 2208 1119 2239 Foras
1138 2218 1212 2238 sum
1233 2208 1372 2237 Mueller
1503 2217 1586 2238 1010

259 2255 334 2284 eius
345 2252 419 2283 add.
437 2251 597 2292 Spengel:
612 2252 693 2292 sort.
714 2251 885 2294 (utinam)
1021 2261 1101 2289 1013
1126 2251 1340 2282 consiliorum
1356 2250 1458 2281 Bothe
1475 2262 1482 2281 ε
1507 2261 1586 2281 con-

259 2296 420 2327 siliarium
444 2296 484 2335 P,
509 2296 542 2326 A
574 2306 605 2326 n.
632 2296 653 2326 l.
793 2305 873 2334 1014
899 2295 1000 2325 immo
1026 2296 1128 2325 etiam
1156 2296 1206 2332 (et
1233 2295 1332 2324 etiam
1357 2294 1405 2331 Β)
1429 2294 1491 2325 sed
1517 2304 1583 2324 non

260 2340 350 2370 celas
366 2340 399 2370 P
531 2348 613 2378 1015
638 2339 733 2369 firme
758 2339 843 2370 fides
870 2338 981 2378 (firme
1006 2339 1115 2369 fidelis
1139 2337 1222 2376 ΡΕῙ),
1251 2338 1347 2368 firma
1374 2338 1458 2368 fides
1481 2337 1530 2377 Β)
1555 2337 1589 2367 Ρ

263 2385 345 2415 1016
368 2388 420 2414 est
446 2382 480 2412 P
627 2383 775 2422 1017-26
803 2387 908 2423 pauca
939 2383 972 2411 in
1003 2382 1106 2412 initiis
1135 2381 1291 2421 leguntur
1317 2381 1350 2410 A
1502 2391 1582 2420 1017

261 2426 400 2466 didigito
414 2427 549 2457 domum
568 2426 600 2458 B
754 2426 835 2456 1018
858 2425 994 2466 planum
1015 2425 1227 2457 Gulielmius:
1254 2430 1384 2465 patrem
1402 2424 1442 2463 P,
1459 2424 1492 2454 A
1513 2436 1544 2456 u.
1563 2425 1583 2456 l.

263 2471 335 2513 (vii,
354 2481 384 2510 p.
404 2471 479 2511 104)

972 2527 995 2537 l

1607 318 1691 354 1005

1606 972 1697 998 1010

1608 1555 1693 1592 1015
