1731 2713
765 90 1003 130 STICHVS
1478 93 1528 128 II.
1552 91 1582 128 ii

210 204 266 240 Pi.
304 210 415 253 poste
453 211 583 242 autem
628 203 785 242 aduexit
826 203 1014 254 parasitos
1054 208 1318 242 secum—(ja.
1356 206 1401 251 ei,
1439 205 1533 254 perii

1393 269 1532 309 miser!

211 334 264 370 l'i.
297 332 618 373 ridiculissumOS.
676 335 750 373 GE.
783 347 977 373 rcuorram
1020 337 1149 373 hercle
1188 337 1263 373 hoc
1298 336 1407 385 quod
1441 348 1532 374 con—
1551 342 1593 383 65

1273 399 1373 439 uorri
1397 401 1529 440 modo.

120 465 307 511 3901'AN.
341 463 500 503 uidistin
529 465 655 504 uirum
678 465 819 504 sororis
846 466 1127 516 Pamphilum?
1188 468 1244 503 l'i.
1278 479 1368 504 non.
1431 467 1529 503 I’AN.

1290 545 1371 570 non
1392 531 1534 571 adest?

209 596 265 633 P1.
298 594 419 634 immo
441 595 596 635 uenisse
616 609 707 634 eum
729 596 861 635 simitu
882 597 1011 636 aiebat
1032 597 1095 636 ille
1113 613 1118 636 :
1149 610 1222 647 ego
1243 598 1321 636 huc
1342 596 1442 635 citus

207 660 460 710 praecucurri,
484 669 526 700 ut
546 661 769 700 nuntiarem
790 663 973 701 nuntium
995 662 1269 713 exoptabilem.

206 726 279 763 (¹113.
312 728 470 766 uenales
492 726 569 777 logi
590 734 681 765 sunt
702 726 756 765 illi
777 740 877 778 quos
898 728 1091 778 negabam
1112 728 1295 766 uendere.

206 790 320 838 ilicet,
343 791 419 829 iam
440 805 531 831 meo
552 793 694 831 malost
714 794 823 843 quod
847 794 1129 833 maleuolentes
1149 794 1356 843 gaudeant.
1554 808 1594 839 70

118 867 183 905 395
207 857 409 904 Hercules,
433 857 499 907 qui
521 858 609 896 deu'
631 858 693 906 sis,
718 871 811 897 sane
832 858 1045 898 discessisti
1066 871 1147 897 non
1168 859 1282 897 bene.

206 922 304 959 PAN.
337 921 480 969 iintro‚
505 922 721 970 Pinacium,
746 923 837 962 iube
867 924 1034 962 famulos
1064 936 1145 962 rem
1176 922 1353 962 diuinam
1384 923 1437 961 mi
1466 935 1531 973 ap-

1378 996 1526 1038 parent.

205 1053 304 1092 bene
318 1054 415 1092 uale.
458 1055 531 1092 GE.
556 1054 622 1092 uin
635 1054 906 1094 administrem
921 1056 938 1093 Ρ
986 1056 1086 1092 PAN.
1109 1062 1167 1094 sat
1181 1067 1384 1093 seruorum
1399 1053 1528 1092 habeo

1351 1117 1530 1157 domi.—

203 1185 277 1221 (J'E.
309 1182 413 1222 enim
435 1197 539 1231 uero,
565 1184 774 1232 Gelasime,
799 1184 940 1235 opinor
960 1184 1176 1235 prouenisti
1197 1184 1337 1231 futtile,

201 1248 232 1287 si
253 1262 381 1299 neque
402 1248 466 1288 ille
485 1250 598 1288 adest
618 1263 747 1301 neque
767 1249 832 1288 hic
853 1249 921 1301 qui
941 1250 1051 1289 uenit
1071 1249 1283 1301 quicquam
1305 1248 1501 1289 subuenit.
1550 1262 1587 1295 75

114 1329 184 1363 400
202 1314 268 1354 ibo
290 1314 391 1354 intro
411 1316 462 1354 ad
483 1315 602 1355 libros
623 1324 661 1355 et
681 1316 831 1355 discam
852 1317 902 1355 de
923 1316 1038 1355 dictis
1059 1315 1287 1355 melioribus
1304 1330 1314 1364 5

201 1394 292 1420 nam
313 1380 353 1419 ni
373 1380 459 1420 illos
480 1381 661 1421 homines
682 1383 846 1433 expello,
869 1394 942 1433 ego
962 1381 1091 1422 occidi
1111 1381 1420 1433 planissume.—

682 1583 918 1632 ACTVS
970 1583 1049 1630 III

518 1687 853 1724 EpicN-onvs
964 1686 1206 1724 ST1CHvs
1547 1683 1661 1722 III.i

306 1773 376 1812 ΕΡ.
409 1774 544 1823 Quom
564 1774 667 1813 bene
688 1788 728 1813 re
748 1782 858 1825 gesta
877 1774 1008 1812 saluos
1028 1780 1241 1813 conuortor
1260 1773 1437 1820 domum,

301 1839 495 1890 Neptuno
514 1839 631 1889 gratis
651 1839 781 1880 habeo
801 1847 839 1878 et
860 1838 1181 1890 Tempestatibus
1197 1853 1207 1887 5

303 1903 420 1943 simul
442 1904 654 1953 Mercurio,
674 1904 742 1956 qui
763 1918 827 1944 me
846 1904 887 1944 in
908 1903 1174 1944 mercimoniis

109 1982 175 2019 405
303 1968 401 2009 iuuit
421 1969 617 2021 lucrisque
636 1970 953 2022 quadruplicauit
972 1983 1054 2010 rem
1075 1983 1216 2010 meam.

303 2035 396 2075 olim
418 2049 518 2087 quos
537 2036 675 2076 abiens
694 2036 822 2076 adfeci
841 2036 1091 2087 aegrimonia,
1540 2047 1558 2079 5

237 2140 300 2179 388
325 2150 438 2171 seeum
463 2141 629 2181 parasitos
656 2141 690 2172 P
826 2142 891 2181 389
914 2140 1210 2172 ridiculosissimos
1234 2139 1323 2172 codd.
1455 2150 1521 2181 390

194 2183 472 2225 pamphilippurn.
534 2184 584 2215 Px.
611 2195 690 2218 non.
750 2183 836 2216 PAN.
864 2186 962 2216 adest
977 2184 1123 2226 P(2pro
1137 2185 1430 2225 Pamphilippum?
1450 2194 1518 2216 non

193 2228 290 2259 adest
301 2229 325 2267 Εἰ)
459 2238 519 2268 391
547 2229 647 2259 immo
664 2228 798 2260 alebant
823 2229 962 2260 uenisse
986 2238 1061 2259 eum
1085 2228 1182 2259 simul
1210 2229 1284 2268 (pro
1306 2227 1436 2269 simitu)
1457 2228 1519 2259 sed

194 2282 260 2311 ego
276 2272 340 2303 huc
357 2271 443 2303 citus
459 2271 493 2302 P
598 2272 648 2303 vel
658 2272 750 2304 aibat
911 2282 975 2312 392
998 2271 1178 2303 obtabilem
1197 2271 1231 2302 P
1367 2282 1432 2312 393
1456 2271 1520 2303 loci

195 2313 229 2345 Ρ
355 2326 419 2357 394
445 2314 535 2347 ilicet
554 2315 634 2357 iarn]
655 2315 732 2348 ilico
751 2321 787 2347 et
807 2315 841 2346 Ρ
924 2315 1072 2347 audeant
1090 2315 1124 2346 P
1251 2323 1314 2355 395
1340 2325 1421 2347 sane
1446 2320 1522 2347 ante

194 2359 249 2398 qui
266 2356 299 2390 P
384 2360 600 2391 discessisses
623 2359 656 2390 Ρ
749 2360 814 2399 396
836 2359 846 2390 i
863 2359 873 2389 i
889 2359 923 2390 Ρ
1007 2357 1141 2391 famulis
1162 2358 1194 2389 A
1216 2359 1345 2402 (reclei)
1455 2361 1521 2400 398

195 2403 246 2434 vel
257 2404 360 2443 opino
491 2413 556 2444 399
579 2403 658 2434 ueni
675 2403 707 2433 A
842 2414 907 2443 400
930 2403 1036 2434 dicam
1055 2403 1087 2433 A
1221 2404 1286 2442 406
1308 2403 1419 2434 adfect
1435 2401 1469 2434 Ρ
