1783 2707
197 122 250 158 II.

272 121 300 157 ii
694 120 739 156 T.
774 118 953 157 MACCI
986 117 1189 154 PLAVTI

270 234 344 271 To.
355 245 455 282 egon
464 232 554 270 dem
564 230 704 281 pignus
713 231 865 268 tecum?
897 231 965 266 ΡΑ.
982 228 1178 275 audacter,
1189 226 1220 265 si
1234 225 1410 265 lubidost
1422 225 1594 276 perdere.

268 299 342 336 To.
375 298 482 336 bona
510 310 585 346 pax
614 295 662 334 sit
692 294 832 345 potius.
894 296 961 331 ΡΑ.
995 301 1079 331 tum
1110 301 1150 330 tu
1181 291 1295 341 igitur
1324 290 1408 330 sine
1438 304 1500 328 me
1530 290 1593 328 ire.

1125 359 1198 394 To.
1232 364 1270 395 et
1290 356 1408 394 iubeo
1429 363 1466 394 et
1487 354 1572 393 sino
1587 369 1597 402 3

270 428 339 466 sed
370 427 423 466 ita
452 428 545 465 uolo
576 433 636 464 te:
668 422 854 477 curre[re]
886 431 927 461 ut
957 422 1067 462 domi
1098 421 1159 468 sis,
1192 434 1313 471 quom
1344 433 1416 470 ego
1445 426 1483 458 te
1512 432 1597 457 esse
1619 428 1685 463 190

1327 485 1381 523 illi
1401 497 1594 523 censeam.

270 560 337 596 ΡΑ.
370 557 521 596 faciam.
564 559 637 595 To.
664 556 744 606 quo
765 569 856 605 ergo
877 554 908 592 is
929 555 1064 592 nunc?
1104 555 1172 590 ΡΑ.
1200 553 1364 590 domum
1382 567 1388 588 :
1410 549 1465 588 uti
1486 548 1596 588 domi

1096 618 1180 665 sim,
1204 631 1325 668 quom
1346 616 1400 654 illi
1421 627 1591 654 censeas.
1655 630 1662 637 ·

213 707 250 728 10
269 692 342 728 To.
376 691 492 728 scelu'
523 696 564 727 tu
594 687 703 738 pueri
733 701 773 725 es
807 694 925 736 atque
957 686 1008 724 ob
1041 684 1165 728 istanc
1195 697 1277 722 rem
1307 695 1379 732 ego
1408 679 1528 730 aliqui
1557 687 1596 717 te

210 1159 247 1191 15

205 1745 244 1766 20

1375 744 1593 797 peculiabo.

270 821 337 857 ΡΑ.
371 818 451 857 scio
473 819 550 857 fide
572 819 701 856 hercle
722 816 803 855 erili
825 824 866 854 ut
887 817 1010 854 soleat
1031 812 1264 864 inpudicitia
1284 809 1513 862 opprobrari

267 898 340 923 nec
362 882 489 934 subigi
506 890 698 933 queantur
714 894 904 931 umquam
925 888 966 918 ut
982 893 1053 930 pro
1070 893 1116 917 ea
1128 879 1207 917 fide
1224 877 1395 915 habeant
1411 874 1593 913 iudicem.

267 951 340 988 To.
373 947 437 987 abi
464 948 595 986 modo.
648 948 718 984 ΡΑ.
749 960 821 996 ego
843 944 1021 984 laudabis
1042 945 1141 982 faxo.
1192 945 1265 981 To.
1299 942 1368 980 sed
1389 941 1458 978 has
1479 939 1598 977 tabel-
1620 948 1681 987 195

1276 1009 1343 1054 las,
1367 1003 1595 1055 Paegnium,

267 1079 340 1130 ipsi
362 1076 627 1118 Lemniseleni
649 1078 708 1116 fac
730 1077 798 1115 des
820 1083 857 1114 et
879 1089 979 1126 quae
1000 1073 1094 1113 iussi
1114 1072 1306 1112 nuntiato.

429 1146 492 1183 So.
525 1156 637 1182 cesso
658 1142 711 1180 ire
732 1155 805 1192 ego
826 1155 906 1191 quo
927 1140 1046 1178 missa
1066 1152 1163 1177 sum.

268 1212 336 1248 ΡΑ.
369 1224 416 1249 eo
437 1222 521 1259 ego.
580 1210 653 1246 TO.
686 1206 697 1245 i
719 1220 823 1245 sane.
878 1219 951 1256 ego
973 1206 1137 1244 domum
1159 1203 1235 1242 ibo.
1286 1203 1371 1241 face
1392 1215 1471 1240 rem
1493 1201 1597 1238 hanc

1250 1281 1339 1306 cum
1363 1280 1455 1305 cura
1474 1279 1593 1316 geras.

265 1342 356 1380 uola
376 1339 709 1379 curriculo.——PA.
742 1337 842 1376 istuc
864 1335 1036 1374 marinus
1057 1348 1190 1385 passer
1210 1347 1278 1384 per
1298 1332 1444 1371 circum
1466 1332 1574 1370 solet.

265 1465 343 1504 11110
364 1464 456 1504 hinc
475 1464 571 1504 abiit
592 1463 694 1502 intro
715 1464 803 1501 huc.
856 1463 925 1501 sed
946 1461 1032 1512 quis
1055 1462 1152 1499 haec
1174 1467 1231 1498 est
1252 1473 1353 1510 quae
1374 1472 1437 1497 me
1457 1459 1593 1497 aduor·
1613 1466 1684 1492 200

1311 1537 1397 1562 sum
1419 1523 1595 1562 incedit?

265 1598 328 1635 So.
363 1594 577 1646 Paegnium
606 1592 835 1644 hicquidem
858 1599 926 1631 est.
990 1594 1057 1629 ΡΑ.
1092 1589 1392 1641 Sophoclidisca
1410 1588 1508 1628 haec
1533 1602 1596 1639 pe-

1297 1654 1478 1694 culiarest
1498 1653 1595 1693 eiius

263 1740 343 1777 quo
364 1739 436 1777 ego
453 1739 539 1764 sum
562 1724 713 1764 missus.
766 1726 830 1763 So.
863 1725 993 1763 nullus
1011 1737 1095 1762 esse
1112 1722 1231 1762 hodie
1252 1723 1328 1760 hoc
1345 1733 1467 1771 puero
1487 1719 1613 1770 peior*

1355 1785 1592 1837 perhibetur.

265 1859 333 1895 ΡΑ.
374 1857 634 1908 compellabo.
710 1858 774 1896 So.
817 1856 1152 1896 commorandust.
1229 1856 1296 1892 PA.
1336 1849 1594 1905 (standumst)

1174 1919 1281 1969 apud
1301 1919 1404 1956 hanc
1425 1916 1591 1956 obicem.

311 2029 370 2059 188
394 2028 526 2059 lubidos
544 2033 595 2060 est
614 2028 645 2058 Ρ
778 2037 838 2066 190
863 2026 956 2068 uolo]
977 2025 1070 2057 urolo
1084 2024 1117 2055 A
1211 2034 1308 2055 curre
1319 2023 1449 2064 scripsi:
1477 2032 1594 2053 curare

264 2071 313 2103 P:
340 2082 477 2103 currere
493 2072 524 2102 A
547 2072 598 2112 (cf.
616 2071 714 2103 Stt'clz.
742 2072 803 2110 285
828 2081 964 2101 currere
985 2075 1045 2110 pro
1070 2077 1167 2099 curre
1184 2067 1230 2108 P)
1386 2077 1441 2106 191
1468 2066 1595 2096 duobus

264 2116 424 2146 versiculis
438 2116 583 2153 Faciam,
595 2120 623 2146 et
634 2115 730 2146 Domi
742 2115 774 2145 A
851 2125 910 2153 ¹92
933 2113 1034 2152 aliqui
1048 2111 1167 2142 Dousa
1184 2123 1190 2142 z
1215 2111 1332 2151 aliquit
1344 2110 1377 2140 A
1396 2122 1403 2141 z
1427 2109 1550 2149 aliquid
1564 2107 1598 2138 P

269 2169 328 2197 193
345 2159 480 2190 hercole
494 2163 531 2189 ut
540 2159 601 2189 vid.
619 2159 652 2188 A
747 2168 807 2197 194
834 2157 884 2188 Ne
902 2156 934 2186 A
1029 2165 1176 2195 195-247
1202 2155 1286 2186 deest
1299 2154 1332 2184 A
1428 2163 1487 2193 195
1512 2162 1593 2191 ergo

264 2202 328 2233 rod.
422 2213 486 2234 200
510 2203 529 2233 i.
547 2202 628 2233 abiit
646 2202 712 2241 (Ae.
732 2202 801 2231 abit
813 2203 837 2237 Ζ)
857 2202 888 2232 h.
906 2199 969 2231 cod.
989 2211 994 2228 ·.
1020 2199 1091 2230 irai.
1110 2199 1238 2229 Ritscld
1255 2196 1448 2232 (secundum
1467 2205 1592 2227 morem

265 2245 476 2285 Plautinum)
551 2246 594 2276 mi
609 2244 731 2275 Pradel
742 2245 778 2275 de
793 2249 900 2284 praep.
919 2254 950 2284 p.
968 2244 1030 2282 485
1136 2252 1200 2281 203
1225 2242 1274 2272 vel
1287 2240 1592 2272 commorandumst

266 2289 336 2328 (sed
344 2300 370 2320 c.
384 2288 607 2319 ‘manendum
620 2289 683 2319 est'
701 2289 755 2318 vix
766 2287 979 2321 Plautinum)
1040 2286 1230 2317 standumst
1244 2285 1320 2316 add.
1335 2283 1400 2315 Leo
1461 2284 1550 2314 hana
1560 2281 1593 2312 B

263 2334 391 2364 obicem
411 2333 591 2372 <obieceru>
609 2331 702 2362 Valla
719 2343 725 2362 z
749 2331 856 2362 obieci
874 2329 944 2361 cod.
970 2329 1041 2371 (pro
1056 2329 1196 2360 obieeim
1209 2330 1234 2366 3)
1353 2328 1403 2359 ob.
1425 2324 1591 2368 (gradus)

263 2376 390 2407 Sclzoell
399 2387 405 2406 :
424 2375 530 2406 obieci
542 2374 713 2416 (moram)
725 2374 847 2405 Pradel
857 2373 894 2404 de
900 2377 1012 2414 praep.
1026 2382 1057 2412 p.
1073 2382 1133 2412 491
1186 2373 1267 2412 sort.
1284 2370 1503 2411 compellabo.
1527 2369 1586 2399 ΡΑ.

263 2420 573 2450 commorandumst
587 2438 623 2440 —
638 2416 719 2460 (So.
746 2418 928 2457 Paegnium
945 2416 974 2460 3>
1022 2416 1081 2447 ΡΑ.
1107 2426 1160 2446 me
1177 2416 1265 2456 apud
1284 2416 1314 2445 h.
1330 2415 1460 2445 obicem
1476 2413 1534 2455 (iii.
1554 2420 1587 2452 2)

943 2504 951 2522 l

975 2523 977 2525 '
990 2528 1013 2538 t

921 2616 962 2649 <hs
1023 2640 1035 2651 .

893 2685 942 2707 ετ,-
968 2678 994 2690 ·”
