1783 2707
154 143 222 180 IV.
244 143 273 181 ii
661 147 707 183 T.
740 146 920 185 MACCI
952 147 1155 184 PLAVTI

244 252 296 290 ait
316 252 432 300 illam,
457 254 638 292 miseram
661 254 821 292 cruciari
843 263 881 293 et
901 256 1184 292 lacrumantem
1205 268 1246 293 se
1266 255 1476 303 adflictare,

244 318 335 368 quia
351 318 398 356 tis
415 327 536 369 egeat,
556 319 649 369 quia
665 327 702 357 te
719 327 856 357 careat.
900 320 951 357 ob
973 333 1057 356 eam
1076 333 1158 357 rem
1179 320 1256 357 huc
1276 321 1327 357 ad
1348 328 1385 358 te
1402 321 1566 359 missast.

183 397 223 428 45
245 384 312 421 Pv.
346 382 437 421 iube
466 384 582 421 adire.
644 385 712 421 ΡΑ.
745 392 784 422 at
812 384 894 421 scin
922 383 1017 433 quid
1048 391 1089 421 tu
1116 383 1263 421 facias?
1292 384 1410 422 facito
1439 385 1568 423 fastidi

1395 450 1566 498 plenum,

243 512 355 561 quasi
376 526 455 550 non
476 513 633 560 lubeat3
664 527 727 551 me
748 513 969 559 inclamato,
993 512 1085 562 quia
1105 512 1160 550 sic
1180 520 1218 551 te
1238 515 1356 562 uolgo
1377 514 1544 562 uolgem.

245 577 507 615 PY.1nennni
543 585 580 616 et
614 577 832 628 praecepffis
867 578 1025 627 parebo.
1085 579 1153 615 PA„
1186 591 1316 615 uocon
1347 592 1438 628 ergo
1468 579 1569 615 hanc

1213 650 1371 692 quaete
1393 642 1572 692 quaent?

246 709 315 746 ΡΥ.
345 709 471 754 adeat,
495 707 525 745 si
547 707 643 757 quid
663 709 756 745 uolt.
817 709 886 745 ΡΑ.
918 707 949 745 si
970 707 1067 757 quid
1087 707 1157 754 uis,
1179 707 1255 754 adi,
1280 707 1426 745 mulier.
1496 709 1568 744 M1.

1256 774 1426 823 pulcher,
1450 774 1567 811 salue.

299 841 367 878 ΡΥ.
404 852 538 878 meum
572 847 882 889 cognomentum
913 838 1250 876 commemorauit.
1301 838 1340 877 di
1375 838 1445 876 tibi
1476 839 1570 875 dent

1119 916 1424 953 quaequomque
1445 910 1567 954 optes.

183 984 226 1016 50
246 971 319 1009 M1.
351 977 483 1009 tecum
515 977 684 1008 aetatem
719 969 870 1020 exigere
904 976 947 1007 ut
978 968 1217 1007 liceat—Pv.
1251 968 1417 1006 nimium
1447 975 1569 1017 optas.

1177 1035 1249 1072 M1.
1282 1047 1363 1071 non
1384 1047 1447 1071 me
1467 1033 1568 1080 dico,

243 1102 313 1140 sed
334 1115 439 1140 eram
462 1114 590 1140 meam
612 1114 713 1151 quae
734 1107 771 1139 te
792 1099 1017 1138 demoritur.
1078 1101 1146 1137 ΡΥ.
1179 1098 1277 1137 aliae
1293 1100 1439 1137 multae
1463 1098 1570 1137 idem

1287 1162 1386 1200 istuc
1407 1161 1571 1212 cupiunt

244 1230 378 1281 quibu'
406 1230 520 1281 copia
544 1244 624 1269 non
653 1237 720 1269 est.
781 1232 854 1268 M1.
887 1236 1039 1268 ecastor
1063 1230 1141 1267 hau
1169 1227 1310 1266 mirum
1333 1226 1363 1265 si
1391 1234 1428 1265 te
1449 1228 1571 1266 habes

1426 1306 1569 1340 carunb

245 1361 447 1401 hominem
482 1369 562 1400 tam
596 1363 804 1412 pulchrum
839 1368 878 1399 et
910 1362 1153 1412 praeclarum
1187 1358 1329 1398 uirtute
1364 1366 1402 1397 et
1435 1360 1570 1405 forma,

1448 1423 1569 1462 facus.

245 1493 334 1531 deu'
371 1492 525 1542 dignior
563 1492 635 1530 fuit
673 1491 882 1542 quisquam
920 1493 1042 1529 homo
1081 1490 1149 1540 qui
1188 1491 1318 1528 esset?
1385 1491 1454 1527 ΡΑ.
1491 1502 1572 1527 non

1042 1557 1172 1594 hercle
1193 1557 1406 1594 humanust
1427 1568 1572 1604 ergo——

183 1640 224 1671 55
245 1637 338 1661 nam
371 1623 542 1662 uolturio
575 1624 663 1673 plus
697 1621 861 1661 humani
895 1623 1014 1660 credo
1053 1628 1122 1660 est.
1181 1622 1251 1659 ΡΥ.
1282 1633 1469 1669 magnum
1509 1633 1571 1658 me

1431 1684 1571 1723 stufian1

245 1767 351 1793 nunc
389 1767 511 1804 quom
549 1753 662 1792 illaec
700 1767 763 1792 me
802 1751 914 1805 illi[c]
955 1753 1177 1791 conlaudat.
1255 1753 1324 1789 PA.
1371 1750 1491 1788 uiden
1529 1757 1571 1787 tu

1055 1817 1241 1868 ignauom
1262 1824 1304 1854 ut
1324 1829 1409 1854 sese
1430 1815 1573 1854 infert?

292 1933 418 1962 1032—9
436 1928 544 1963 pauca
562 1922 595 1952 ιἰι
606 1922 727 1962 primis
742 1925 771 1952 et
785 1921 936 1952 extremis
952 1920 1094 1950 versibus
1110 1920 1266 1959 leguntur
1279 1918 1311 1948 A
1492 1928 1573 1958 1033

235 1966 317 2006 sort.
346 1969 388 1997 tis
408 1964 492 2008 (ea)
518 1965 565 2004 (A
589 1976 619 1996 n.
649 1966 686 2001 l.)
843 1975 925 2003 1034
950 1964 1050 1994 facite
1075 1964 1107 1994 Β
1125 1965 1148 2002 <2
1173 1968 1232 2003 pro
1264 1963 1335 1993 sace
1360 1962 1423 2001 te),
1449 1962 1481 1992 A
1502 1973 1534 1993 n.
1553 1963 1573 1993 l.

249 2019 331 2049 1035
348 2010 396 2040 sic
415 2015 446 2040 te
463 2008 600 2048 Pylades
615 2020 620 2039 :
647 2009 694 2039 sic
706 2014 772 2040 tam
783 2009 824 2047 P,
843 2008 875 2038 A
891 2020 922 2038 n.
935 2007 955 2038 l.
972 2019 977 2038 z
1005 2012 1072 2037 tam
1090 2012 1123 2037 te
1140 2006 1241 2037 Baz'er
1361 2007 1443 2043 1036
1467 2016 1572 2036 uocon

246 2053 372 2084 Ritschl
387 2064 393 2083 :
419 2063 502 2083 uoco
519 2052 558 2092 P,
578 2052 610 2082 A
630 2063 661 2083 n.
679 2052 699 2082 l.
838 2062 917 2091 1037
937 2052 991 2082 adi
1008 2061 1072 2081 om.
1090 2050 1123 2080 Β
1256 2050 1338 2088 1038
1363 2049 1470 2089 [quis]
1484 2059 1572 2079 corn-

247 2097 389 2127 merauit
405 2096 438 2126 Β
450 2108 457 2126 z
481 2101 720 2127 commemorat
734 2095 925 2132 Hermann,
939 2095 992 2125 cui
1004 2094 1190 2124 octonarius
1203 2093 1343 2133 displicet
1354 2093 1403 2132 (cf
1423 2092 1470 2123 ad
1480 2092 1572 2124 Pers.

247 2141 324 2179 834)
338 2139 385 2178 §A
394 2140 468 2178 φιλ.)
516 2139 763 2180 quaecumque]
777 2144 812 2169 ut
824 2139 1026 2179 Bgexsupra
1037 2139 1152 2178 scripto
1165 2137 1406 2176 -cum-3):sort.
1421 2146 1572 2175 quaeque

250 2193 436 2223 1040—1121
456 2183 557 2222 deficit
572 2183 604 2212 A
611 2208 617 2221 ,
640 2184 703 2213 nisi
717 2183 808 2222 quod
821 2193 923 2223 usqne
940 2182 986 2212 ad
1000 2193 1028 2213 v.
1052 2183 1135 2220 1058
1147 2180 1348 2222 paucissima
1366 2180 1399 2210 in
1412 2180 1531 2219 primis
1545 2183 1575 2210 et

247 2228 397 2258 extremis
423 2227 563 2258 versibus
588 2227 743 2267 leguntur
886 2236 970 2265 1040
1002 2226 1126 2255 multae
1156 2225 1241 2254 aliae
1269 2223 1358 2255 cod.:
1392 2223 1464 2254 irai.
1488 2223 1572 2253 Brix

248 2271 365 2301 itidem
382 2271 503 2302 Pradel
516 2270 554 2300 de
578 2275 689 2311 praep.
711 2281 741 2310 p.
769 2271 833 2309 506
968 2280 1047 2307 1042
1072 2269 1282 2308 praeclarum
1306 2267 1450 2297 Ritsclal:
1475 2277 1571 2306 prae-

248 2315 371 2345 claram
404 2316 470 2354 (-ra
502 2314 588 2353 PCD)
615 2314 681 2345 cod.
714 2314 748 2354 (a
770 2319 833 2354 pro
860 2323 902 2351 u;
935 2314 976 2343 vi.
1009 2313 1039 2352 1)
1131 2313 1289 2342 uirtutem
1316 2315 1350 2341 et
1376 2310 1515 2340 formam
1540 2309 1573 2339 Β

247 2357 328 2400 (et)
353 2358 449 2389 sactis
479 2358 690 2388 Camerarius
824 2367 906 2395 1043
931 2357 1015 2386 deus
1038 2355 1146 2386 Brt'x:
1179 2355 1265 2385 heus
1290 2355 1406 2394 (heuis
1430 2353 1477 2393 Β)
1506 2352 1572 2385 cod.

247 2411 347 2441 quam
365 2402 396 2432 h.
413 2401 445 2431 Β
499 2401 678 2431 humanum
691 2405 827 2439 stergeo
845 2399 908 2430 cod.
927 2410 933 2429 :
959 2410 1038 2430 corr.
1054 2398 1175 2439 Haupt
1280 2407 1361 2436 1044
1387 2408 1439 2427 me
1456 2407 1522 2428 om.
1543 2396 1575 2426 Β

252 2454 333 2483 1045
365 2454 466 2483 quom
492 2444 626 2484 Ritsdzl,
645 2447 674 2473 et
698 2447 736 2473 ut
757 2443 819 2474 vid.
851 2442 916 2474 cod.
946 2444 1026 2482 (quo
1053 2442 1102 2473 B:
1141 2444 1194 2483 (Jm
1224 2442 1256 2481 (i.
1270 2451 1291 2472 e.
1321 2441 1493 2481 quoniam)
1521 2440 1574 2470 D:

994 2516 1015 2527 l

1593 524 1677 560 1035

1592 1110 1682 1143 1040

1595 1746 1680 1797 1'045
