1783 2707
157 145 225 182 IV.
247 146 293 182 iv
658 147 704 183 T.
739 146 919 185 MACCI
952 146 1157 183 PLAVTI

184 269 224 302 45
245 269 346 306 quae
374 257 425 295 ad
454 269 535 295 rern
566 257 745 294 referunt.
806 259 883 295 Do.
917 264 1035 306 atque
1065 257 1195 294 hercle
1221 263 1263 294 tu
1293 270 1357 294 me
1386 256 1572 294 monuisti

1359 322 1435 359 hau
1457 324 1568 360 male.

246 386 335 425 uide
356 386 416 434 sis,
440 400 512 436 ego
534 386 597 425 ille
619 388 759 425 doctus
779 388 870 425 leno
891 400 1016 436 paene
1036 385 1076 423 in
1097 387 1254 424 foueam
1276 386 1416 433 decidi,

244 451 283 489 ni
313 451 376 490 hic
409 453 577 491 adesses.
637 459 829 502 quantum
863 459 921 505 est
949 451 1139 490 adhibere
1168 451 1371 489 hominem
1400 451 1571 490 amicum
1592 464 1655 500 595

1236 516 1303 554 ubi
1324 516 1419 566 quid
1439 530 1547 566 geras
1565 520 1571 554 1

242 583 317 620 TO.
358 595 437 631 quo
466 595 606 632 genere
637 590 704 620 aut
734 595 811 632 qua
841 581 881 619 in
910 581 1033 631 patria
1062 589 1153 620 nata
1182 581 1230 619 sit
1259 589 1325 619 aut
1355 581 1488 631 quibu'
1509 596 1573 631 pa-

1382 646 1568 697 rentibus⁷

242 725 290 750 ne
312 720 456 750 temere
473 714 575 750 hanc
596 720 633 751 te
654 712 795 751 emisse
817 712 925 751 dicas
947 712 1010 750 me'
1031 712 1244 762 impulsore
1265 720 1331 750 aut
1353 711 1479 759 inlice,

181 794 221 824 50
242 779 333 815 uolo
368 785 404 816 te
444 778 674 828 percontari.
737 780 812 816 1)Ο.
859 777 954 828 quin
988 779 1119 825 laudo,
1156 778 1329 828 inquam,
1363 778 1570 816 consilium

1447 851 1567 881 tuom.

241 909 315 946 ΤΟ.
360 907 434 946 nisi
468 910 678 947 molestum
713 916 780 956 est,
813 908 1032 959 percontari
1066 910 1169 947 hanc
1208 908 1342 958 paucis
1376 908 1439 946 hic
1474 899 1590 946 uolt.-

1251 975 1341 1011 SAG.
1375 986 1567 1019 maxume,

209 1079 211 1081 ,
239 1054 310 1078 suo
331 1039 526 1078 arbitratu.
586 1042 660 1078 TO.
692 1039 788 1090 quid
809 1042 916 1079 stas?
944 1039 1009 1079 adi
1026 1040 1076 1078 sis
1093 1047 1175 1078 tute
1195 1047 1313 1089 atque
1330 1039 1412 1089 ipse
1433 1038 1568 1077 itidem
1587 1043 1657 1077 600

1479 1118 1570 1154 roga

238 1178 280 1209 ut
301 1170 371 1209 tibi
391 1169 612 1221 percontari
632 1170 747 1208 liceat
767 1184 868 1220 quae
888 1170 985 1209 uelis
1002 1184 1013 1219 3
1040 1169 1112 1208 etsi
1132 1169 1228 1208 mihi

237 1235 332 1274 dixit
354 1237 446 1274 dare
466 1243 702 1286 potestatem
723 1235 820 1274 eiius
837 1251 846 1283 3
875 1237 945 1274 sed
966 1249 1039 1285 ego
1060 1244 1098 1274 te
1119 1237 1223 1274 malo
1243 1243 1376 1274 tamen

176 1315 215 1348 55
236 1315 398 1351 eumpse
437 1300 555 1349 adire,
590 1308 632 1339 ut
666 1315 716 1339 ne
750 1308 980 1340 contemnat
1013 1308 1051 1339 te
1087 1300 1161 1340 ille.
1232 1303 1307 1339 Do.
1349 1300 1433 1339 sati'
1464 1308 1568 1339 recte

1417 1380 1566 1404 mones.

233 1435 389 1484 hospes,
412 1434 504 1471 uolo
523 1446 594 1482 ego
615 1433 718 1471 hanc
744 1431 976 1482 percontari.
1036 1433 1130 1470 SAG.
1161 1445 1184 1470 3
1204 1439 1304 1470 terra
1329 1433 1379 1470 ad
1401 1434 1564 1480 caelum,

1345 1497 1562 1547 quidlubet.

236 1566 311 1602 DO.
354 1563 444 1602 iube
476 1564 571 1602 dum
604 1577 650 1601 ea
683 1564 761 1601 huc
795 1564 959 1601 accedat
996 1563 1048 1601 ad
1077 1576 1150 1601 me.
1212 1564 1305 1600 SAG.
1342 1561 1353 1599 i
1391 1576 1484 1600 sane
1518 1576 1564 1600 30
1583 1565 1649 1609 605

1183 1671 1185 1673 v
1218 1641 1366 1665 morem
1388 1627 1441 1664 1111
1462 1641 1560 1676 gere.

232 1701 472 1744 percontare,
509 1694 667 1743 exquire
706 1693 874 1743 quiduis.
939 1695 1014 1732 To.
1059 1706 1143 1743 age,
1181 1706 1252 1743 age
1291 1707 1396 1731 1111110
1435 1701 1487 1740 tu,
1523 1692 1563 1730 in

1371 1758 1563 1808 proelium
1607 1783 1609 1785 ·

233 1825 324 1864 uide
358 1832 400 1862 ut
434 1824 651 1874 ingrediare
684 1824 898 1874 auspicato.
958 1826 1024 1862 V1.
1065 1823 1299 1874 liquidumst
1331 1823 1561 1873 auspicium,

1466 1896 1561 1927 tace.

171 1962 213 1994 60
233 1956 379 1993 curabo
400 1963 441 1993 ut
463 1954 638 2005 praedati
660 1956 822 2005 pulchre
842 1956 893 1993 ad
915 1962 1039 1993 castra
1060 1954 1360 1993 conuortamini.

232 2022 305 2059 ΤΟ.
339 2022 515 2059 concede
543 2020 655 2067 istuc,
677 2034 749 2070 ego
780 2020 884 2058 illam
915 2022 1122 2059 adducam.
1186 2022 1262 2058 Do.
1299 2034 1380 2070 age,
1410 2027 1452 2057 ut
1481 2033 1562 2058 rern

1077 2100 1161 2124 esse
1182 2086 1221 2123 in
1242 2093 1415 2124 nostram
1436 2093 1560 2134 putas.

275 2202 338 2231 593
364 2196 523 2231 reperant
541 2192 572 2222 A
665 2191 781 2232 atque]
800 2197 832 2222 et
851 2191 909 2231 qui
927 2191 958 2222 P
1092 2200 1165 2229 594.
1181 2201 1242 2229 ego
1268 2189 1322 2220 ille
1340 2189 1473 2229 doctus]
1493 2188 1564 2228 (ne)

232 2235 285 2275 {lle
303 2236 453 2277 (d>9rtus
472 2235 503 2264 A
596 2235 673 2265 leno
701 2234 765 2275 [et]
784 2235 815 2264 A
952 2243 1014 2273 595
1038 2234 1211 2264 hominem
1236 2233 1378 2263 amicum
1403 2233 1564 2262 adhibere

231 2280 264 2309 A
357 2284 451 2318 gerat
468 2278 500 2308 A
636 2288 698 2317 597
724 2279 754 2308 d.
777 2288 876 2308 suasu
895 2282 996 2316 atque
1010 2277 1143 2316 inpulsu
1156 2288 1230 2307 meo
1243 2276 1275 2306 P
1415 2276 1478 2315 598
1495 2286 1560 2306 om.

232 2323 264 2352 P
392 2324 457 2353 600
480 2321 531 2352 abi
552 2321 632 2359 (om.
662 2322 725 2358 sis)
751 2321 784 2351 P
923 2323 987 2360 604
1011 2321 1199 2360 percontiri
1224 2320 1256 2349 A
1400 2321 1463 2357 605
1490 2329 1562 2349 03111

232 2366 369 2396 Redslob
459 2367 522 2396 hoc
540 2366 572 2395 A
590 2366 881 2404 'antiquasormm
996 2365 1060 2393 608
1084 2374 1148 2394 om.
1170 2364 1203 2393 P
1309 2364 1374 2401 609
1398 2362 1497 2402 istuc]
1517 2363 1565 2392 sis

232 2411 295 2441 iarn
315 2410 357 2450 (si
383 2420 473 2440 suam
502 2409 546 2448 B)
567 2409 600 2438 P
686 2413 802 2447 putras
818 2408 850 2437 A
