1731 2713
102 338 171 372 430

102 663 168 700 435

103 995 172 1028 440

101 1322 168 1359 445

102 1653 170 1689 430

101 1977 167 2014 455

672 81 1018 118 TRINVMMVS
1454 81 1506 118 II.
1528 81 1575 117 iv

245 195 313 233 LE.
347 196 502 232 factum.
563 195 624 231 s‘r.
658 201 698 230 ut
729 192 889 242 quidem
915 192 1009 230 illud
1038 191 1201 242 perierit.
1265 192 1331 229 LF..
1369 192 1512 229 factum

1205 257 1243 296 id
1265 270 1422 307 quoque
1443 264 1511 295 cst.

243 338 332 363 nam
356 337 460 363 nunc
481 337 571 363 eum
593 322 674 362 uidi
696 323 880 361 miserum
903 331 940 360 et
963 336 1025 361 mc
1046 322 1128 360 eius
1151 321 1412 360 miseritumst.
1536 335 1576 365 30

243 393 305 429 ST.
340 391 494 430 miseret
516 400 553 429 te
574 391 750 437 aliorum,
774 389 828 428 tui
851 403 924 428 nec
947 389 1101 428 miseret
1124 402 1196 428 nec
1218 389 1351 440 pudet.

244 459 317 495 PH.
341 464 513 506 tempust
533 455 718 494 adeundi.
777 457 845 493 LE.
870 455 980 493 estne
1002 454 1064 493 hic
1087 453 1218 492 Philto
1238 453 1305 504 qui
1326 452 1517 492 aduenit?

244 523 274 561 is
295 523 461 561 herclest
482 521 599 572 ipsus,
659 522 721 559 ST.
755 521 897 570 edepol
919 519 967 559 ne
989 532 1062 569 ego
1084 519 1200 558 istum
1223 518 1341 558 uelim

244 601 376 627 meum
397 587 479 627 fieri
501 600 654 626 seruom
677 600 767 624 cum
789 599 860 625 suo
881 586 1048 636 peculio.

246 656 318 692 PH.
351 666 459 692 erum
479 660 598 702 atque
618 665 774 691 seruom
795 653 1020 701 plurumum
1043 650 1173 690 Philto
1194 651 1302 690 iubet
1538 662 1576 696 35

243 720 402 765 saluere,
428 718 693 757 Lesbonicum
715 725 752 756 et
774 717 997 756 Stasimum.
1060 719 1129 756 LE.
1163 718 1202 756 di
1224 717 1337 756 duint

243 784 323 831 tibi,
348 783 489 831 Philto,
513 796 817 834 quaequomque
839 790 961 833 optes.
1022 783 1118 834 quid
1138 783 1215 834 agit
1237 782 1370 821 filius?

247 852 319 888 PH.
353 849 452 888 bene
474 850 555 888 uolt
577 848 657 887 tibi.
720 850 789 887 LE.
821 849 963 899 edepol
985 857 1165 887 mutuom
1188 861 1343 887 mecum
1365 846 1466 885 facit.

245 917 307 954 ST.
331 928 501 965 nequam
518 914 614 953 illud
628 914 831 953 uerbumst
855 914 978 953 ‘bene
994 916 1098 953 uolt'
1120 914 1193 952 nisi
1211 913 1277 964 qui
1294 914 1397 952 bene
1414 911 1514 951 facit.

244 993 317 1031 ego
338 993 498 1031 quoque
519 981 611 1019 uolo
632 993 718 1019 esse
738 979 836 1019 liber
855 996 861 1018 :
893 979 1134 1030 nequiquam
1155 980 1248 1019 uolo
1266 994 1276 1027 ,-
1538 991 1582 1024 40

244 1046 307 1085 hic
328 1046 499 1097 postulet
519 1044 616 1096 frugi
637 1058 722 1084 esse
740 1060 746 1083 :
777 1059 899 1095 nugas
921 1046 1101 1095 postulet.

244 1114 317 1150 PH.
351 1113 452 1150 meu'
471 1119 611 1162 gnatus
632 1125 695 1151 me
715 1113 766 1150 ad
787 1119 825 1150 te
847 1111 961 1159 misit,
984 1111 1083 1150 inter
1104 1113 1141 1151 te
1161 1119 1279 1162 atque
1301 1124 1372 1150 nos

242 1176 486 1216 adfinitatem
507 1184 549 1216 ut
569 1176 820 1216 conciliarem
843 1184 880 1215 et
900 1176 1075 1227 gratiam.

244 1250 351 1281 tuam
373 1243 455 1281 uolt
476 1255 648 1281 sororem
670 1243 814 1281 ducere
836 1255 996 1281 uxorem
1014 1257 1024 1291 3
1053 1250 1091 1281 et
1112 1241 1208 1281 mihi

243 1308 436 1347 sententia
456 1309 633 1346 eademst
653 1315 691 1347 et
712 1309 816 1348 uolo.
878 1310 947 1347 LE.
980 1309 1057 1347 hau
1078 1322 1201 1348 nosco
1223 1315 1357 1349 tuom:
1539 1322 1579 1353 45

245 1374 358 1413 bonis
380 1374 455 1413 tuis
477 1372 551 1427 [in]
574 1373 690 1413 rebus
712 1388 819 1413 meas
840 1387 899 1413 res
916 1373 1060 1414 inrides
1082 1375 1214 1413 malas.

244 1442 318 1477 PH.
351 1440 471 1478 homo
492 1452 565 1490 ego
585 1452 683 1486 sum,
702 1440 824 1478 homo
845 1447 886 1477 tu
907 1453 972 1478 es:
1003 1438 1056 1478 ita
1075 1453 1139 1479 me
1159 1439 1307 1479 amabit
1330 1439 1516 1490 Iuppiter,

242 1519 371 1556 neque
391 1513 429 1544 te
449 1505 620 1545 derisum
641 1504 814 1544 aduenio
835 1518 964 1556 neque
985 1504 1148 1555 dignum
1170 1513 1277 1556 puto.

242 1585 378 1610 uerum
400 1572 476 1610 hoc
497 1572 606 1621 quod
625 1570 703 1610 dixi
724 1587 730 1610 ε
762 1572 864 1609 meu'
885 1584 948 1609 me
969 1570 1095 1610 orauit
1115 1569 1216 1610 filius

243 1644 284 1675 ut
305 1645 411 1675 tuam
433 1650 605 1676 sororem
627 1650 831 1688 poscerem
853 1650 1013 1676 uxorem
1034 1635 1118 1675 sibi.
1537 1647 1579 1680 50

242 1703 312 1740 LE.
346 1715 519 1740 mearum
542 1715 605 1740 me
625 1715 752 1740 rerum
774 1701 931 1740 nouisse
952 1708 1160 1752 aequomst
1180 1701 1360 1746 ordinem

241 1780 332 1805 cum
352 1775 484 1806 uostra
505 1774 637 1806 nostra
657 1780 737 1806 non
759 1774 816 1805 est
837 1780 963 1817 aequa
983 1766 1112 1806 factio.

240 1832 485 1872 adfinitatem
506 1832 620 1872 uobis
641 1832 757 1871 aliam
779 1832 964 1882 quaerite.

242 1899 305 1936 ST.
337 1897 438 1937 satin
458 1900 531 1937 tu's
552 1911 670 1937 sanus
691 1897 834 1937 mentis
854 1905 920 1936 aut
940 1897 1062 1937 animi
1083 1897 1140 1936 tui

242 1963 310 2014 qui
330 1964 608 2003 condicionem
631 1965 733 2002 hanc
753 1963 966 2014 repudies?
995 1977 1086 2002 nam
1108 1963 1218 2004 illum
1239 1963 1310 2002 tibi
1536 1976 1577 2008 55

230 2076 296 2107 430
320 2068 490 2108 miserum]
520 2068 691 2099 miserium
714 2067 748 2097 P
849 2067 1007 2098 miserum
1029 2068 1066 2107 (fi
1081 2072 1145 2108 pro
1165 2067 1203 2104 it>
1222 2066 1296 2098 unsi
1317 2067 1391 2108 (pro
1413 2067 1517 2107 umst)

187 2110 221 2141 P
347 2121 407 2150 431
434 2110 499 2151 tui]
519 2111 571 2143 cui
589 2116 620 2141 te
638 2110 671 2141 Ρ
686 2111 757 2147 tvr'x
767 2115 827 2151 pro
844 2111 901 2150 tis)
1025 2120 1088 2149 433
1104 2111 1138 2141 ni
1154 2110 1188 2140 P
1306 2112 1368 2150 438
1386 2120 1517 2141 mecum

187 2159 336 2186 mutuum
361 2155 406 2194 A,
433 2159 544 2186 contra
568 2157 707 2185 metrum
804 2165 869 2193 440
893 2164 968 2185 esse
1001 2154 1080 2184 uolo
1104 2155 1137 2184 A
1245 2154 1470 2193 nequidquam
1489 2153 1521 2183 P

187 2208 247 2237 441
273 2209 306 2229 n.
323 2199 470 2238 postulat
484 2198 558 2229 PCD
666 2207 730 2237 442
746 2197 766 2229 i.
785 2207 823 2229 se
840 2198 874 2228 Ρ
1003 2199 1068 2237 446
1091 2198 1123 2229 in
1139 2208 1204 2229 om.
1231 2197 1264 2227 P
1393 2207 1455 2236 447
1480 2207 1518 2227 es

185 2246 220 2272 tu
255 2242 302 2282 A,
319 2242 398 2282 sort.
428 2245 503 2273 recte
632 2243 696 2281 448
727 2241 887 2282 aduenio]
921 2240 998 2272 ueni
1034 2241 1064 2271 P
1194 2251 1258 2280 449
1281 2240 1388 2283 quod]
1422 2245 1458 2272 ut
1488 2239 1522 2271 P

185 2284 270 2315 dixit
287 2286 319 2316 A
454 2295 513 2324 451
540 2294 651 2316 rerum
669 2295 722 2316 me
738 2284 772 2314 Ρ
900 2293 964 2323 452
976 2284 1098 2315 uestris
1114 2283 1146 2315 Ρ
1275 2294 1337 2324 454
1362 2289 1396 2314 tu
1416 2294 1518 2315 sanus

185 2328 217 2359 A
237 2329 249 2370 (
264 2331 274 2360 3
292 2329 311 2360 i.
322 2339 346 2361 e.
365 2333 399 2359 tu
417 2329 541 2361 sanu'sa
633 2328 681 2359 vel
696 2328 829 2359 menti's
845 2327 934 2359 codd.

1370 2382 1430 2412 29*
