1731 2713
742 129 966 166 RVDENs
1466 133 1517 169 ΙΙ.
1544 133 1554 170 ἰ

177 237 414 287 praesertim
450 238 583 287 quibu’
610 252 682 276 nec
714 247 899 288 quaestus
936 247 991 277 cst
1029 254 1156 289 neque
1192 241 1364 285 didicero
1398 251 1519 280 artem

1380 309 1494 345 ullam
1515 323 1521 345 :

192 367 422 405 necessitate
444 368 637 417 quidquid
659 376 715 406 cst
738 368 845 406 domi
868 369 907 407 id
929 378 985 407 sat
1007 378 1064 407 est
1086 371 1325 408 habendum.

192 444 262 467 nos
285 431 359 468 iam
381 432 431 469 de
452 440 590 470 ornatu
612 434 900 482 propemodum
923 441 964 471 ut
986 436 1201 484 locupletes
1223 435 1342 473 simus
1364 436 1468 474 scitis
1487 453 1492 475 :

191 494 297 534 hisce
332 496 436 534 hami
466 504 584 547 atque
615 498 711 535 haec
742 498 981 537 harundines
1012 507 1101 536 sunt
1136 499 1251 537 nobis
1282 509 1446 550 quaestu
1481 509 1519 540 ct
1541 518 1557 548 5

1397 568 1514 604 cultu.

103 639 168 676 295
190 626 351 665 cottidie
372 640 418 664 ex
439 627 533 665 urbe
553 628 604 665 ad
626 641 730 666 mare
752 628 829 666 huc
851 628 1054 678 prodimus
1076 630 1305 680 pabulatum
1323 645 1330 669 :

190 705 259 742 pro
279 692 448 730 exercitu
469 693 712 742 gymnastico
734 701 772 732 et
793 694 1024 744 palaestrico
1045 696 1121 733 hoc
1142 696 1358 743 habemus3

188 757 361 804 echinos,
384 759 558 808 lopadaS‚
581 767 739 805 ostream,
764 760 926 798 balanos
948 768 1164 810 captamus,
1186 763 1370 808 conchas,

188 822 376 860 marinam
398 822 573 870 urticam,
598 826 809 872 musculos,
833 824 1027 874 plagusias
1049 825 1200 863 striatas
1217 841 1226 872 ;

187 887 319 937 postid
340 886 531 937 piscatum
554 888 780 927 hamatilem
803 897 840 928 et
862 889 1062 928 saxatilem
1083 891 1344 940 adgredimur.
1540 904 1578 927 10

101 966 170 1000 300
187 952 320 990 cibum
341 960 544 1002 captamus
565 967 588 1006 ev
608 954 701 992 mari
721 970 726 992 :
757 954 787 991 si
810 962 975 993 euentus
997 968 1076 992 non
1098 955 1230 993 euenit

187 1031 316 1068 neque
336 1018 548 1068 quicquam
570 1027 766 1069 captumst
788 1019 965 1069 piscium,
990 1020 1077 1057 salsi
1100 1020 1274 1070 lautique
1294 1035 1389 1071 pure

186 1084 350 1121 domum
371 1084 543 1122 redimus
564 1086 798 1131 clanculum,
823 1085 1040 1125 dormimus
1061 1085 1242 1124 incenati.

185 1156 303 1199 atque
323 1156 364 1187 ut
385 1163 490 1188 nunc
511 1149 641 1188 ualide
662 1152 825 1188 fluctuat
847 1164 962 1197 mare,
986 1152 1093 1188 nulla
1113 1151 1228 1190 nobis
1249 1165 1337 1202 spes
1359 1160 1439 1191 est:

186 1214 259 1252 nisi
280 1214 376 1264 quid
397 1216 637 1253 concharum
658 1215 867 1266 capsimt'is,
892 1215 1062 1254 incenati
1084 1219 1210 1255 sumu'
1230 1219 1417 1267 profecto.
1537 1232 1573 1263 15

99 1294 163 1330 305
186 1292 291 1317 nunc
330 1280 525 1318 Venerem
572 1281 674 1318 hanc
719 1294 952 1319 ueneremur
998 1281 1155 1328 bonam,
1193 1289 1234 1320 ut
1273 1296 1344 1321 nos
1384 1283 1514 1334 lepide

1194 1347 1360 1386 adiuerit
1381 1349 1510 1388 hodie.

451 1434 791 1471 TRACHALIO
904 1435 1258 1472 P1SCATORES
1534 1433 1564 1470 ii

183 1504 258 1540 TR.
305 1502 495 1541 Animum
525 1503 735 1542 aduorsaui
767 1505 906 1542 sedulo
934 1518 983 1542 ne
1015 1517 1124 1542 erum
1154 1518 1319 1554 usquam
1350 1513 1515 1555 praeter-

1393 1570 1486 1609 irem
1504 1585 1515 1620 3

183 1646 274 1671 nam
295 1646 414 1683 quom
438 1634 559 1672 modo
580 1633 709 1671 exibat
730 1635 843 1681 foras,
865 1635 916 1672 ad
937 1642 1094 1684 portum
1116 1648 1156 1673 se
1176 1635 1282 1673 aibat
1303 1635 1367 1683 ire,

183 1711 245 1736 me
266 1699 342 1736 huc
363 1698 523 1737 obuiam
544 1698 654 1736 iussit
675 1698 749 1737 sibi
770 1699 903 1738 uenire
924 1701 974 1738 ad
996 1699 1160 1738 Veneris
1181 1701 1327 1749 fanum.

182 1764 252 1801 sed
272 1776 371 1813 quos
392 1771 599 1813 perconter
619 1765 832 1803 commode
853 1778 968 1803 eccos
990 1764 1108 1803 uideo
1129 1773 1265 1804 astare.
1324 1765 1454 1805 adibo.

96 1844 164 1877 310
182 1830 340 1876 saluete‚
363 1830 465 1867 fures
487 1828 694 1876 maritumi,
717 1830 925 1868 conchitae
945 1838 1064 1880 atque
1086 1830 1294 1878 hamiotae‚
1533 1848 1550 1879 5

182 1893 360 1932 famelica
381 1894 587 1932 hominum
608 1894 726 1933 natio.
787 1895 882 1945 quid
903 1896 1045 1946 agitis?
1074 1904 1116 1934 ut
1136 1895 1299 1947 peritis?

226 2003 285 2033 291
312 1993 438 2034 neque]
454 2005 516 2025 nec
532 1993 597 2025 cod.
657 1995 827 2026 edidicere
840 1995 943 2027 Marx
996 1996 1118 2027 nullam
1130 1995 1273 2036 Spengel
1359 2007 1420 2036 294
1446 1997 1510 2028 hae

183 2038 256 2078 (pro
283 2037 386 2068 haec?
421 2038 439 2069 i.
466 2038 502 2077 9)
529 2038 602 2070 har.
631 2038 734 2077 (PBG)
763 2039 814 2070 vel
836 2040 889 2070 his
917 2040 987 2072 har.
1014 2039 1062 2077 (T
1084 2044 1121 2070 ut
1140 2039 1225 2081 vid.)
1247 2039 1312 2071 cod.
1446 2050 1509 2080 295

183 2081 307 2111 cotidie
322 2081 388 2112 cod.
406 2085 443 2112 ut
457 2081 520 2113 vid.
540 2083 566 2120 (ι
578 2082 653 2112 libri
665 2081 795 2113 veteres’
811 2083 982 2123 Lambini)
1005 2083 1096 2123 (PBC
1114 2094 1145 2115 n.
1164 2083 1204 2124 l.)
1330 2085 1394 2122 296
1418 2084 1509 2124 pale-

183 2125 321 2155 stricum
339 2124 404 2155 cod.
496 2135 557 2165 297
581 2125 699 2157 balano
711 2126 776 2158 cod.
866 2137 930 2167 299
953 2128 1170 2167 aggredimur
1185 2126 1313 2158 Merula
1330 2138 1337 2157 :
1361 2128 1509 2166 atgredi-

183 2173 237 2198 tur
253 2167 319 2198 cod.
338 2172 375 2198 ut
389 2168 450 2199 vid.
472 2169 508 2209 (i.
523 2179 546 2200 e.
564 2170 685 2209 adgr.),
705 2170 762 2200 vix
777 2173 852 2201 recte
964 2182 1030 2210 300
1054 2171 1168 2202 euenit
1184 2171 1306 2201 Bothe:
1334 2171 1427 2201 uenit
1439 2171 1509 2202 cod.

182 2221 246 2251 303
270 2216 306 2242 ut
322 2222 387 2243 om.
409 2212 441 2242 Β
550 2222 614 2252 304
638 2213 839 2244 concharum
862 2213 957 2245 Ital.:
982 2215 1173 2245 conclarum
1197 2214 1263 2245 cod.
1291 2214 1363 2254 (vix
1381 2213 1508 2244 Plauti-

182 2266 266 2286 num
282 2265 289 2293 ;
314 2256 351 2296 cs.
371 2255 473 2287 Class.
490 2255 570 2288 Rev.
590 2257 623 2295 6,
640 2257 695 2296 88>
786 2258 896 2288 cenati
914 2257 1083 2298 Reisfort.
1100 2261 1176 2289 recte
1192 2261 1244 2297 (cf
1264 2258 1343 2299 302)
1443 2259 1508 2296 306

1222 2310 1234 2326 S

180 2332 328 2364 animum
347 2332 563 2364 Dt'ssaldeus:
587 2334 698 2364 animo
718 2333 786 2365 cod.
906 2344 971 2374 309
994 2345 1116 2366 eccons
1134 2335 1251 2375 (eccon
1264 2335 1288 2375 2)
1307 2338 1344 2364 ut
1357 2334 1422 2365 vid.
1440 2334 1506 2366 cod.

180 2376 319 2417 (eccons
332 2377 409 2407 PCD
424 2389 431 2407 :
456 2377 591 2408 ecconis
611 2377 658 2408 T:
681 2387 785 2408 eccon
803 2378 831 2408 si
845 2377 891 2417 B>
909 2379 958 2417 (qs.
975 2378 1022 2408 ad
1033 2378 1124 2409 Pers.
1143 2382 1222 2417 471)
1293 2378 1391 2408 adibo
1407 2377 1483 2409 Ital.
1500 2390 1507 2409 ε

178 2420 270 2450 adito
287 2420 352 2451 cod.

223 2473 340 2494 PLAVT.
361 2472 386 2493 11
1377 2465 1418 2494 22
