1731 2713
692 133 1012 172 PSEVDOLVS
1463 129 1515 166 II.
1540 128 1581 164 iv

165 273 168 277 »
194 252 255 287 Ps.
289 249 327 288 cli
359 249 606 287 inmortales!
639 260 719 285 non
741 245 936 286 Charinus
967 243 1062 281 mihi
1092 242 1333 292 hicquidem,
1355 242 1423 279 sed
1445 242 1518 279 Co-

1405 305 1515 355 piust.

191 379 260 416 sed
283 378 353 415 iste
374 391 506 415 seruos
527 391 573 415 ex
595 378 759 426 Carysto
780 375 846 425 qui
868 374 931 412 hie
952 375 1062 412 adest
1084 372 1227 422 ecquid
1248 371 1376 420 sapit?

193 444 269 483 CH.
303 443 453 481 hircum
475 443 524 481 ab
551 442 632 480 alis.
694 444 755 479 Ps.
790 441 1053 478 manuleatam
1082 438 1255 477 tunicam
1283 437 1427 474 habere
1455 436 1520 472 ho-

1172 501 1317 539 minem
1339 502 1518 539 addecet.

193 573 335 623 ecquid
357 573 387 611 is
408 574 529 611 homo
550 572 669 611 habet
693 570 792 610 aceti
820 569 858 608 in
887 571 1075 620 pectore?
1132 569 1208 608 CH.
1241 575 1359 617 atque
1385 565 1519 604 acidis-

1405 629 1506 668 sumi

105 714 174 749 740
195 705 255 742 Ps.
288 702 398 754 quid,
414 702 444 742 si
465 704 555 753 opu’
569 702 617 740 sit
638 709 679 740 ut
700 702 815 740 dulce
832 706 985 751 promat
1006 698 1194 744 indidem,
1211 695 1353 746 ecquid
1375 695 1522 732 habet?
1544 707 1582 738 50

109 1632 177 1668 750

1271 764 1348 802 CH.
1382 774 1491 811 rogas
1506 761 1522 798 ?

194 835 416 882 murrinam,
440 848 609 884 passum,
635 835 844 880 defrutum,
868 833 1038 885 mellarn,
1061 831 1137 868 mel
1160 826 1451 879 quoiuismodi3

194 901 288 950 quin
310 900 349 938 in
370 901 489 938 corde
510 899 699 937 instruere
721 899 923 948 quondam
945 895 1076 945 coepit
1096 892 1381 945 pantopolium.

196 967 256 1003 ΡΞ.

290 978 462 1015 eugepae
480 967 486 1002 1
516 963 658 1014 lepide,
683 962 863 1008 Charine,
889 974 978 999 meo
1000 974 1062 998 me
1083 960 1178 997 ludo
1199 958 1402 996 lamberas.

195 1032 264 1069 sed
285 1030 381 1080 quid
402 1043 548 1068 nomen
570 1042 655 1067 esse
675 1028 804 1066 dicam
826 1040 900 1077 ego
920 1025 982 1064 isti
1004 1026 1146 1063 seruo?
1204 1025 1280 1063 CH.
1314 1021 1467 1060 Simiae.

107 1106 172 1142 745
196 1098 258 1134 Ps.
291 1095 414 1134 scitne
445 1095 483 1133 in
514 1108 554 1133 re
583 1095 752 1132 aduorsa
781 1091 957 1131 uorsari?
1025 1091 1102 1130 CH.
1135 1089 1251 1127 turbo
1286 1101 1365 1125 non
1399 1100 1524 1136 aeque
1546 1100 1583 1130 55

196 1229 258 1265 Ps.

197 1294 259 1330 Ps.

196 1359 261 1396 Ps.

196 1491 259 1528 Ps.

1395 1159 1522 1189 eitust.

291 1225 434 1276 ecquid
455 1225 660 1275 argutust?
704 1224 781 1262 CH.
815 1223 1008 1259 malorum
1030 1219 1247 1258 facinorum
1269 1217 1524 1268 saepissume.

291 1291 388 1342 quid
402 1304 524 1341 quom
545 1290 768 1328 manufesto
789 1288 972 1325 tenetur?
1011 1286 1088 1325 CH.
1112 1283 1328 1334 anguillast,
1346 1281 1523 1320 elabitur.

291 1356 434 1407 ecquid
474 1355 504 1394 is
544 1356 666 1393 homo
706 1353 871 1392 scitust?
928 1352 1005 1391 CH.
1038 1349 1143 1400 plebi
1176 1348 1315 1387 scitum
1351 1361 1432 1385 non
1467 1354 1525 1384 est

1377 1419 1521 1450 scmus.

291 1488 437 1539 probus
467 1488 589 1524 homo
620 1492 688 1532 est,
712 1491 754 1522 ut
783 1481 1008 1533 praedicare
1038 1488 1075 1518 te
1102 1478 1232 1518 audio.
1292 1478 1369 1517 CH.
1402 1477 1525 1514 immo

1359 1543 1389 1581 si
1411 1542 1523 1589 scias,

195 1620 264 1658 ubi
284 1628 321 1658 te
341 1617 543 1669 aspexerit,
568 1615 738 1655 narrabit
759 1616 860 1653 ultro
881 1612 977 1663 quid
998 1624 1088 1663 sese-
1104 1610 1210 1657 uesss,
1543 1613 1585 1642 60

195 1684 264 1721 sed
286 1682 381 1732 quid
402 1695 442 1720 es
463 1681 649 1719 acturus?
688 1681 753 1716 Ps.
784 1677 927 1716 dicam.
944 1663 1036 1713 [ibi
1051 1673 1252 1712 hominem
1270 1683 1520 1717 exornauero,

195 1748 438 1787 subditiuom
462 1746 543 1784 fieri
565 1759 637 1796 ego
658 1745 767 1782 illum
792 1741 922 1781 militis
944 1753 1099 1779 seruom
1121 1740 1214 1777 uolo
1229 1744 1258 1785 3'

196 1813 422 1852 sumbolum
443 1813 549 1849 hunc
570 1812 666 1865 ferar
686 1807 820 1847 lenoni
840 1820 930 1845 cum
953 1805 1128 1855 quinque
1148 1802 1295 1852 argenti
1317 1801 1444 1848 minis,

198 1879 399 1918 mulierem
420 1878 471 1916 ab
492 1864 641 1915 lendne¹
656 1876 828 1914 abducat
846 1890 851 1912 :
883 1886 946 1911 em
968 1870 1038 1910 tibi
1060 1883 1219 1909 ornnem
1241 1868 1413 1906 fabulam
1432 1871 1438 1905 1

243 1985 305 2024 736
328 1982 407 2014 mihi
435 1982 570 2022 quidem
595 1985 647 2010 est
672 1979 732 2010 sed
757 1977 854 2017 copia
881 1975 914 2006 P
1073 1984 1134 2014 737
1162 1972 1215 2003 isti
1243 1972 1276 2002 Ρ
1299 1973 1378 2013 (pro
1406 1969 1522 2010 istim)

198 2029 254 2069 qui
273 2028 325 2058 hic
342 2028 437 2057 adest
454 2024 590 2065 ecquid]
608 2024 662 2053 hic
680 2022 735 2062 qui
753 2020 891 2052 aduenit
908 2017 989 2058 quid
1009 2018 1080 2062 <qui
1099 2017 1143 2049 Β]
1162 2016 1195 2046 Ρ
1321 2016 1382 2054 738
1407 2015 1478 2045 aliis
1495 2014 1529 2044 P

200 2075 223 2112 (2
237 2077 298 2112 pro
315 2071 397 2107 allis,
415 2070 552 2108 antiqua
561 2069 694 2106 forma»
787 2065 883 2095 decet
907 2061 940 2092 Ρ
1063 2071 1126 2100 739
1149 2060 1268 2099 ecquid
1295 2059 1428 2090 habetis
1453 2059 1484 2091 (i.
1499 2069 1522 2088 e.

198 2117 297 2146 habet
319 2115 363 2151 is)
388 2114 488 2143 homo
512 2112 560 2142 P:
586 2110 740 2150 equidem
765 2108 865 2138 homo
887 2107 989 2136 habet
1011 2105 1042 2135 A
1065 2117 1072 2135 :
1096 2115 1172 2135 corr.
1195 2105 1321 2134 Lorens
1408 2102 1526 2132 acidis-

199 2168 329 2190 sumum
347 2157 391 2195 A,
405 2158 484 2197 fort.
513 2159 588 2186 recte
699 2163 761 2192 740
777 2150 943 2190 indidem]
965 2149 996 2179 id
1023 2153 1072 2178 est
1098 2150 1172 2188 <pro
1195 2147 1302 2185 idern)
1320 2145 1407 2176 codd,
1427 2145 1530 2176 Plinii

198 2202 240 2234 N.
261 2202 306 2232 H.
331 2211 376 2240 14.
393 2210 434 2239 93
452 2199 564 2239 qm'sic
576 2207 706 2228 versum
724 2196 821 2226 citat:
845 2193 935 2233 quod
952 2194 980 2223 si
998 2202 1082 2231 opus
1096 2196 1147 2222 est
1165 2215 1171 2222 .
1192 2214 1198 2221 .
1222 2217 1226 2220 .
1246 2191 1368 2220 habeat
1467 2198 1525 2227 741

200 2245 351 2276 menam]
365 2243 519 2273 melinam
532 2241 652 2281 (Nmell.)
666 2240 698 2271 P
749 2238 868 2279 quouis
880 2237 913 2268 Ρ
967 2235 1108 2266 modoA
1202 2245 1264 2274 742
1281 2231 1527 2270 hermopolium

200 2289 233 2320 P
257 2290 336 2329 (pro
360 2284 635 2325 thermopolium)
786 2292 847 2321 743
873 2291 924 2311 me
949 2290 1023 2310 meo
1047 2279 1079 2309 Ρ
1221 2277 1367 2316 744-815
1393 2274 1475 2305 deest
1491 2274 1524 2303 A

202 2333 265 2372 748
289 2331 405 2362 scitius
427 2329 660 2361 Camerarius:
685 2326 792 2357 scitus
808 2324 873 2356 cod.
1011 2331 1072 2360 750
1095 2331 1169 2351 sese
1194 2320 1424 2351 Camerarius:
1450 2327 1527 2348 esse

201 2375 267 2407 cod.
289 2375 342 2414 (cs.
357 2373 404 2404 ad
419 2375 495 2413 701)
631 2380 690 2410 751
710 2370 789 2409 quid
807 2368 879 2399 D1:
903 2367 960 2406 qui
979 2366 1009 2396 el
1029 2366 1118 2407 (quis
1137 2364 1227 2405 PCD)
1245 2363 1308 2394 cod.
1330 2363 1378 2403 <vi
1409 2363 1441 2403 Ι)
