1731 2713
84 457 131 493 90

84 785 127 823 95

63 1107 129 1135 100

61 1618 123 1654 105

61 1941 127 1968 110

607 138 1007 177 MOSTELLARIA
1441 138 1470 174 I.
1492 137 1521 174 ii

257 262 343 286 cam
365 262 445 287 rem
467 249 642 287 uolutaui
663 257 700 288 et
721 248 788 288 diu
810 248 1021 299 disputaui‚

312 313 513 352 hominem
535 313 682 364 quoiiu'
703 313 766 360 rei,
791 314 953 364 quando
975 320 1088 351 natus
1109 320 1167 351 est

257 378 423 417 similem
445 392 530 417 esse
551 378 754 417 arbitrarer
775 378 1108 427 simulacrumque
1128 377 1272 416 habere

364 443 404 482 id
425 443 575 495 repperi
597 443 673 482 iam
695 445 930 493 exemplum.

255 521 447 548 nouarum
468 508 625 548 aedium
647 522 732 547 esse
753 508 898 547 arbitro
919 508 1087 547 similem
1109 522 1182 558 ego
1202 506 1405 546 hominem

255 575 416 625 quando
436 574 499 612 hic
521 582 633 612 natus
655 582 722 613 est.
783 573 818 612 ei
839 573 892 612 rei
912 581 1142 624 argumenta
1162 572 1303 612 dicam.

252 647 372 692 atque
392 640 468 678 hoc
489 640 566 678 hau
588 639 743 678 uidetur
763 639 844 678 ueri
866 639 992 678 simile
1013 638 1137 685 uobis,

467 712 506 743 at
527 718 599 754 ego
620 704 659 744 id
681 704 821 743 faciam
843 718 927 743 esse
948 704 1001 743 ita
1022 711 1063 742 ut
1084 702 1262 743 credatis.

254 771 430 822 profecto
451 783 535 808 esse
556 769 608 807 ita
629 777 670 808 ut
691 769 877 820 praedico
898 783 990 808 uera
1010 768 1177 808 uincam.

253 843 371 886 atque
392 836 468 873 hoe
489 842 643 873 uosmet
665 834 749 885 ipsi,
772 834 866 881 scio,
889 833 1055 885 proinde
1076 833 1132 872 uti
1152 846 1258 873 nunc

254 913 327 950 ego
347 913 432 939 esse
451 906 625 946 autumo,
649 901 810 949 quando
832 899 937 938 dicta
957 898 1123 938 audietis

361 963 495 1018 [mea],
518 965 624 1003 haud
645 964 756 1002 aliter
776 964 816 1002 id
838 964 987 1003 dicetis,

253 1031 481 1077 auscultate,
503 1036 734 1079 argumenta
753 1030 850 1068 dum
872 1028 963 1067 dico
982 1030 1033 1067 ad
1055 1030 1157 1067 hanc
1174 1042 1254 1068 rem
1272 1045 1279 1068 :

254 1096 370 1135 simul
390 1094 564 1145 gnaruris
585 1108 657 1133 uos
677 1096 770 1133 uolo
791 1108 877 1133 esse
898 1095 999 1132 hanc
1019 1108 1100 1133 rem
1122 1107 1290 1133 mecum.

251 1213 370 1252 aedes
391 1225 512 1262 quom
533 1213 731 1262 externplo
753 1218 842 1250 sunt
863 1219 1030 1262 paratae,
1053 1210 1258 1262 expolitae,

359 1280 484 1317 factae
504 1279 627 1329 probe
649 1278 896 1325 examussim,

144 1346 305 1384 laudant
344 1344 496 1383 fabrum
535 1352 652 1394 atque
690 1345 808 1383 aedes
844 1343 1023 1394 probant,
1065 1343 1139 1382 sibi
1178 1343 1345 1394 quisque
1380 1342 1472 1383 inde
1493 1357 1534 1380 20

1023 1409 1247 1458 exemplum
1270 1415 1469 1459 expetunt,

145 1473 219 1513 sibi
248 1473 414 1524 quisque
444 1473 580 1512 similis
615 1475 698 1512 uolt
732 1487 832 1520 suas,
865 1481 1079 1524 sumptum,
1111 1486 1271 1524 operam
1300 1471 1474 1525 (parum)

1161 1544 1326 1588 parcunt
1346 1551 1473 1586 suam.-

250 1613 369 1655 atque
390 1604 457 1643 ubi
478 1604 544 1643 illo
565 1603 759 1654 immigrat
779 1617 951 1654 nequam
973 1605 1105 1651 homo,
1128 1602 1336 1653 indiligens

251 1683 341 1708 curn
362 1670 470 1720 pigra
489 1669 646 1716 familia,
669 1669 897 1717 inmundus,
920 1669 1153 1716 instrenuos,

144 1733 207 1772 hic
228 1733 304 1772 iam
321 1734 485 1773 aedibus
507 1733 647 1772 uitium
663 1734 831 1782 additur,
851 1735 980 1773 bonae
997 1747 1118 1784 quom
1140 1740 1324 1772 curantur
1344 1735 1445 1773 male
1460 1748 1470 1782 ;

249 1807 367 1850 atque
387 1799 484 1838 illud
505 1812 621 1849 saepe
642 1800 683 1838 fit
700 1815 706 1838 :
738 1807 950 1850 tempestas
971 1798 1090 1846 uenit,

250 1864 458 1915 confringit
478 1866 625 1916 tegulas
646 1865 908 1916 imbricesque
925 1880 932 1903 ε
961 1864 1017 1903 ibi

251 1929 436 1970 dominus
457 1929 665 1981 indiligens
685 1931 849 1969 reddere
868 1929 963 1968 alias
984 1930 1119 1968 neuolt
1133 1943 1143 1977 3

251 1994 360 2034 uenit
379 1995 517 2043 imber,
537 1994 632 2034 lauit
651 1994 829 2045 parietes,
852 1996 1073 2046 perpluont‚

251 2059 356 2111 tigna
376 2059 574 2110 putefacit‚
597 2059 724 2110 perdit
745 2073 904 2110 operam
926 2059 1023 2098 fabri
1042 2075 1048 2098 :

186 2159 226 2199 87
252 2158 319 2191 uol.
336 2169 409 2189 eam
431 2168 501 2189 rem
533 2157 641 2197 Weise,
668 2169 750 2189 nam
775 2159 830 2189 disi
849 2158 980 2197 (be'syll.)
995 2157 1098 2198 placet
1250 2158 1292 2187 88
1318 2167 1348 2188 n.
1377 2161 1469 2188 esset

144 2201 229 2233 Leo:
255 2207 367 2234 natust
391 2202 517 2233 Sclzoell
539 2203 671 2242 (anap.)
769 2202 813 2241 89
836 2212 881 2232 an
897 2201 1114 2232 arbitrarem?
1141 2200 1190 2240 (ζῇ
1209 2200 1258 2231 ad
1270 2201 1328 2240 91)
1425 2211 1466 2239 91

144 2246 290 2277 arbitror
306 2244 423 2277 B²PCD
518 2256 560 2286 92
583 2246 636 2276 hic
653 2245 711 2276 del.
730 2245 858 2276 Lorenz
958 2254 1043 2285 93—5
1069 2245 1281 2276 retractator&
1296 2254 1362 2274 esse
1376 2243 1471 2274 credit

145 2289 275 2327 Ritschl,
291 2289 373 2329 fort.
401 2292 474 2319 recte
605 2299 646 2329 95
672 2289 717 2319 ita
743 2299 819 2319 esse
844 2287 932 2320 cod.:
965 2289 1037 2320 trat'.
1066 2288 1197 2327 Bentley
1327 2288 1371 2327 98
1395 2297 1468 2317 mea

144 2332 203 2365 del.
223 2333 402 2364 Hermann
552 2342 613 2363 100
637 2343 698 2363 uos
724 2332 954 2363 Camerarius:
985 2342 1029 2363 uo
1053 2331 1117 2363 cod.
1272 2341 1333 2369 104
1356 2330 1468 2362 simile

144 2386 206 2407 suo
222 2376 250 2407 is
266 2386 328 2407 sua
343 2375 407 2407 cod.
425 2387 431 2407 :
455 2386 534 2407 corr.
550 2376 684 2413 Rz'tscltl,
700 2375 841 2415 Spengel
939 2380 1074 2415 sumptu
1090 2374 1123 2405 Β
1221 2384 1338 2414 parum
1354 2373 1472 2405 addidi

149 2429 208 2459 105
225 2418 510 2460 indiligens[que]
521 2419 586 2450 cod.
603 2431 610 2450 :
629 2430 694 2459 que
705 2418 762 2450 del.
776 2418 915 2458 Rylades
946 2416 962 2437 ⁸
1005 2420 1066 2449 106
1083 2419 1174 2449 instr.
1189 2417 1264 2449 Ital.
1280 2429 1288 2449 ι
1309 2422 1469 2449 strenuus

144 2463 210 2495 cod.
231 2465 275 2502 (v.
291 2473 322 2503 9,
341 2464 376 2504 8)
476 2464 537 2494 108
559 2462 609 2493 vel
622 2463 699 2494 illuc
801 2471 862 2493 112
884 2461 1064 2501 putrefacit
1079 2461 1144 2493 cod.
1159 2460 1282 2503 (putr-)
1355 2461 1468 2501 perdit

145 2506 270 2548 Betgk:
295 2516 355 2546 per
369 2505 435 2538 cod.
454 2506 532 2547 (pro
547 2506 642 2547 perd}
662 2507 681 2536 ι’.
700 2516 724 2536 e.
743 2506 863 2546 perdit,
882 2506 936 2536 vii.
956 2506 992 2545 4)
