1783 2707
202 131 254 167 II.
278 129 308 166 ii
701 127 747 163 T.
782 125 963 164 MACCI
995 124 1199 161 PLAVTI

282 240 313 278 is
334 241 479 290 probus
501 247 558 277 est
580 251 697 288 quem
720 236 892 287 paenitet
914 249 1032 286 quam
1053 234 1190 285 probu'
1212 233 1260 272 sit
1280 241 1318 272 et
1339 232 1436 284 frugi
1457 234 1610 281 bonae,
1631 241 1699 276 320

221 320 262 351 40
284 305 350 355 qui
371 305 478 355 ipsus
500 303 572 342 sibi
594 302 685 341 satis
707 305 835 352 placet
856 315 929 339 nec
950 301 1096 351 probus
1118 307 1175 338 est
1196 313 1269 338 nec
1290 299 1388 349 frugi
1410 299 1560 337 bonae:

284 369 352 420 qui
371 369 477 420 ipsus
498 383 538 408 se
560 368 789 414 contemnit,
812 367 852 405 in
873 374 957 406 eost
978 366 1131 404 indoles
1152 364 1376 403 industriae.

284 436 490 474 benefacta
510 433 724 472 benefactis
745 432 829 471 aliis
851 431 1050 482 pertegito,
1075 444 1124 469 ne
1144 432 1360 480 perpluant.

286 503 355 539 Lv.
389 501 441 538 ob
461 513 547 538 eam
569 513 649 537 rem
672 501 779 545 haec,
799 506 917 547 pater,
941 495 1154 543 autumaui,
1174 496 1265 546 quia
1285 510 1344 534 res
1366 495 1599 546 quaedamst

1379 574 1498 610 quam
1519 561 1611 598 uolo

286 643 358 680 ego
381 643 442 667 me
463 643 531 679 aps
554 636 590 667 te
611 641 778 667 exorare.
839 629 912 664 PH.
946 625 1041 676 quid
1062 625 1101 664 id
1123 627 1212 665 est?
1242 626 1334 664 dare
1354 625 1431 663 iam
1453 625 1609 664 ueniam
1630 633 1695 671 325

1476 689 1611 740 gestio.

226 771 264 800 45
290 762 358 798 LY.
391 758 632 798 adulescenti
663 758 754 796 huic
784 771 925 808 genere
955 771 1121 804 summo,
1153 755 1282 795 amico
1313 763 1431 806 atque
1460 755 1615 805 aequali

1511 834 1611 867 me0‚

288 890 408 928 minu’
429 890 495 940 qui
517 897 629 928 caute
651 896 688 928 et
709 887 877 939 cogitate
899 901 1008 926 suam
1030 901 1109 926 rem
1132 886 1325 934 tractauit,
1345 894 1464 937 pater,

288 957 389 994 bene
419 957 510 993 uolo
541 969 613 1004 ego
644 954 697 992 illi
725 956 861 1000 facere,
893 953 923 991 si
948 961 989 991 tu
1018 966 1097 992 non
1125 952 1246 991 neuis.
1308 954 1382 990 PH.
1414 953 1543 1002 nemp'
1565 952 1615 990 de

1514 1026 1583 1056 tuo
1599 1020 1615 1057 ?

289 1088 357 1124 LY.
392 1087 441 1125 de
472 1100 560 1124 meo
580 1101 586 1123 :
628 1099 719 1123 nam
750 1085 858 1135 quod
894 1090 1040 1123 tuomst
1075 1090 1255 1130 meumst,
1293 1083 1411 1121 omne
1445 1090 1616 1121 meumst

1336 1156 1469 1187 autem
1490 1156 1611 1187 tuom.

289 1220 363 1256 PH.
389 1217 483 1268 quid
505 1217 568 1255 is?
598 1218 767 1267 egetne?
825 1217 894 1254 Lv.
918 1222 1014 1265 eget.
1075 1216 1149 1252 PH.
1173 1213 1362 1252 habuitne
1378 1215 1489 1252 rem?
1541 1215 1610 1252 LY.
1633 1223 1702 1257 330

914 1280 1061 1319 habuit.
1123 1282 1196 1317 PH.
1221 1281 1288 1329 qui
1308 1293 1394 1318 eam
1415 1278 1614 1330 perdidit?

227 1362 269 1393 50
289 1348 508 1400 publicisne
528 1348 669 1386 adfinis
690 1347 761 1385 fuit
780 1360 831 1385 an
852 1345 1068 1384 maritumis
1089 1344 1283 1395 negotiis?

289 1422 543 1460 mercaturan,
566 1428 616 1451 an
639 1413 786 1452 uenalis
807 1412 945 1451 habuit
966 1411 1034 1450 ubi
1055 1425 1135 1450 rem
1156 1410 1356 1461 perdidit?

288 1481 359 1518 Lv.
391 1479 487 1517 nihil
518 1479 690 1517 istorum.
751 1480 825 1516 PH.
858 1477 954 1527 quid
987 1476 1132 1527 igitur?
1189 1478 1258 1514 LY.
1291 1490 1359 1526 per
1387 1474 1615 1514 comitatem

1308 1541 1462 1591 edepol,
1480 1548 1590 1591 pater
1605 1555 1615 1589 ,-

288 1618 486 1660 praeterea
505 1609 750 1659 aliquantum
771 1607 891 1647 animi
913 1621 1050 1646 caussa
1070 1607 1109 1645 in
1131 1605 1280 1645 deliciis
1301 1605 1544 1655 disperdidit.

291 1678 367 1713 PH.
398 1676 539 1725 edepol
560 1674 761 1713 hominem
784 1674 1108 1724 praemandatum
1130 1674 1250 1710 ferme
1270 1670 1521 1718 familiariter,
1633 1676 1698 1712 335

229 1754 268 1785 55
290 1740 356 1790 qui
378 1740 539 1790 quidem
560 1742 754 1789 nusquam
772 1752 840 1789 per
856 1738 1040 1776 uirtutem
1057 1751 1138 1775 rem
1160 1735 1349 1786 confregit
1365 1743 1483 1785 atque
1504 1743 1591 1786 eget
1608 1738 1614 1774 ἔ

289 1805 343 1843 nil
366 1818 494 1843 moror
515 1818 604 1843 eum
627 1804 697 1842 tibi
718 1818 802 1843 esse
823 1803 994 1842 amicum
1016 1816 1106 1841 cum
1128 1800 1323 1841 eiusmodi
1344 1800 1563 1839 uirtutibus.

290 1873 359 1908 Lv.
392 1870 483 1920 quia
503 1869 587 1907 sine
607 1869 715 1907 omni
738 1869 934 1915 malitiast,
956 1869 1119 1906 tolerare
1141 1866 1223 1905 eius
1245 1873 1456 1916 egestatem
1478 1866 1582 1904 uolo.

288 1937 362 1973 PH.
387 1936 436 1973 de
451 1934 634 1973 mendico
650 1936 752 1972 male
769 1941 937 1972 meretur
950 1933 1016 1982 qui
1034 1932 1068 1970 ei
1085 1933 1152 1970 dat
1169 1932 1277 1981 quod
1297 1930 1378 1969 edit
1397 1938 1464 1968 aut
1480 1930 1613 1979 bibat,-

288 2015 379 2040 nam
400 2010 437 2039 et
458 2001 553 2040 illud
571 2003 679 2051 quod
696 2003 761 2039 dat
779 2000 905 2050 perdit
926 2008 963 2038 et
984 1999 1037 2037 illi
1053 1998 1183 2049 prodit
1199 1998 1320 2036 uitam
1336 1999 1387 2036 ad
1405 1996 1609 2035 miseriam.
1632 2004 1700 2039 340

331 2115 396 2143 320
422 2104 519 2145 [non]
542 2105 670 2144 penitet
688 2104 720 2134 P
735 2104 770 2142 (i.
790 2106 824 2142 93
958 2113 1020 2142 324
1045 2103 1215 2142 quaedant
1231 2101 1265 2132 P
1393 2111 1456 2140 325
1480 2101 1612 2132 ueniam

288 2148 369 2179 dare
397 2149 462 2179 iam
486 2148 549 2187 (B)
574 2149 622 2178 vel
645 2148 776 2179 ueniam
803 2148 866 2177 iam
891 2148 971 2177 dare
999 2147 1100 2186 (PCD)
1126 2146 1159 2176 P
1288 2147 1352 2184 326
1373 2145 1450 2175 hinc
1472 2144 1618 2176 Vollbehr

288 2193 352 2231 328
377 2203 440 2231 ego
457 2203 522 2223 om.
543 2192 574 2221 Α
748 2192 810 2222 nisi
836 2196 870 2221 tu
895 2201 961 2221 non
987 2191 1039 2221 uis
1064 2192 1092 2221 A
1114 2190 1183 2229 (vix
1199 2195 1260 2230 pro
1276 2199 1387 2219 noenu
1405 2188 1478 2227 uis;
1513 2188 1549 2228 ‘f
1570 2188 1618 2219 ad

288 2237 369 2277 361)
453 2246 515 2274 332
540 2240 804 2266 mercaturamne
821 2246 862 2265 an
875 2234 908 2264 P
1001 2243 1063 2273 335
1087 2234 1317 2273 praedicatum
1335 2232 1368 2262 P
1452 2231 1474 2263 s.
1492 2237 1525 2262 et
1537 2232 1610 2263 sam.

288 2280 321 2309 A
445 2281 509 2318 336
527 2279 614 2318 Quid
628 2279 659 2310 P
778 2280 841 2317 338
858 2277 924 2318 est]
944 2288 980 2308 es
997 2278 1028 2306 A
1122 2281 1309 2316 egestatem
1327 2276 1400 2307 eius
1417 2275 1449 2306 P
1464 2276 1545 2317 (non
1560 2274 1611 2316 D)

288 2332 352 2362 339
369 2327 426 2353 aut
451 2322 575 2365 [quod]
603 2322 636 2353 P
764 2332 828 2361 340
852 2321 977 2363 prodit]
997 2320 1150 2362 producit
1167 2321 1256 2361 P<v.
1281 2321 1311 2362 Ι)
