1731 2713
103 1235 145 1260 10

101 1562 138 1599 15

95 1890 141 1916 20

642 401 1023 449 PROLOGVS

550 548 807 584 LVXVRIA
918 548 1119 585 INOPIA

223 635 293 671 LV.
326 634 496 683 Sequere
517 635 590 672 hac
612 647 684 680 me,
707 641 834 684 gnata,
858 641 900 671 ut
924 647 1067 672 munus
1089 633 1258 684 fungaris
1279 641 1400 673 tuom.

221 700 282 737 IN.
315 712 467 748 sequor,
490 700 559 737 scd
581 700 699 736 finem
720 699 801 737 fore
822 712 940 748 quem
961 698 1091 737 dicam
1112 698 1256 737 nescio.

220 766 291 802 Lv.
323 765 444 802 adest.
504 778 566 802 cm
588 764 675 802 illae
697 772 787 802 sunt
807 766 936 811 aedes,
961 765 972 802 ι’
993 764 1094 802 intro
1116 765 1369 803 nunciam.—

220 842 341 876 nunc,
362 843 411 867 ne
432 829 519 879 quis
540 837 638 867 erret
659 837 846 876 uostrum,
870 829 1005 879 paucis
1026 829 1065 867 in
1087 830 1192 868 uiam

219 895 426 942 deducam,
451 894 480 932 si
504 894 664 944 quidem
686 908 847 944 operam
868 896 960 933 dare
985 895 1220 945 promittitis.
1512 911 1529 943 5

221 974 323 998 nunc
345 960 458 1010 igitur
478 960 647 1010 primum
669 960 769 1010 quae
791 974 863 1010 ego
884 960 957 998 sim
979 968 1017 998 et
1037 974 1138 1010 quae
1159 961 1270 999 illaec
1290 961 1362 1000 siet

217 1027 295 1063 huc
317 1038 416 1075 quae
437 1025 532 1063 abiit
554 1025 654 1063 intro
676 1025 822 1072 dicam,
842 1024 873 1063 si
893 1025 1070 1063 animum
1091 1026 1307 1065 aduortitis.

216 1090 385 1141 primum
408 1091 503 1128 mihi
526 1092 685 1129 Plautus
706 1104 854 1129 nomen
877 1090 1069 1129 Luxuriae
1090 1090 1258 1140 indidit,-

216 1163 299 1193 tum
326 1154 330 1207 Ι
357 1156 458 1194 hanc
479 1155 574 1193 mihi
593 1163 751 1205 gnatam
772 1169 857 1194 esse
878 1155 1003 1194 uoluit
1025 1156 1219 1206 Inopiam.

215 1222 285 1259 sed
306 1234 351 1259 ea
371 1222 448 1259 huc
469 1220 563 1271 quid
585 1220 774 1259 introierit
794 1220 966 1270 impulsu
987 1235 1076 1260 meo
1510 1239 1550 1261 10
1597 1220 1599 1223 ’

213 1285 380 1336 accipite
400 1294 438 1324 et
459 1287 549 1324 date
570 1286 732 1324 uociuas
753 1286 854 1324 auris
876 1288 971 1325 dum
993 1288 1166 1337 eloquor.

213 1353 444 1390 adulescens
465 1351 627 1402 quidam
648 1359 706 1390 est
727 1353 795 1402 qui
815 1352 854 1390 in
876 1352 984 1391 hisce
1005 1353 1154 1391 habitat
1180 1353 1346 1393 aedibus
1359 1369 1370 1403 3

214 1417 244 1456 is
266 1431 346 1456 rem
367 1425 569 1468 paternam
591 1431 654 1456 me
673 1417 864 1456 adiutrice
884 1417 1064 1468 perdidit.

215 1482 401 1533 quoniam
423 1482 458 1521 ei
479 1481 546 1532 qui
567 1496 630 1521 me
651 1484 770 1521 aleret
790 1484 844 1521 nil
865 1484 983 1522 uideo
1003 1498 1088 1522 esse
1109 1483 1253 1530 relicui,

213 1548 306 1587 dedi
327 1548 362 1587 ei
384 1562 510 1587 meam
532 1556 690 1598 gnatam
711 1547 871 1598 quicum
893 1555 1060 1586 aetatem
1083 1548 1219 1599 exigat.
1510 1567 1545 1598 15

213 1615 282 1652 sed
304 1615 353 1652 de
373 1622 603 1663 argumento
625 1627 674 1652 ne
695 1612 928 1663 exspectetis
949 1613 1127 1652 fabulae:

212 1693 324 1718 senes
345 1679 412 1730 qui
433 1681 510 1718 huc
531 1679 702 1725 uenient,
727 1678 737 1716 i
759 1692 841 1717 rem
863 1677 976 1716 uobis
997 1678 1182 1728 aperient.

211 1745 302 1783 huic
324 1746 472 1783 Graece
494 1758 640 1784 nomen
662 1751 721 1783 est
742 1745 976 1782 Thensauro
996 1743 1151 1782 fabulae
1171 1758 1178 1782 ε
1223 1742 1231 1746 ’

212 1810 390 1848 Philemo
412 1810 574 1860 scripsit,
599 1811 760 1847 Plautus
782 1808 900 1847 uortit
920 1809 1094 1855 barbare,

210 1890 357 1915 nomen
376 1876 612 1914 Trinummo
632 1875 734 1922 fecit,
758 1887 864 1912 nunc
884 1875 961 1912 hoc
982 1887 1053 1912 uos
1073 1882 1183 1924 rogat
1504 1891 1546 1913 20

210 1950 252 1980 ut
272 1942 386 1980 liceat
407 1941 606 1992 possidere
627 1942 739 1995 hanc⁸
754 1953 900 1979 nomen
920 1940 1105 1978 fabulam.

210 2015 362 2047 tantum
384 2015 451 2046 est.
511 2008 650 2055 ualete,
673 2008 808 2045 adeste
830 2019 921 2044 cum
943 2004 1165 2044 silentio.—

202 2123 215 2143 1
243 2113 305 2144 hac
322 2112 391 2154 me]
411 2123 464 2144 me
481 2124 554 2144 mea
571 2113 604 2144 P
705 2113 826 2153 fungas
849 2111 936 2143 codd.
959 2111 1062 2143 Nonii
1074 2123 1147 2152 497,
1168 2112 1253 2144 unde
1270 2113 1388 2153 fungas
1404 2112 1484 2157 (tu)

157 2157 197 2195 (2)
216 2157 343 2188 Sclzoell
472 2158 502 2193 8,
522 2168 543 2197 9
567 2158 712 2198 <omissis
730 2156 998 2188 Plautus—mihi
1006 2161 1135 2197 propter
1147 2157 1347 2195 lzomoeotel.)
1360 2161 1437 2197 post
1451 2168 1479 2189 v.

158 2210 197 2230 10
213 2200 344 2231 collocat
357 2200 390 2231 A
412 2201 458 2239 (ii.
475 2203 509 2235 63
600 2202 620 2231 8
645 2203 688 2232 mi
703 2200 777 2231 PCD
864 2211 884 2239 9
908 2200 995 2230 hanc
1012 2199 1168 2242 (autern)
1181 2200 1321 2241 Spengel
1335 2200 1384 2233 (A
1397 2212 1429 2232 n.
1443 2201 1482 2241 l.)

154 2244 235 2274 mihi
246 2244 333 2274 hanc
345 2249 479 2283 gnatam
494 2244 662 2285 [gnatam]
670 2244 743 2275 PCD
824 2252 862 2282 15
879 2243 926 2284 ei]
939 2253 958 2273 e
969 2243 1002 2273 P
1058 2245 1192 2283 quicum
1203 2242 1314 2287 (una)
1325 2243 1482 2284 Vollbehr,

155 2298 235 2317 nam
254 2289 392 2328 (meam)
415 2290 552 2327 gnatam
568 2287 708 2328 displicet
852 2297 888 2325 17
916 2287 1092 2328 [uo]uobis
1114 2287 1147 2317 A
1294 2288 1333 2318 18
1358 2299 1480 2319 nomen

154 2340 255 2369 grece
271 2330 305 2360 P
432 2341 476 2362 20
498 2341 559 2363 uos
578 2332 643 2363 hoc
660 2332 705 2371 A,
725 2341 791 2362 non
809 2331 951 2361 usitatus
965 2330 1045 2361 ordo
1177 2341 1219 2361 22
1242 2332 1363 2363 adesse
1379 2332 1412 2362 A

197 2383 316 2406 PLAVT.
337 2384 363 2405 11
1351 2376 1394 2407 28
