1783 2707
127 152 199 189 IV.

162 342 199 372 35

163 863 205 894 40

165 1388 206 1420 45

222 152 234 187 i
639 151 685 186 T.
719 149 900 188 MACCI
934 148 1137 186 PLAVTI

330 263 399 300 sed
421 261 524 303 uide,
546 268 704 298 ornatus
726 259 789 297 hic
812 272 874 296 me
896 257 996 296 satin
1017 258 1240 296 condecet?
1569 263 1636 301 935

489 328 549 363 ΡΞ.
583 332 745 374 optume
766 324 895 362 habet.
955 324 1088 361 S1MJA.
1121 329 1216 360 esto.
1570 324 1661 364 935²

222 394 283 430 Ps.
317 399 468 429 tantum
500 390 569 428 tibi
600 388 694 427 boni
725 388 765 427 di
793 388 1019 426 inmortales
1046 386 1159 425 duint
1186 394 1378 436 quantum
1406 393 1447 423 tu
1481 384 1552 423 tibi

1417 459 1528 502 optes
1543 466 1553 499 3

221 539 312 564 nam
351 524 381 562 si
427 531 609 574 exoptem
652 529 844 572 quantum
890 520 1042 570 dignu's
1088 527 1240 558 tantum
1284 520 1391 565 dent,
1432 517 1552 555 minu’

1348 583 1470 621 nihilo
1491 582 1552 620 sit.

222 669 352 705 neque
387 668 459 704 ego
498 655 574 692 hoc
601 652 753 691 homini
786 664 1027 702 quemquam
1061 649 1144 689 uidi
1184 648 1296 699 magi'
1330 650 1475 686 malum
1515 655 1553 686 et

859 717 1093 755 maleficum.
1153 717 1285 754 S1M1A.
1319 722 1388 752 tun
1409 713 1449 751 id
1471 712 1553 751 mi?

226 789 287 825 ΡΞ.
311 794 433 825 tacco.
1571 779 1658 822 938a

547 850 616 888 sed
637 862 710 898 ego
731 861 832 897 quae
852 846 922 885 tibi
943 847 1049 884 bona
1069 846 1175 883 dabo
1196 853 1233 883 et
1253 843 1404 890 faciam,

546 914 576 952 si
597 916 699 952 hanc
720 912 850 951 sobrie
869 925 951 950 rem
971 910 1184 949 accurassis
1204 913 1210 947 1
1569 912 1658 953 939a

224 984 358 1019 SIMIA.
390 981 500 1031 potin
539 988 581 1018 ut
613 980 771 1017 taceas?
812 990 1028 1015 memorem
1060 975 1318 1013 inmemorem
1357 974 1448 1012 facit
1487 974 1553 1024 qui
1574 983 1644 1017 940

908 1048 1043 1079 monet
1063 1041 1171 1090 quod
1193 1053 1344 1078 memor
1364 1039 1552 1078 meminit.

226 1119 352 1158 teneo,
372 1111 505 1150 omnia
522 1110 559 1148 in
578 1117 736 1160 pectore
752 1107 912 1147 condita
928 1115 1029 1152 sunt,
1049 1104 1225 1144 meditati
1247 1112 1337 1143 sunt
1358 1104 1453 1142 mihi
1474 1103 1556 1143 doli

1424 1171 1553 1208 docte.

228 1244 288 1280 ΡΞ.
322 1242 469 1292 probus
491 1250 548 1279 est
569 1241 632 1278 hic
653 1242 784 1278 homo.
846 1240 979 1277 SIMIA.
1007 1250 1137 1286 neque
1157 1235 1220 1274 hic
1241 1243 1299 1273 est
1320 1248 1449 1284 neque
1469 1248 1553 1284 ego.

482 1310 543 1344 ΡΞ.
576 1314 614 1344 at
636 1305 727 1344 uide
748 1319 798 1342 ne
819 1304 974 1341 titubes.
1036 1304 1169 1340 SIMIA.
1202 1301 1313 1351 potin
1335 1308 1376 1338 ut
1398 1302 1557 1338 taceas?

229 1376 290 1411 ΡΞ.
323 1373 376 1411 ita
407 1386 470 1410 me
503 1371 542 1410 di
572 1371 899 1409 ament—SIMIA:
930 1368 983 1405 ita
1017 1381 1098 1405 non
1133 1366 1297 1405 facient:
1339 1379 1445 1403 mera
1478 1365 1555 1403 iam

1176 1431 1383 1470 mendacia
1402 1432 1553 1469 fundes.

230 1506 290 1542 ΡΞ.
325 1511 366 1541 ut
394 1517 466 1553 ego
496 1503 548 1541 ob
576 1510 695 1548 tuam,
719 1501 854 1548 Simia,
874 1499 1080 1553 perfidiam
1108 1507 1145 1537 te
1174 1512 1265 1536 amo
1293 1505 1331 1536 et
1359 1504 1492 1535 metuo
1519 1504 1557 1534 et

1292 1562 1422 1613 magni
1443 1562 1553 1600 facio.

229 1638 362 1673 Suum.
396 1647 468 1684 ego
496 1633 595 1671 istuc
622 1632 707 1671 aliis
734 1633 827 1670 dare
854 1630 1079 1670 condidici:
1116 1629 1211 1667 mihi
1240 1630 1449 1679 optrudere
1476 1641 1556 1666 non
1577 1634 1642 1671 945

1251 1701 1363 1744 potes
1383 1694 1555 1743 palpum.

231 1767 292 1803 ΡΞ.
326 1772 367 1802 ut
389 1777 461 1814 ego
481 1762 672 1813 accipiam
694 1770 731 1800 te
756 1761 875 1800 hodie
896 1760 1036 1811 lepide,
1055 1760 1122 1799 ubi
1144 1759 1328 1798 ecfeceris
1348 1760 1424 1797 hoc
1445 1771 1556 1808 opus,
1588 1760 1589 1763 ’

1189 1827 1322 1863 SIMIA.
1355 1825 1558 1862 hahahae!

232 1899 293 1934 ΡΞ.
326 1895 458 1946 lepido
493 1894 610 1940 uictu,
648 1893 754 1940 uino,
791 1891 1000 1942 unguentis
1039 1899 1076 1929 et
1109 1890 1207 1929 inter
1246 1890 1388 1940 pocula
1425 1890 1560 1940 pulpa—

845 1956 847 1960 ⁴
1393 1954 1534 1993 mentis
1548 1969 1558 2002 5

274 2065 381 2104 935-8
400 2069 509 2105 pauca
531 2066 656 2093 servata
679 2061 712 2092 A
845 2072 908 2101 935
933 2063 1015 2093 satis
1041 2062 1071 2092 Ρ
1088 2061 1133 2092 =A
1154 2073 1183 2092 n.
1203 2062 1239 2097 l.)
1373 2061 1438 2100 936
1463 2059 1558 2089 diunt

231 2109 270 2145 P,
298 2108 330 2138 A
357 2118 387 2139 n.
416 2107 436 2137 l.
526 2111 668 2146 exoptes
699 2105 807 2144 Goetz,
834 2106 888 2136 cui
911 2106 966 2136 tibi
997 2106 1001 2145 l
1031 2111 1130 2145 optes
1148 2105 1298 2144 ‘displicet
1435 2113 1497 2141 937
1528 2108 1558 2133 st

232 2163 276 2183 an
293 2153 334 2182 sit
351 2152 456 2181 incerl.
472 2150 504 2180 A
522 2162 528 2181 :
553 2155 604 2180 est
621 2149 653 2180 P
782 2151 847 2189 938
871 2150 921 2181 vel
938 2160 1035 2188 mage
1192 2160 1256 2189 939
1279 2159 1366 2188 quae
1383 2147 1441 2178 tibi
1457 2146 1531 2176 Ital.
1551 2157 1558 2175 ε

232 2195 383 2235 quantibi
401 2194 440 2234 P,
466 2193 498 2223 A
523 2205 556 2224 u.
574 2194 593 2224 l.
683 2193 770 2224 bona
794 2193 933 2224 Doztsa:
959 2194 1047 2224 dona
1070 2193 1110 2226 Ρ,
1136 2192 1169 2222 A
1187 2205 1218 2223 n.
1242 2193 1260 2224 Ι.
1395 2201 1460 2230 940
1483 2188 1557 2228 qui]

233 2239 312 2279 quoi
323 2238 356 2268 A
373 2238 567 2278 (scm'ptmzm
579 2236 764 2276 eratquod)
877 2247 937 2276 941
960 2237 990 2267 in
1008 2241 1146 2276 pectore
1159 2237 1270 2267 omnia
1281 2235 1313 2265 A
1396 2233 1477 2264 mihi
1489 2244 1553 2263 om.

233 2283 266 2314 P
373 2292 436 2321 942
459 2291 506 2320 pr.
525 2282 579 2312 hic
597 2285 649 2311 est
665 2280 695 2310 P
779 2284 814 2311 at
830 2280 922 2321 uide]
942 2281 1056 2310 attude
1072 2280 1105 2309 P
1117 2280 1234 2320 (atude
1251 2279 1297 2319 Β)
1388 2277 1438 2317 ut]
1458 2287 1512 2306 um
1529 2276 1562 2306 P

233 2336 297 2366 943
321 2326 419 2356 faciet
437 2325 469 2354 A
560 2335 651 2355 mera
668 2324 749 2365 iam]
769 2334 895 2354 meram
910 2323 942 2353 A
1031 2323 1186 2362 sundisA
1297 2332 1361 2360 944
1386 2321 1516 2351 simiam
1528 2319 1561 2349 P

234 2370 326 2410 amo]
342 2379 417 2399 amo
435 2374 468 2398 et
486 2379 560 2399 amo
578 2368 609 2398 A
629 2368 687 2408 (iv.
705 2371 740 2406 3)
851 2376 981 2406 045-55
1008 2366 1192 2406 mediafere
1207 2369 1236 2396 et
1250 2369 1393 2396 extrema
1407 2364 1559 2403 pleraque

236 2423 300 2443 non
317 2416 443 2442 servata
460 2412 492 2441 A
626 2422 688 2450 947
715 2415 748 2441 et
761 2421 826 2442 om.
846 2410 1030 2448 Fleckeisen,
1048 2421 1129 2441 nam
1146 2414 1180 2440 et
1195 2410 1288 2440 ‘inter
1305 2407 1445 2448 displicet

966 2523 989 2534 l
