<?xml version="1.0" encoding="UTF-8"?>
<!DOCTYPE html PUBLIC "-//W3C//DTD XHTML 1.0 Transitional//EN"
    "http://www.w3.org/TR/xhtml1/DTD/xhtml1-transitional.dtd">
<html xmlns="http://www.w3.org/1999/xhtml" xml:lang="en" lang="en">
 <head>
  <title>
</title>
<meta http-equiv="Content-Type" content="text/html;charset=utf-8" />
  <meta name='ocr-system' content='tesseract 3.04.00' />
  <meta name='ocr-capabilities' content='ocr_page ocr_carea ocr_par ocr_line ocrx_word'/>
</head>
<body>
  <div class='ocr_page' id='page_1' title='image "./tmacciplauticomo02plauuoft_0182.png"; bbox 0 0 1783 2707; ppageno 0'>
   <div class='ocr_carea' id='block_1_1' title="bbox 178 110 248 148">
    <p class='ocr_par' dir='ltr' id='par_1_1' title="bbox 178 110 248 148">
     <span class='ocr_line' id='line_1_1' title="bbox 178 110 248 148; baseline -0.014 0"><span class='ocrx_word' id='word_1_1' title='bbox 178 110 248 148; x_wconf 90' lang='lat' dir='ltr'>IV.</span> 
     </span>
    </p>
   </div>
   <div class='ocr_carea' id='block_1_2' title="bbox 206 223 253 260">
    <p class='ocr_par' dir='ltr' id='par_1_2' title="bbox 206 223 253 260">
     <span class='ocr_line' id='line_1_2' title="bbox 206 223 253 260; baseline 0 0"><span class='ocrx_word' id='word_1_2' title='bbox 206 223 253 260; x_wconf 90' lang='lat' dir='ltr'>iii</span> 
     </span>
    </p>
   </div>
   <div class='ocr_carea' id='block_1_3' title="bbox 211 1016 247 1037">
    <p class='ocr_par' dir='ltr' id='par_1_3' title="bbox 211 1016 247 1037">
     <span class='ocr_line' id='line_1_3' title="bbox 211 1016 247 1037; baseline 0 0"><span class='ocrx_word' id='word_1_3' title='bbox 211 1016 247 1037; x_wconf 89' lang='lat'>10</span> 
     </span>
    </p>
   </div>
   <div class='ocr_carea' id='block_1_4' title="bbox 213 1538 249 1569">
    <p class='ocr_par' dir='ltr' id='par_1_4' title="bbox 213 1538 249 1569">
     <span class='ocr_line' id='line_1_4' title="bbox 213 1538 249 1569; baseline 0 0"><span class='ocrx_word' id='word_1_4' title='bbox 213 1538 249 1569; x_wconf 85' lang='lat'>15</span> 
     </span>
    </p>
   </div>
   <div class='ocr_carea' id='block_1_5' title="bbox 214 2188 254 2211">
    <p class='ocr_par' dir='ltr' id='par_1_5' title="bbox 214 2188 254 2211">
     <span class='ocr_line' id='line_1_5' title="bbox 214 2188 254 2211; baseline -0.025 0"><span class='ocrx_word' id='word_1_5' title='bbox 214 2188 254 2211; x_wconf 87' lang='lat'>20</span> 
     </span>
    </p>
   </div>
   <div class='ocr_carea' id='block_1_6' title="bbox 270 107 1154 147">
    <p class='ocr_par' dir='ltr' id='par_1_6' title="bbox 270 107 1154 147">
     <span class='ocr_line' id='line_1_6' title="bbox 270 107 1154 147; baseline -0.001 -2"><span class='ocrx_word' id='word_1_6' title='bbox 270 108 315 146; x_wconf 89' lang='lat' dir='ltr'>iii</span> <span class='ocrx_word' id='word_1_7' title='bbox 655 109 701 145; x_wconf 94' lang='lat' dir='ltr'>T.</span> <span class='ocrx_word' id='word_1_8' title='bbox 736 107 917 147; x_wconf 88' lang='lat' dir='ltr'>MACCI</span> <span class='ocrx_word' id='word_1_9' title='bbox 949 107 1154 145; x_wconf 91' lang='lat' dir='ltr'><strong>PLAVTI</strong></span> 
     </span>
    </p>
   </div>
   <div class='ocr_carea' id='block_1_7' title="bbox 266 219 1728 2099">
    <p class='ocr_par' dir='ltr' id='par_1_7' title="bbox 266 219 1728 2099">
     <span class='ocr_line' id='line_1_7' title="bbox 595 219 1258 257; baseline -0.003 0"><span class='ocrx_word' id='word_1_10' title='bbox 595 220 899 257; x_wconf 78' lang='lat' dir='ltr'>DORDALvs</span> <span class='ocrx_word' id='word_1_11' title='bbox 1008 219 1258 255; x_wconf 77' lang='lat' dir='ltr'>Tolevs</span> 
     </span>
     <span class='ocr_line' id='line_1_8' title="bbox 273 280 1684 333; baseline -0.003 -11"><span class='ocrx_word' id='word_1_12' title='bbox 273 286 349 322; x_wconf 94' lang='lat' dir='ltr'>Do.</span> <span class='ocrx_word' id='word_1_13' title='bbox 384 285 490 333; x_wconf 76' lang='lat' dir='ltr'>Quoi</span> <span class='ocrx_word' id='word_1_14' title='bbox 510 283 662 322; x_wconf 87' lang='lat' dir='ltr'>homini</span> <span class='ocrx_word' id='word_1_15' title='bbox 683 283 722 321; x_wconf 95' lang='lat' dir='ltr'>di</span> <span class='ocrx_word' id='word_1_16' title='bbox 744 282 901 333; x_wconf 89' lang='lat' dir='ltr'>propitii</span> <span class='ocrx_word' id='word_1_17' title='bbox 923 289 1026 328; x_wconf 85' lang='lat' dir='ltr'>sunt,</span> <span class='ocrx_word' id='word_1_18' title='bbox 1047 281 1196 331; x_wconf 87' lang='lat' dir='ltr'>aliquid</span> <span class='ocrx_word' id='word_1_19' title='bbox 1216 280 1394 320; x_wconf 89' lang='lat' dir='ltr'>obiciunt</span> <span class='ocrx_word' id='word_1_20' title='bbox 1414 280 1539 330; x_wconf 81' lang='lat' dir='ltr'>lucri3</span> <span class='ocrx_word' id='word_1_21' title='bbox 1615 291 1684 326; x_wconf 87' lang='lat'>470</span> 
     </span>
     <span class='ocr_line' id='line_1_9' title="bbox 268 346 1364 399; baseline -0.004 -11"><span class='ocrx_word' id='word_1_22' title='bbox 268 363 359 387; x_wconf 88' lang='lat' dir='ltr'>nam</span> <span class='ocrx_word' id='word_1_23' title='bbox 380 363 452 399; x_wconf 84' lang='lat' dir='ltr'>ego</span> <span class='ocrx_word' id='word_1_24' title='bbox 474 348 593 387; x_wconf 90' lang='lat' dir='ltr'>hodie</span> <span class='ocrx_word' id='word_1_25' title='bbox 613 347 827 398; x_wconf 80' lang='lat' dir='ltr'>compendi</span> <span class='ocrx_word' id='word_1_26' title='bbox 846 347 921 385; x_wconf 87' lang='lat' dir='ltr'>feci</span> <span class='ocrx_word' id='word_1_27' title='bbox 944 346 1057 385; x_wconf 85' lang='lat' dir='ltr'>binos</span> <span class='ocrx_word' id='word_1_28' title='bbox 1077 346 1189 397; x_wconf 88' lang='lat' dir='ltr'>panis</span> <span class='ocrx_word' id='word_1_29' title='bbox 1209 346 1249 384; x_wconf 89' lang='lat' dir='ltr'>in</span> <span class='ocrx_word' id='word_1_30' title='bbox 1270 346 1364 385; x_wconf 90' lang='lat' dir='ltr'>dies.</span> 
     </span>
     <span class='ocr_line' id='line_1_10' title="bbox 267 410 1596 463; baseline -0.003 -10"><span class='ocrx_word' id='word_1_31' title='bbox 267 414 320 453; x_wconf 88' lang='lat' dir='ltr'>ita</span> <span class='ocrx_word' id='word_1_32' title='bbox 339 414 480 453; x_wconf 82' lang='lat' dir='ltr'>ancilla</span> <span class='ocrx_word' id='word_1_33' title='bbox 501 427 588 451; x_wconf 87' lang='lat' dir='ltr'>mea</span> <span class='ocrx_word' id='word_1_34' title='bbox 608 426 709 463; x_wconf 89' lang='lat' dir='ltr'>quae</span> <span class='ocrx_word' id='word_1_35' title='bbox 729 412 801 450; x_wconf 88' lang='lat' dir='ltr'>fuit</span> <span class='ocrx_word' id='word_1_36' title='bbox 821 411 952 459; x_wconf 88' lang='lat' dir='ltr'>hodie,</span> <span class='ocrx_word' id='word_1_37' title='bbox 971 425 1041 449; x_wconf 86' lang='lat' dir='ltr'>sua</span> <span class='ocrx_word' id='word_1_38' title='bbox 1061 425 1167 449; x_wconf 88' lang='lat' dir='ltr'>nunc</span> <span class='ocrx_word' id='word_1_39' title='bbox 1183 419 1241 449; x_wconf 83' lang='lat' dir='ltr'>est</span> <span class='ocrx_word' id='word_1_40' title='bbox 1260 427 1266 450; x_wconf 93' lang='lat'>:</span> <span class='ocrx_word' id='word_1_41' title='bbox 1296 419 1457 462; x_wconf 83' lang='lat' dir='ltr'>argento</span> <span class='ocrx_word' id='word_1_42' title='bbox 1479 410 1596 460; x_wconf 77' lang='lat' dir='ltr'>uicit,-</span> 
     </span>
     <span class='ocr_line' id='line_1_11' title="bbox 266 475 1364 529; baseline -0.004 -11"><span class='ocrx_word' id='word_1_43' title='bbox 266 479 344 517; x_wconf 75' lang='lat' dir='ltr'>iam</span> <span class='ocrx_word' id='word_1_44' title='bbox 365 479 484 518; x_wconf 89' lang='lat' dir='ltr'>hodie</span> <span class='ocrx_word' id='word_1_45' title='bbox 500 478 672 516; x_wconf 89' lang='lat' dir='ltr'>alienum</span> <span class='ocrx_word' id='word_1_46' title='bbox 693 477 861 524; x_wconf 88' lang='lat' dir='ltr'>cenabit,</span> <span class='ocrx_word' id='word_1_47' title='bbox 885 477 982 514; x_wconf 85' lang='lat' dir='ltr'>nihil</span> <span class='ocrx_word' id='word_1_48' title='bbox 1002 475 1173 529; x_wconf 83' lang='lat' dir='ltr'>gustabit</span> <span class='ocrx_word' id='word_1_49' title='bbox 1194 477 1244 514; x_wconf 88' lang='lat' dir='ltr'>de</span> <span class='ocrx_word' id='word_1_50' title='bbox 1264 490 1364 514; x_wconf 90' lang='lat' dir='ltr'>meo.</span> 
     </span>
     <span class='ocr_line' id='line_1_12' title="bbox 266 541 1595 595; baseline -0.003 -12"><span class='ocrx_word' id='word_1_51' title='bbox 266 559 406 583; x_wconf 87' lang='lat' dir='ltr'>sumne</span> <span class='ocrx_word' id='word_1_52' title='bbox 422 545 579 595; x_wconf 86' lang='lat' dir='ltr'>probus,</span> <span class='ocrx_word' id='word_1_53' title='bbox 596 557 682 581; x_wconf 89' lang='lat' dir='ltr'>sum</span> <span class='ocrx_word' id='word_1_54' title='bbox 697 543 851 593; x_wconf 89' lang='lat' dir='ltr'>lepidus</span> <span class='ocrx_word' id='word_1_55' title='bbox 865 542 974 589; x_wconf 86' lang='lat' dir='ltr'>ciuis,</span> <span class='ocrx_word' id='word_1_56' title='bbox 990 542 1057 592; x_wconf 87' lang='lat' dir='ltr'>qui</span> <span class='ocrx_word' id='word_1_57' title='bbox 1072 541 1245 580; x_wconf 89' lang='lat' dir='ltr'>Atticam</span> <span class='ocrx_word' id='word_1_58' title='bbox 1262 541 1381 580; x_wconf 89' lang='lat' dir='ltr'>hodie</span> <span class='ocrx_word' id='word_1_59' title='bbox 1395 541 1595 580; x_wconf 84' lang='lat' dir='ltr'>ciuitatem</span> 
     </span>
     <span class='ocr_line' id='line_1_13' title="bbox 268 606 1680 658; baseline -0.003 -11"><span class='ocrx_word' id='word_1_60' title='bbox 268 622 490 647; x_wconf 81' lang='lat' dir='ltr'>maxumam</span> <span class='ocrx_word' id='word_1_61' title='bbox 512 608 699 647; x_wconf 89' lang='lat' dir='ltr'>maiorem</span> <span class='ocrx_word' id='word_1_62' title='bbox 722 607 795 646; x_wconf 93' lang='lat' dir='ltr'>feci</span> <span class='ocrx_word' id='word_1_63' title='bbox 816 615 935 657; x_wconf 90' lang='lat' dir='ltr'>atque</span> <span class='ocrx_word' id='word_1_64' title='bbox 956 606 1044 645; x_wconf 83' lang='lat' dir='ltr'>auxi</span> <span class='ocrx_word' id='word_1_65' title='bbox 1066 606 1143 644; x_wconf 87' lang='lat' dir='ltr'>ciui</span> <span class='ocrx_word' id='word_1_66' title='bbox 1164 606 1341 645; x_wconf 85' lang='lat' dir='ltr'>femina?</span> <span class='ocrx_word' id='word_1_67' title='bbox 1615 621 1680 658; x_wconf 84' lang='lat'>475</span> 
     </span>
     <span class='ocr_line' id='line_1_14' title="bbox 266 671 1443 725; baseline -0.003 -12"><span class='ocrx_word' id='word_1_68' title='bbox 266 676 336 713; x_wconf 84' lang='lat' dir='ltr'>sed</span> <span class='ocrx_word' id='word_1_69' title='bbox 357 683 399 713; x_wconf 89' lang='lat' dir='ltr'>ut</span> <span class='ocrx_word' id='word_1_70' title='bbox 420 687 492 725; x_wconf 82' lang='lat' dir='ltr'>ego</span> <span class='ocrx_word' id='word_1_71' title='bbox 513 674 633 712; x_wconf 87' lang='lat' dir='ltr'>hodie</span> <span class='ocrx_word' id='word_1_72' title='bbox 654 672 708 711; x_wconf 91' lang='lat' dir='ltr'>fui</span> <span class='ocrx_word' id='word_1_73' title='bbox 730 672 935 722; x_wconf 82' lang='lat' dir='ltr'>benignus,</span> <span class='ocrx_word' id='word_1_74' title='bbox 958 680 1000 710; x_wconf 87' lang='lat' dir='ltr'>ut</span> <span class='ocrx_word' id='word_1_75' title='bbox 1021 685 1093 722; x_wconf 86' lang='lat' dir='ltr'>ego</span> <span class='ocrx_word' id='word_1_76' title='bbox 1115 671 1246 710; x_wconf 86' lang='lat' dir='ltr'>multis</span> <span class='ocrx_word' id='word_1_77' title='bbox 1268 672 1416 710; x_wconf 92' lang='lat' dir='ltr'>credidi</span> <span class='ocrx_word' id='word_1_78' title='bbox 1437 675 1443 710; x_wconf 72' lang='grc' dir='ltr'>ἔ</span> 
     </span>
     <span class='ocr_line' id='line_1_15' title="bbox 267 737 1597 790; baseline -0.002 -12"><span class='ocrx_word' id='word_1_79' title='bbox 267 754 341 778; x_wconf 91' lang='lat' dir='ltr'>nec</span> <span class='ocrx_word' id='word_1_80' title='bbox 363 739 454 778; x_wconf 87' lang='lat' dir='ltr'>satis</span> <span class='ocrx_word' id='word_1_81' title='bbox 474 753 498 777; x_wconf 84' lang='lat' dir='ltr'>a</span> <span class='ocrx_word' id='word_1_82' title='bbox 518 739 707 790; x_wconf 87' lang='lat' dir='ltr'>quiquam</span> <span class='ocrx_word' id='word_1_83' title='bbox 735 738 897 777; x_wconf 87' lang='lat' dir='ltr'>homine</span> <span class='ocrx_word' id='word_1_84' title='bbox 921 737 1080 788; x_wconf 88' lang='lat' dir='ltr'>accepi:</span> <span class='ocrx_word' id='word_1_85' title='bbox 1121 737 1174 775; x_wconf 89' lang='lat' dir='ltr'>ita</span> <span class='ocrx_word' id='word_1_86' title='bbox 1201 751 1361 788; x_wconf 90' lang='lat' dir='ltr'>prosum</span> <span class='ocrx_word' id='word_1_87' title='bbox 1386 737 1597 776; x_wconf 79' lang='lat' dir='ltr'>credebam</span> 
     </span>
     <span class='ocr_line' id='line_1_16' title="bbox 1388 803 1598 851; baseline 0.005 -11"><span class='ocrx_word' id='word_1_88' title='bbox 1388 803 1573 841; x_wconf 89' lang='lat' dir='ltr'>omnibus</span> <span class='ocrx_word' id='word_1_89' title='bbox 1588 817 1598 851; x_wconf 78' lang='lat'>3</span> 
     </span>
     <span class='ocr_line' id='line_1_17' title="bbox 268 868 1598 920; baseline -0.002 -12"><span class='ocrx_word' id='word_1_90' title='bbox 268 884 342 908; x_wconf 89' lang='lat' dir='ltr'>nec</span> <span class='ocrx_word' id='word_1_91' title='bbox 383 877 527 918; x_wconf 88' lang='lat' dir='ltr'>metuo,</span> <span class='ocrx_word' id='word_1_92' title='bbox 565 869 699 920; x_wconf 88' lang='lat' dir='ltr'>quibu&#39;</span> <span class='ocrx_word' id='word_1_93' title='bbox 734 868 883 908; x_wconf 89' lang='lat' dir='ltr'>credidi</span> <span class='ocrx_word' id='word_1_94' title='bbox 924 868 1054 916; x_wconf 87' lang='lat' dir='ltr'>hodie,</span> <span class='ocrx_word' id='word_1_95' title='bbox 1090 882 1141 907; x_wconf 91' lang='lat' dir='ltr'>ne</span> <span class='ocrx_word' id='word_1_96' title='bbox 1184 868 1271 918; x_wconf 86' lang='lat' dir='ltr'>quis</span> <span class='ocrx_word' id='word_1_97' title='bbox 1303 868 1398 906; x_wconf 89' lang='lat' dir='ltr'>mihi</span> <span class='ocrx_word' id='word_1_98' title='bbox 1437 868 1477 906; x_wconf 90' lang='lat' dir='ltr'>in</span> <span class='ocrx_word' id='word_1_99' title='bbox 1516 868 1598 907; x_wconf 91' lang='lat' dir='ltr'>iure</span> 
     </span>
     <span class='ocr_line' id='line_1_18' title="bbox 484 933 1596 972; baseline -0.004 4"><span class='ocrx_word' id='word_1_100' title='bbox 484 944 488 948; x_wconf 94' lang='lat'>&#39;</span> <span class='ocrx_word' id='word_1_101' title='bbox 1367 933 1596 972; x_wconf 87' lang='lat' dir='ltr'>abiurassit:</span> 
     </span>
     <span class='ocr_line' id='line_1_19' title="bbox 269 998 1594 1049; baseline -0.002 -10"><span class='ocrx_word' id='word_1_102' title='bbox 269 1002 387 1040; x_wconf 83' lang='lat' dir='ltr'>bonu’</span> <span class='ocrx_word' id='word_1_103' title='bbox 411 1002 504 1039; x_wconf 89' lang='lat' dir='ltr'>uolo</span> <span class='ocrx_word' id='word_1_104' title='bbox 525 1001 602 1038; x_wconf 78' lang='lat' dir='ltr'>iam</span> <span class='ocrx_word' id='word_1_105' title='bbox 623 1015 669 1039; x_wconf 85' lang='lat' dir='ltr'>ex</span> <span class='ocrx_word' id='word_1_106' title='bbox 690 1001 767 1039; x_wconf 88' lang='lat' dir='ltr'>hoc</span> <span class='ocrx_word' id='word_1_107' title='bbox 787 1000 852 1038; x_wconf 91' lang='lat' dir='ltr'>die</span> <span class='ocrx_word' id='word_1_108' title='bbox 873 1000 1124 1049; x_wconf 89' lang='lat' dir='ltr'>esse—quod</span> <span class='ocrx_word' id='word_1_109' title='bbox 1140 1012 1270 1049; x_wconf 88' lang='lat' dir='ltr'>neque</span> <span class='ocrx_word' id='word_1_110' title='bbox 1286 1000 1352 1037; x_wconf 85' lang='lat' dir='ltr'>fiet</span> <span class='ocrx_word' id='word_1_111' title='bbox 1369 1012 1497 1048; x_wconf 88' lang='lat' dir='ltr'>neque</span> <span class='ocrx_word' id='word_1_112' title='bbox 1513 998 1594 1036; x_wconf 87' lang='lat' dir='ltr'>fuit.</span> 
     </span>
     <span class='ocr_line' id='line_1_20' title="bbox 267 1063 1686 1116; baseline -0.003 -11"><span class='ocrx_word' id='word_1_113' title='bbox 267 1069 342 1105; x_wconf 88' lang='lat' dir='ltr'>TO.</span> <span class='ocrx_word' id='word_1_114' title='bbox 374 1068 479 1104; x_wconf 87' lang='lat' dir='ltr'>hunc</span> <span class='ocrx_word' id='word_1_115' title='bbox 501 1066 705 1105; x_wconf 88' lang='lat' dir='ltr'>hominem</span> <span class='ocrx_word' id='word_1_116' title='bbox 722 1079 795 1116; x_wconf 85' lang='lat' dir='ltr'>ego</span> <span class='ocrx_word' id='word_1_117' title='bbox 811 1065 931 1104; x_wconf 83' lang='lat' dir='ltr'>hodie</span> <span class='ocrx_word' id='word_1_118' title='bbox 952 1065 992 1103; x_wconf 87' lang='lat' dir='ltr'>in</span> <span class='ocrx_word' id='word_1_119' title='bbox 1013 1073 1237 1103; x_wconf 80' lang='lat' dir='ltr'>trasennam</span> <span class='ocrx_word' id='word_1_120' title='bbox 1254 1063 1381 1103; x_wconf 90' lang='lat' dir='ltr'>doctis</span> <span class='ocrx_word' id='word_1_121' title='bbox 1402 1065 1596 1103; x_wconf 82' lang='lat' dir='ltr'>deducam</span> <span class='ocrx_word' id='word_1_122' title='bbox 1617 1071 1686 1114; x_wconf 84' lang='lat'>480</span> 
     </span>
     <span class='ocr_line' id='line_1_21' title="bbox 1484 1128 1596 1176; baseline -0.009 -9"><span class='ocrx_word' id='word_1_123' title='bbox 1484 1128 1596 1176; x_wconf 87' lang='lat' dir='ltr'>dolis,</span> 
     </span>
     <span class='ocr_line' id='line_1_22' title="bbox 269 1193 1565 1247; baseline -0.002 -12"><span class='ocrx_word' id='word_1_124' title='bbox 269 1197 401 1247; x_wconf 86' lang='lat' dir='ltr'>itaque</span> <span class='ocrx_word' id='word_1_125' title='bbox 423 1197 514 1235; x_wconf 83' lang='lat' dir='ltr'>huic</span> <span class='ocrx_word' id='word_1_126' title='bbox 535 1196 701 1234; x_wconf 82' lang='lat' dir='ltr'>insidiae</span> <span class='ocrx_word' id='word_1_127' title='bbox 721 1203 878 1246; x_wconf 87' lang='lat' dir='ltr'>paratae</span> <span class='ocrx_word' id='word_1_128' title='bbox 899 1203 990 1234; x_wconf 87' lang='lat' dir='ltr'>sunt</span> <span class='ocrx_word' id='word_1_129' title='bbox 1009 1195 1142 1246; x_wconf 87' lang='lat' dir='ltr'>probe.</span> <span class='ocrx_word' id='word_1_130' title='bbox 1202 1194 1407 1245; x_wconf 84' lang='lat' dir='ltr'>adgrediar</span> <span class='ocrx_word' id='word_1_131' title='bbox 1426 1193 1565 1232; x_wconf 91' lang='lat' dir='ltr'>uirum.</span> 
     </span>
     <span class='ocr_line' id='line_1_23' title="bbox 271 1260 1595 1314; baseline -0.002 -13"><span class='ocrx_word' id='word_1_132' title='bbox 271 1263 367 1314; x_wconf 90' lang='lat' dir='ltr'>quid</span> <span class='ocrx_word' id='word_1_133' title='bbox 387 1262 498 1312; x_wconf 83' lang='lat' dir='ltr'>agis?</span> <span class='ocrx_word' id='word_1_134' title='bbox 556 1264 632 1300; x_wconf 91' lang='lat' dir='ltr'>Do.</span> <span class='ocrx_word' id='word_1_135' title='bbox 660 1263 789 1300; x_wconf 87' lang='lat' dir='ltr'>credo.</span> <span class='ocrx_word' id='word_1_136' title='bbox 849 1263 924 1300; x_wconf 89' lang='lat' dir='ltr'>To.</span> <span class='ocrx_word' id='word_1_137' title='bbox 953 1263 1060 1300; x_wconf 77' lang='lat' dir='ltr'>unde</span> <span class='ocrx_word' id='word_1_138' title='bbox 1080 1261 1161 1311; x_wconf 82' lang='lat' dir='ltr'>agis</span> <span class='ocrx_word' id='word_1_139' title='bbox 1182 1268 1230 1307; x_wconf 89' lang='lat' dir='ltr'>te,</span> <span class='ocrx_word' id='word_1_140' title='bbox 1256 1260 1461 1299; x_wconf 81' lang='lat' dir='ltr'>Dordale?</span> <span class='ocrx_word' id='word_1_141' title='bbox 1518 1261 1595 1298; x_wconf 92' lang='lat' dir='ltr'>Do.</span> 
     </span>
     <span class='ocr_line' id='line_1_24' title="bbox 1375 1325 1596 1364; baseline -0.005 0"><span class='ocrx_word' id='word_1_142' title='bbox 1375 1326 1493 1364; x_wconf 89' lang='lat' dir='ltr'>credo</span> <span class='ocrx_word' id='word_1_143' title='bbox 1513 1325 1596 1364; x_wconf 90' lang='lat' dir='ltr'>tibi.</span> 
     </span>
     <span class='ocr_line' id='line_1_25' title="bbox 269 1390 1599 1444; baseline -0.003 -12"><span class='ocrx_word' id='word_1_144' title='bbox 269 1394 309 1433; x_wconf 92' lang='lat' dir='ltr'>di</span> <span class='ocrx_word' id='word_1_145' title='bbox 337 1395 432 1432; x_wconf 86' lang='lat' dir='ltr'>dent</span> <span class='ocrx_word' id='word_1_146' title='bbox 453 1407 553 1444; x_wconf 81' lang='lat' dir='ltr'>quae</span> <span class='ocrx_word' id='word_1_147' title='bbox 578 1392 686 1431; x_wconf 87' lang='lat' dir='ltr'>uelis.</span> <span class='ocrx_word' id='word_1_148' title='bbox 755 1394 829 1431; x_wconf 89' lang='lat' dir='ltr'>TO.</span> <span class='ocrx_word' id='word_1_149' title='bbox 862 1393 949 1439; x_wconf 88' lang='lat' dir='ltr'>eho,</span> <span class='ocrx_word' id='word_1_150' title='bbox 972 1406 1023 1430; x_wconf 89' lang='lat' dir='ltr'>an</span> <span class='ocrx_word' id='word_1_151' title='bbox 1043 1391 1120 1430; x_wconf 74' lang='lat' dir='ltr'>iam</span> <span class='ocrx_word' id='word_1_152' title='bbox 1142 1405 1262 1429; x_wconf 87' lang='lat' dir='ltr'>manu</span> <span class='ocrx_word' id='word_1_153' title='bbox 1283 1390 1445 1430; x_wconf 82' lang='lat' dir='ltr'>emisisti</span> <span class='ocrx_word' id='word_1_154' title='bbox 1466 1390 1599 1429; x_wconf 90' lang='lat' dir='ltr'>mulie-</span> 
     </span>
     <span class='ocr_line' id='line_1_26' title="bbox 1489 1458 1600 1495; baseline 0.009 -1"><span class='ocrx_word' id='word_1_155' title='bbox 1489 1470 1570 1495; x_wconf 89' lang='lat' dir='ltr'>rem</span> <span class='ocrx_word' id='word_1_156' title='bbox 1583 1458 1600 1495; x_wconf 90' lang='lat'>?</span> 
     </span>
     <span class='ocr_line' id='line_1_27' title="bbox 274 1522 1597 1574; baseline -0.002 -10"><span class='ocrx_word' id='word_1_157' title='bbox 274 1527 350 1564; x_wconf 90' lang='lat' dir='ltr'>Do.</span> <span class='ocrx_word' id='word_1_158' title='bbox 383 1526 502 1564; x_wconf 90' lang='lat' dir='ltr'>credo</span> <span class='ocrx_word' id='word_1_159' title='bbox 536 1526 689 1574; x_wconf 86' lang='lat' dir='ltr'>edepol,</span> <span class='ocrx_word' id='word_1_160' title='bbox 726 1525 856 1571; x_wconf 86' lang='lat' dir='ltr'>credo,</span> <span class='ocrx_word' id='word_1_161' title='bbox 892 1523 1065 1574; x_wconf 86' lang='lat' dir='ltr'>inquam,</span> <span class='ocrx_word' id='word_1_162' title='bbox 1100 1522 1181 1561; x_wconf 89' lang='lat' dir='ltr'>tibi.</span> <span class='ocrx_word' id='word_1_163' title='bbox 1241 1525 1315 1561; x_wconf 88' lang='lat' dir='ltr'>To.</span> <span class='ocrx_word' id='word_1_164' title='bbox 1348 1522 1424 1560; x_wconf 82' lang='lat' dir='ltr'>iam</span> <span class='ocrx_word' id='word_1_165' title='bbox 1463 1522 1597 1562; x_wconf 75' lang='lat' dir='ltr'>liberta</span> 
     </span>
     <span class='ocr_line' id='line_1_28' title="bbox 1110 1587 1596 1626; baseline -0.002 0"><span class='ocrx_word' id='word_1_166' title='bbox 1110 1590 1288 1626; x_wconf 88' lang='lat' dir='ltr'>auctu’s?</span> <span class='ocrx_word' id='word_1_167' title='bbox 1347 1590 1421 1626; x_wconf 91' lang='lat' dir='ltr'>Do.</span> <span class='ocrx_word' id='word_1_168' title='bbox 1455 1587 1596 1626; x_wconf 86' lang='lat' dir='ltr'>enicas.</span> 
     </span>
     <span class='ocr_line' id='line_1_29' title="bbox 324 1652 1728 1706; baseline -0.003 -12"><span class='ocrx_word' id='word_1_169' title='bbox 324 1655 420 1706; x_wconf 89' lang='lat' dir='ltr'>quin</span> <span class='ocrx_word' id='word_1_170' title='bbox 459 1655 529 1694; x_wconf 91' lang='lat' dir='ltr'>tibi</span> <span class='ocrx_word' id='word_1_171' title='bbox 568 1668 632 1693; x_wconf 89' lang='lat' dir='ltr'>me</span> <span class='ocrx_word' id='word_1_172' title='bbox 671 1654 762 1693; x_wconf 91' lang='lat' dir='ltr'>dico</span> <span class='ocrx_word' id='word_1_173' title='bbox 800 1653 969 1693; x_wconf 75' lang='lat' dir='ltr'>credere.</span> <span class='ocrx_word' id='word_1_174' title='bbox 1033 1655 1107 1691; x_wconf 88' lang='lat' dir='ltr'>To.</span> <span class='ocrx_word' id='word_1_175' title='bbox 1141 1653 1204 1692; x_wconf 92' lang='lat' dir='ltr'>dic</span> <span class='ocrx_word' id='word_1_176' title='bbox 1238 1654 1344 1692; x_wconf 89' lang='lat' dir='ltr'>bona</span> <span class='ocrx_word' id='word_1_177' title='bbox 1376 1654 1453 1691; x_wconf 88' lang='lat' dir='ltr'>fide</span> <span class='ocrx_word' id='word_1_178' title='bbox 1470 1668 1476 1691; x_wconf 92' lang='lat'>:</span> <span class='ocrx_word' id='word_1_179' title='bbox 1520 1652 1597 1690; x_wconf 85' lang='lat' dir='ltr'>iam</span> <span class='ocrx_word' id='word_1_180' title='bbox 1618 1660 1728 1705; x_wconf 83' lang='lat'>485-6</span> 
     </span>
     <span class='ocr_line' id='line_1_30' title="bbox 1040 1717 1618 1770; baseline 0.002 -15"><span class='ocrx_word' id='word_1_181' title='bbox 1040 1718 1229 1756; x_wconf 82' lang='lat' dir='ltr'>liberast?</span> <span class='ocrx_word' id='word_1_182' title='bbox 1286 1720 1366 1758; x_wconf 88' lang='lat' dir='ltr'>Do.</span> <span class='ocrx_word' id='word_1_183' title='bbox 1397 1717 1480 1770; x_wconf 83' lang='lat' dir='ltr'>&lt;pol</span> <span class='ocrx_word' id='word_1_184' title='bbox 1501 1718 1595 1769; x_wconf 68' lang='lat' dir='ltr'>aio.)</span> <span class='ocrx_word' id='word_1_185' title='bbox 1617 1754 1618 1757; x_wconf 75' lang='grc'>,</span> 
     </span>
     <span class='ocr_line' id='line_1_31' title="bbox 269 1778 1599 1835; baseline -0.005 -11"><span class='ocrx_word' id='word_1_186' title='bbox 269 1787 280 1824; x_wconf 81' lang='grc' dir='ltr'>ί</span> <span class='ocrx_word' id='word_1_187' title='bbox 309 1787 361 1824; x_wconf 89' lang='lat' dir='ltr'>ad</span> <span class='ocrx_word' id='word_1_188' title='bbox 390 1787 518 1824; x_wconf 90' lang='lat' dir='ltr'>forum</span> <span class='ocrx_word' id='word_1_189' title='bbox 548 1786 599 1823; x_wconf 86' lang='lat' dir='ltr'>ad</span> <span class='ocrx_word' id='word_1_190' title='bbox 628 1792 859 1835; x_wconf 80' lang='lat' dir='ltr'>praetorem,</span> <span class='ocrx_word' id='word_1_191' title='bbox 891 1783 1061 1834; x_wconf 78' lang='lat' dir='ltr'>exquire,</span> <span class='ocrx_word' id='word_1_192' title='bbox 1094 1782 1289 1832; x_wconf 83' lang='lat' dir='ltr'>siquidem</span> <span class='ocrx_word' id='word_1_193' title='bbox 1315 1783 1473 1820; x_wconf 89' lang='lat' dir='ltr'>credere</span> <span class='ocrx_word' id='word_1_194' title='bbox 1504 1778 1599 1818; x_wconf 89' lang='lat' dir='ltr'>mihi</span> 
     </span>
     <span class='ocr_line' id='line_1_32' title="bbox 1425 1845 1596 1884; baseline 0.006 -1"><span class='ocrx_word' id='word_1_195' title='bbox 1425 1859 1505 1884; x_wconf 90' lang='lat' dir='ltr'>non</span> <span class='ocrx_word' id='word_1_196' title='bbox 1526 1845 1596 1884; x_wconf 88' lang='lat' dir='ltr'>uis.</span> 
     </span>
     <span class='ocr_line' id='line_1_33' title="bbox 269 1911 1599 1966; baseline -0.005 -11"><span class='ocrx_word' id='word_1_197' title='bbox 269 1916 400 1964; x_wconf 85' lang='lat' dir='ltr'>libera,</span> <span class='ocrx_word' id='word_1_198' title='bbox 423 1915 623 1966; x_wconf 84' lang='lat' dir='ltr'>inquamst</span> <span class='ocrx_word' id='word_1_199' title='bbox 640 1929 647 1953; x_wconf 90' lang='lat'><strong>:</strong></span> <span class='ocrx_word' id='word_1_200' title='bbox 677 1913 821 1964; x_wconf 85' lang='lat' dir='ltr'>ecquid</span> <span class='ocrx_word' id='word_1_201' title='bbox 836 1913 978 1952; x_wconf 87' lang='lat' dir='ltr'>audis?</span> <span class='ocrx_word' id='word_1_202' title='bbox 1025 1915 1098 1950; x_wconf 91' lang='lat' dir='ltr'>To.</span> <span class='ocrx_word' id='word_1_203' title='bbox 1121 1920 1160 1950; x_wconf 86' lang='lat' dir='ltr'>at</span> <span class='ocrx_word' id='word_1_204' title='bbox 1181 1911 1252 1950; x_wconf 91' lang='lat' dir='ltr'>tibi</span> <span class='ocrx_word' id='word_1_205' title='bbox 1272 1911 1312 1950; x_wconf 91' lang='lat' dir='ltr'>di</span> <span class='ocrx_word' id='word_1_206' title='bbox 1332 1912 1435 1950; x_wconf 87' lang='lat' dir='ltr'>bene</span> <span class='ocrx_word' id='word_1_207' title='bbox 1456 1911 1599 1949; x_wconf 86' lang='lat' dir='ltr'>faciant</span> 
     </span>
     <span class='ocr_line' id='line_1_34' title="bbox 1438 1980 1599 2016; baseline 0.006 -1"><span class='ocrx_word' id='word_1_208' title='bbox 1438 1991 1575 2016; x_wconf 89' lang='lat' dir='ltr'>omnes</span> <span class='ocrx_word' id='word_1_209' title='bbox 1593 1980 1599 2016; x_wconf 74' lang='grc' dir='ltr'><strong>Ξ</strong></span> 
     </span>
     <span class='ocr_line' id='line_1_35' title="bbox 271 2043 1601 2099; baseline -0.005 -11"><span class='ocrx_word' id='word_1_210' title='bbox 271 2062 489 2099; x_wconf 89' lang='lat' dir='ltr'>numquam</span> <span class='ocrx_word' id='word_1_211' title='bbox 517 2047 623 2087; x_wconf 89' lang='lat' dir='ltr'>enim</span> <span class='ocrx_word' id='word_1_212' title='bbox 653 2048 819 2098; x_wconf 86' lang='lat' dir='ltr'>posthac</span> <span class='ocrx_word' id='word_1_213' title='bbox 851 2045 921 2085; x_wconf 91' lang='lat' dir='ltr'>tibi</span> <span class='ocrx_word' id='word_1_214' title='bbox 956 2059 1029 2084; x_wconf 91' lang='lat' dir='ltr'>nec</span> <span class='ocrx_word' id='word_1_215' title='bbox 1058 2052 1216 2084; x_wconf 86' lang='lat' dir='ltr'>tuorum</span> <span class='ocrx_word' id='word_1_216' title='bbox 1250 2043 1465 2094; x_wconf 87' lang='lat' dir='ltr'>quoiquam</span> <span class='ocrx_word' id='word_1_217' title='bbox 1493 2044 1601 2093; x_wconf 92' lang='lat' dir='ltr'>quod</span> 
     </span>
    </p>
   </div>
   <div class='ocr_carea' id='block_1_8' title="bbox 543 2108 1689 2215">
    <p class='ocr_par' dir='ltr' id='par_1_8' title="bbox 543 2108 1689 2215">
     <span class='ocr_line' id='line_1_36' title="bbox 1336 2108 1598 2147; baseline -0.004 0"><span class='ocrx_word' id='word_1_218' title='bbox 1336 2108 1436 2147; x_wconf 87' lang='lat' dir='ltr'>nolis</span> <span class='ocrx_word' id='word_1_219' title='bbox 1457 2109 1598 2147; x_wconf 90' lang='lat' dir='ltr'>uolam.</span> 
     </span>
     <span class='ocr_line' id='line_1_37' title="bbox 543 2165 1689 2215; baseline -0.005 -9"><span class='ocrx_word' id='word_1_220' title='bbox 543 2169 620 2206; x_wconf 91' lang='lat' dir='ltr'>Do.</span> <span class='ocrx_word' id='word_1_221' title='bbox 652 2166 728 2215; x_wconf 88' lang='lat' dir='ltr'>abi,</span> <span class='ocrx_word' id='word_1_222' title='bbox 751 2179 801 2205; x_wconf 89' lang='lat' dir='ltr'>ne</span> <span class='ocrx_word' id='word_1_223' title='bbox 821 2166 914 2213; x_wconf 88' lang='lat' dir='ltr'>iura,</span> <span class='ocrx_word' id='word_1_224' title='bbox 937 2165 1019 2204; x_wconf 87' lang='lat' dir='ltr'>sati⁷</span> <span class='ocrx_word' id='word_1_225' title='bbox 1039 2166 1170 2204; x_wconf 91' lang='lat' dir='ltr'>credo.</span> <span class='ocrx_word' id='word_1_226' title='bbox 1618 2176 1689 2211; x_wconf 88' lang='lat'>490</span> 
     </span>
    </p>
   </div>
   <div class='ocr_carea' id='block_1_9' title="bbox 270 2266 1604 2488">
    <p class='ocr_par' dir='ltr' id='par_1_9' title="bbox 270 2266 1604 2488">
     <span class='ocr_line' id='line_1_38' title="bbox 315 2266 1600 2313; baseline -0.005 -9"><span class='ocrx_word' id='word_1_227' title='bbox 315 2283 376 2313; x_wconf 89' lang='lat'>471</span> <span class='ocrx_word' id='word_1_228' title='bbox 403 2272 524 2303; x_wconf 83' lang='lat' dir='ltr'>binons</span> <span class='ocrx_word' id='word_1_229' title='bbox 536 2271 568 2302; x_wconf 87' lang='grc' dir='ltr'><em>Ρ</em></span> <span class='ocrx_word' id='word_1_230' title='bbox 631 2282 695 2311; x_wconf 91' lang='lat'>479</span> <span class='ocrx_word' id='word_1_231' title='bbox 719 2270 877 2302; x_wconf 81' lang='lat' dir='ltr'>acceditA</span> <span class='ocrx_word' id='word_1_232' title='bbox 969 2271 1033 2308; x_wconf 89' lang='lat'>480</span> <span class='ocrx_word' id='word_1_233' title='bbox 1050 2269 1166 2299; x_wconf 88' lang='lat' dir='ltr'>ducam</span> <span class='ocrx_word' id='word_1_234' title='bbox 1181 2269 1211 2299; x_wconf 82' lang='lat' dir='ltr'><em>P</em></span> <span class='ocrx_word' id='word_1_235' title='bbox 1312 2268 1375 2307; x_wconf 84' lang='lat'>483</span> <span class='ocrx_word' id='word_1_236' title='bbox 1394 2267 1556 2306; x_wconf 74' lang='lat' dir='ltr'>mullirern</span> <span class='ocrx_word' id='word_1_237' title='bbox 1570 2266 1600 2297; x_wconf 85' lang='lat' dir='ltr'><em>A</em></span> 
     </span>
     <span class='ocr_line' id='line_1_39' title="bbox 270 2310 1604 2356; baseline -0.005 -9"><span class='ocrx_word' id='word_1_238' title='bbox 270 2318 346 2356; x_wconf 86' lang='lat'>485,</span> <span class='ocrx_word' id='word_1_239' title='bbox 374 2318 438 2355; x_wconf 89' lang='lat'>486</span> <span class='ocrx_word' id='word_1_240' title='bbox 461 2340 468 2347; x_wconf 93' lang='lat'>.</span> <span class='ocrx_word' id='word_1_241' title='bbox 499 2316 564 2354; x_wconf 62' lang='lat' dir='ltr'>olet</span> <span class='ocrx_word' id='word_1_242' title='bbox 588 2339 595 2346; x_wconf 95' lang='lat'><strong>.</strong></span> <span class='ocrx_word' id='word_1_243' title='bbox 623 2339 630 2346; x_wconf 92' lang='lat'>.</span> <span class='ocrx_word' id='word_1_244' title='bbox 650 2315 683 2345; x_wconf 84' lang='lat' dir='ltr'><em>A</em></span> <span class='ocrx_word' id='word_1_245' title='bbox 712 2316 782 2354; x_wconf 76' lang='lat' dir='ltr'>&lt;pol</span> <span class='ocrx_word' id='word_1_246' title='bbox 813 2315 865 2345; x_wconf 87' lang='lat' dir='ltr'>aio</span> <span class='ocrx_word' id='word_1_247' title='bbox 897 2313 947 2344; x_wconf 79' lang='lat' dir='ltr'>vel</span> <span class='ocrx_word' id='word_1_248' title='bbox 976 2313 1111 2343; x_wconf 85' lang='lat' dir='ltr'>doletne</span> <span class='ocrx_word' id='word_1_249' title='bbox 1137 2312 1185 2343; x_wconf 87' lang='lat' dir='ltr'>vel</span> <span class='ocrx_word' id='word_1_250' title='bbox 1216 2312 1279 2342; x_wconf 90' lang='lat' dir='ltr'>Do.</span> <span class='ocrx_word' id='word_1_251' title='bbox 1319 2312 1397 2342; x_wconf 89' lang='lat' dir='ltr'>olim</span> <span class='ocrx_word' id='word_1_252' title='bbox 1432 2322 1439 2341; x_wconf 74' lang='grc' dir='ltr'>ε</span> <span class='ocrx_word' id='word_1_253' title='bbox 1480 2321 1547 2342; x_wconf 79' lang='lat' dir='ltr'>om.</span> <span class='ocrx_word' id='word_1_254' title='bbox 1571 2310 1604 2341; x_wconf 91' lang='lat' dir='ltr'><em>P</em></span> 
     </span>
     <span class='ocr_line' id='line_1_40' title="bbox 271 2354 1600 2401; baseline -0.005 -10"><span class='ocrx_word' id='word_1_255' title='bbox 271 2362 332 2401; x_wconf 89' lang='lat'>487</span> <span class='ocrx_word' id='word_1_256' title='bbox 350 2360 372 2390; x_wconf 90' lang='lat' dir='ltr'>ii</span> <span class='ocrx_word' id='word_1_257' title='bbox 389 2360 421 2390; x_wconf 90' lang='lat' dir='ltr'><em>P</em></span> <span class='ocrx_word' id='word_1_258' title='bbox 436 2360 499 2399; x_wconf 81' lang='lat' dir='ltr'>(vel</span> <span class='ocrx_word' id='word_1_259' title='bbox 508 2364 571 2400; x_wconf 82' lang='lat' dir='ltr'>pro</span> <span class='ocrx_word' id='word_1_260' title='bbox 588 2359 628 2396; x_wconf 90' lang='lat' dir='ltr'>ei,</span> <span class='ocrx_word' id='word_1_261' title='bbox 648 2359 667 2390; x_wconf 77' lang='lat' dir='ltr'>i.</span> <span class='ocrx_word' id='word_1_262' title='bbox 686 2369 710 2389; x_wconf 86' lang='lat' dir='ltr'>e.</span> <span class='ocrx_word' id='word_1_263' title='bbox 731 2359 751 2397; x_wconf 86' lang='lat' dir='ltr'>i,</span> <span class='ocrx_word' id='word_1_264' title='bbox 773 2359 893 2398; x_wconf 77' lang='lat' dir='ltr'>velpro</span> <span class='ocrx_word' id='word_1_265' title='bbox 910 2357 928 2392; x_wconf 73' lang='lat' dir='ltr'>i,</span> <span class='ocrx_word' id='word_1_266' title='bbox 950 2357 972 2397; x_wconf 83' lang='lat' dir='ltr'>i)</span> <span class='ocrx_word' id='word_1_267' title='bbox 1120 2366 1139 2386; x_wconf 89' lang='lat' dir='ltr'>e</span> <span class='ocrx_word' id='word_1_268' title='bbox 1164 2360 1320 2395; x_wconf 85' lang='lat' dir='ltr'>praetore</span> <span class='ocrx_word' id='word_1_269' title='bbox 1337 2355 1370 2384; x_wconf 87' lang='lat' dir='ltr'><em>A</em></span> <span class='ocrx_word' id='word_1_270' title='bbox 1520 2354 1600 2385; x_wconf 86' lang='lat' dir='ltr'>mihi</span> 
     </span>
     <span class='ocr_line' id='line_1_41' title="bbox 271 2397 1597 2443; baseline -0.005 -8"><span class='ocrx_word' id='word_1_271' title='bbox 271 2403 455 2435; x_wconf 82' lang='lat' dir='ltr'>credereA</span> <span class='ocrx_word' id='word_1_272' title='bbox 548 2404 612 2443; x_wconf 87' lang='lat'>489</span> <span class='ocrx_word' id='word_1_273' title='bbox 635 2402 815 2442; x_wconf 88' lang='lat' dir='ltr'>quoiquam</span> <span class='ocrx_word' id='word_1_274' title='bbox 832 2400 1020 2431; x_wconf 78' lang='lat' dir='ltr'>Lambinus</span> <span class='ocrx_word' id='word_1_275' title='bbox 1035 2411 1041 2430; x_wconf 90' lang='lat'>:</span> <span class='ocrx_word' id='word_1_276' title='bbox 1067 2400 1226 2439; x_wconf 85' lang='lat' dir='ltr'>quiquam</span> <span class='ocrx_word' id='word_1_277' title='bbox 1243 2399 1275 2428; x_wconf 90' lang='lat' dir='ltr'><em>A</em></span> <span class='ocrx_word' id='word_1_278' title='bbox 1292 2409 1298 2428; x_wconf 91' lang='lat'>:</span> <span class='ocrx_word' id='word_1_279' title='bbox 1324 2409 1389 2429; x_wconf 83' lang='lat' dir='ltr'>om.</span> <span class='ocrx_word' id='word_1_280' title='bbox 1404 2397 1438 2427; x_wconf 91' lang='lat' dir='ltr'><em>P</em></span> <span class='ocrx_word' id='word_1_281' title='bbox 1522 2400 1597 2439; x_wconf 89' lang='lat'>489,</span> 
     </span>
     <span class='ocr_line' id='line_1_42' title="bbox 271 2447 573 2488; baseline -0.013 -8"><span class='ocrx_word' id='word_1_282' title='bbox 271 2459 336 2488; x_wconf 91' lang='lat'>490</span> <span class='ocrx_word' id='word_1_283' title='bbox 359 2447 526 2488; x_wconf 76' lang='lat' dir='ltr'>coniungit</span> <span class='ocrx_word' id='word_1_284' title='bbox 542 2447 573 2476; x_wconf 85' lang='lat' dir='ltr'><em>A</em></span> 
     </span>
    </p>
   </div>
   <div class='ocr_carea' id='block_1_10' title="bbox 1004 2524 1026 2534">
    <p class='ocr_par' dir='ltr' id='par_1_10' title="bbox 1004 2524 1026 2534">
     <span class='ocr_line' id='line_1_43' title="bbox 1004 2524 1026 2534; baseline 0 0"><span class='ocrx_word' id='word_1_285' title='bbox 1004 2524 1026 2534; x_wconf 72' lang='lat' dir='ltr'><em>l</em></span> 
     </span>
    </p>
   </div>
  </div>
 </body>
</html>
