1731 2713
585 82 754 118 MILES
786 82 1094 118 GLORIOSVS
1445 83 1494 117 11.
1519 82 1559 117 vi

185 196 246 233 SC.
279 192 388 232 dedit
409 193 471 229 hic,
493 190 588 228 mihi
611 190 739 228 uerba.
801 204 917 239 quam
940 189 1106 238 benigne
1130 188 1288 237 gratiam

167 258 276 297 ‘fecit
299 272 346 296 ne
368 257 484 294 iratus
506 258 631 294 esset!
664 255 744 293 scio
767 268 883 304 quam
907 269 985 292 rem
1007 262 1111 303 gerat

187 332 242 370 ut,
264 323 372 360 miles
394 334 514 371 quom
536 321 734 369 extemplo
755 333 777 357 a
798 320 880 357 soro
901 319 1084 357 adueniat
1105 319 1278 363 domum,

187 387 296 427 domi
316 386 639 436 comprehendar.
700 398 778 422 una
799 384 861 421 hic
883 392 918 421 et
944 383 1152 420 Palaestrio

103 457 171 501 580
189 466 251 491 me
272 452 418 490 habent
439 451 621 488 uenalem
647 464 653 486 :
684 448 785 486 sensi
807 455 844 486 et
866 447 941 485 iam
963 448 1111 485 dudum
1135 447 1224 483 scio.

188 529 405 566 numquam
426 516 556 553 hercle
577 528 622 552 ex
644 513 716 551 ista
737 526 850 550 nassa
870 526 942 561 ego
963 511 1080 549 hodie
1101 525 1228 549 escam
1251 519 1378 560 petam
1396 526 1404 557 3

188 597 280 622 nam
300 582 376 620 iam
398 581 532 630 aliquo
551 578 748 628 aufugiam
771 585 808 615 et
830 591 891 615 me
911 578 1118 615 occultabo
1138 576 1285 625 aliquot
1305 575 1398 620 dics,

188 650 284 688 dum
306 649 403 695 haec
424 644 690 684 consilescunt
712 643 847 681 turbae
868 649 985 691 atque
1006 641 1081 679 irae
1102 640 1261 678 leniunt.

189 727 280 751 nam
302 711 370 750 uni
390 710 482 749 satis
503 710 652 759 populo
673 707 781 758 inpio
802 706 924 746 merui
946 705 1046 744 mali.

105 784 168 828 585
190 791 327 817 uerum
349 776 576 814 tamendem
598 771 793 823 quidquid
814 779 881 818 est,
905 771 970 809 ibo
991 770 1081 808 hinc
1102 771 1332 808 domum.—

192 845 259 881 PE.
292 841 369 880 illic
389 840 482 878 hinc
502 837 701 890 apscessit.
762 843 820 874 sat
840 836 981 885 edepol
1002 842 1107 873 certo
1128 833 1208 872 scio

192 907 364 947 occisam
385 918 501 955 saepe
522 917 658 954 sapere
679 903 766 952 plus
787 902 912 939 multo
932 913 1041 938 suem
1061 915 1068 937 :

192 973 315 1024 quoin
335 972 375 1011 id
394 971 590 1010 adimatur
611 982 660 1007 ne
681 967 721 1006 id
743 967 851 1017 quod
871 964 969 1004 uidit
989 963 1157 1003 uiderit?

193 1053 284 1077 nam
306 1037 407 1076 illius
428 1035 532 1075 oculi
552 1041 671 1084 atque
691 1045 802 1070 aures
822 1038 940 1080 atque
961 1028 1094 1079 opinio

110 1118 176 1155 590
193 1105 431 1154 transfugere
451 1102 502 1140 ad
523 1113 606 1139 nos.
665 1111 790 1148 usque
810 1097 940 1135 adhuc
959 1102 1088 1133 actum
1111 1101 1167 1132 est
1188 1092 1308 1143 probe
1326 1106 1335 1139 ;

194 1168 360 1207 nimium
380 1167 561 1206 festinam
584 1163 723 1202 mulier
743 1173 902 1211 operam
924 1157 1152 1210 praehibuit.

194 1235 313 1272 redeo
334 1232 373 1271 in
394 1239 575 1271 senatum
596 1241 729 1267 rusum
748 1242 758 1275 3
788 1239 878 1264 nam
901 1223 1110 1262 Palaestrio

195 1298 305 1338 domi
326 1302 431 1337 minc
451 1297 558 1348 apud
579 1308 642 1333 me
663 1301 732 1340 est,
757 1291 962 1330 Sceledrus
982 1302 1086 1326 nunc
1106 1294 1273 1326 autemst
1295 1285 1406 1324 foris:

197 1366 378 1415 frequens
400 1370 557 1402 senatus
578 1358 720 1411 poterit
741 1371 847 1396 nunc
867 1354 1052 1393 haberier.

113 1437 176 1474 595
198 1430 289 1470 †ibo
309 1429 424 1477 intro,
445 1442 506 1475 ne,
528 1428 623 1465 dum
645 1436 796 1475 apsum,
819 1422 963 1459 multae
984 1418 1139 1458 sortitae
1159 1418 1301 1454 fuant†.

240 1537 304 1574 576
326 1535 435 1574 gratia
451 1533 482 1564 P
613 1540 675 1571 577
700 1529 810 1560 socios
831 1537 895 1566 qua
922 1528 973 1562 (so
999 1525 1058 1554 dos
1082 1533 1146 1561 qua
1170 1520 1258 1550 PCD}
1283 1519 1314 1549 P
1335 1519 1423 1558 (corr.
1454 1516 1512 1555 132)

198 1590 264 1619 579
287 1575 594 1618 comprehendatP
723 1574 783 1612 581
808 1581 916 1602 massa
932 1568 965 1599 P
1031 1567 1107 1597 hod.
1128 1569 1276 1604 capetam
1295 1562 1327 1592 P
1453 1561 1514 1608 58?

201 1622 291 1664 [aut]
312 1622 436 1661 aliquot
452 1620 485 1651 P
499 1620 592 1659 (corr.
611 1617 674 1658 13⁷)
696 1617 752 1657 (iv.
773 1616 808 1655 3)
950 1613 1011 1651 583
1036 1610 1164 1640 leniunt
1181 1607 1225 1637 13¹
1357 1606 1416 1643 584
1443 1603 1513 1642 um]

200 1677 291 1697 nunc
317 1666 349 1696 P
478 1665 541 1703 585
566 1667 678 1693 tamen
701 1660 798 1691 deme
820 1659 854 1698 (i.
868 1668 890 1688 e.
915 1657 956 1687 de
975 1666 1028 1685 me
1039 1655 1064 1693 ἲ.)
1094 1652 1126 1683 P
1220 1650 1272 1680 hic
1289 1648 1321 1678 P
1340 1650 1429 1687 (corr.
1455 1646 1514 1683 132¹)

201 1711 265 1749 588
284 1709 386 1749 quoin
410 1708 442 1738 id
460 1707 616 1738 Ribbeck:
642 1704 722 1745 quin
743 1704 775 1733 id
792 1703 824 1733 A
843 1712 851 1732 ι
875 1700 962 1740 quod
984 1699 1017 1729 in
1035 1698 1066 1728 P
1082 1695 1183 1735 (quod
1205 1694 1235 1724 ei
1254 1693 1315 1729 13²>
1381 1735 1384 1738 Ι
1456 1699 1518 1736 590

200 1754 333 1784 adhunc
350 1752 383 1783 P
398 1753 488 1790 (corr.
509 1749 572 1791 3²)
663 1746 790 1787 actum]
809 1751 876 1776 tum
895 1744 925 1773 A
1047 1750 1107 1780 591
1134 1738 1286 1769 festinam
1307 1733 1517 1766 Gulnclmms:

200 1797 322 1828 sestiua
337 1795 425 1826 codd,
510 1803 615 1833 opera
631 1792 665 1822 P
741 1789 896 1830 peribunt
909 1786 942 1816 P
1026 1794 1088 1824 592
1112 1786 1231 1813 senatu
1243 1779 1274 1809 A
1365 1787 1437 1816 593.
1457 1786 1515 1814 594

202 1840 326 1871 turbati
335 1840 369 1871 in
380 1838 419 1879 P,
434 1838 518 1877 freq.
538 1847 610 1868 sen.
629 1835 706 1866 scel.
728 1845 759 1865 u.
781 1837 890 1864 autem
908 1830 996 1860 foras
1013 1829 1098 1858 dom.
1116 1836 1146 1857 n.
1169 1835 1219 1863 ap.
1241 1833 1294 1853 me
1311 1826 1427 1868 pon-n.
1444 1819 1514 1848 hab.

203 1884 266 1924 (iv.
281 1884 316 1923 3)
451 1891 514 1921 595
539 1880 609 1911 ibo]
618 1879 699 1918 fort.
719 1879 727 1908 i
744 1888 751 1908 ε
775 1877 830 1907 vix
840 1872 961 1905 delend.
982 1872 1087 1909 (intro
1109 1871 1116 1886 ‘
1128 1865 1278 1906 introco’)
1355 1874 1409 1912 zfrx
1423 1862 1516 1892 troch.

202 1931 356 1968 septenar.
497 1924 618 1962 multae
634 1922 771 1960 sortitae
788 1919 846 1960 siat
861 1917 893 1948 A
912 1927 919 1947 :
944 1915 1037 1947 multi
1063 1911 1189 1954 (multis
1210 1908 1269 1951 13¹²)
1295 1912 1410 1940 sortito
1432 1905 1517 1935 suam

205 1970 239 2001 P
253 1982 260 2002 :
283 1970 369 2002 alter
384 1968 468 2000 sorti
487 1967 601 1998 defuat
616 1963 684 1996 Leo

255 2424 372 2446 PLAVT.
392 2423 418 2444 11

1528 519 1584 540 100

1533 841 1587 872 ¹05

1533 1168 1592 1190 110
