1783 2707
210 166 257 202 V.
278 165 324 201 iv
695 166 741 202 T.
775 164 956 203 MACCI
989 165 1192 201 PLAVTI

334 276 409 312 Aa.
442 288 543 324 quae
577 276 665 313 res?
713 274 790 311 iam
825 273 892 312 diu
927 272 1069 322 e'depol
1102 272 1332 322 sapientiam
1368 280 1475 311 tuam
1510 274 1607 311 haec

1254 337 1414 387 quidem
1435 338 1603 376 abusast.

219 419 262 450 30
335 418 439 442 nunc
457 404 549 442 hinc
566 403 679 454 sapit,
695 405 787 442 hinc
803 403 921 442 sentit
941 403 1136 453 quidquid
1157 403 1267 453 sapit,
1286 417 1332 441 ex
1353 417 1442 441 meo
1461 416 1605 441 amore.
1630 416 1718 441 1200

278 532 386 568 ADE.
407 544 488 569 non
508 544 555 569 eo
576 530 718 580 genere
734 531 860 568 sumu'
880 538 1104 580 prognatae,
1121 538 1200 567 tam
1222 530 1293 568 etsi
1314 531 1439 568 sumu’
1460 544 1606 576 seruae,

1488 609 1609 643 soror,

277 669 319 699 ut
335 662 474 699 deceat
487 674 558 699 nos
576 662 701 699 facere
715 660 927 710 quicquam
945 662 1054 710 quod
1070 661 1192 698 homo
1205 660 1413 710 quisquam
1428 660 1604 699 inrideat.

278 727 400 763 multa
421 733 511 763 sunt
533 725 740 763 mulierum
762 724 868 771 uitia,
891 726 961 762 sed
983 726 1059 762 hoc
1080 739 1101 763 e
1123 725 1254 762 multis
1276 733 1551 772 maxumumst,

277 804 399 841 quom
427 790 500 829 sibi
528 789 634 828 nimi'
662 792 819 840 placent
848 790 1049 839 minu'que
1075 791 1229 828 addunt
1256 804 1416 840 operam
1446 790 1501 828 uti
1531 793 1608 841 pla-

1368 863 1483 893 ceant
1503 855 1605 893 uiris.

216 940 255 970 35
277 923 408 959 ANTE.
442 920 587 958 nimiae
608 921 839 970 uoluptatist
860 921 968 970 quod
990 919 1029 958 in
1051 919 1147 958 extis
1168 919 1309 958 nostris
1330 927 1604 970 portentumst‚
1630 931 1715 968 1205

1487 999 1604 1032 soror,

276 1052 384 1102 quod
427 1052 621 1101 haruspex
658 1052 709 1089 de
755 1050 947 1088 ambabus
993 1049 1090 1089 dixit
1105 1074 1157 1078 ——
1174 1052 1248 1088 Ac.
1298 1050 1417 1089 uelim
1456 1051 1506 1089 de
1545 1064 1608 1089 me

1252 1114 1435 1168 [ali]quid
1457 1115 1604 1154 dixerit.

273 1184 406 1220 ANTE.
440 1195 511 1220 nos
533 1183 614 1220 fore
636 1181 761 1219 inuito
782 1180 947 1219 domino
969 1188 1104 1218 nostro
1125 1180 1265 1219 diebus
1288 1180 1422 1230 paucis
1443 1180 1594 1219 liberas.

274 1246 315 1285 id
335 1260 418 1296 ego,
443 1246 516 1284 nisi
538 1246 635 1296 quid
652 1247 692 1284 di
712 1254 779 1284 aut
800 1245 981 1296 parentes
999 1245 1131 1292 faxint,
1151 1245 1218 1295 qui
1240 1259 1391 1295 sperem
1413 1247 1490 1284 hau
1512 1246 1603 1285 scio.

274 1313 348 1349 AG.
383 1325 470 1349 mea
491 1311 635 1349 fiducia
655 1313 785 1349 hercle
806 1312 1009 1360 haruspex,
1034 1318 1181 1360 patrue,
1205 1310 1265 1348 his
1286 1310 1474 1360 promisit,
1498 1311 1590 1358 scio,

213 1393 256 1425 40
274 1376 506 1423 libertatem,
530 1376 622 1426 quia
647 1390 710 1415 me
734 1390 865 1414 amare
892 1377 995 1414 hanc
1023 1376 1104 1414 scit.
1156 1378 1261 1413 ΑΒΕ.
1294 1389 1411 1422 soror,
1444 1390 1606 1426 sequere
1629 1390 1719 1416 1210

1141 1443 1225 1479 hac.
1286 1443 1417 1479 ANTE.
1451 1455 1604 1491 sequor.

276 1509 357 1545 ΗΑ.
389 1507 485 1557 priu'
500 1520 619 1557 quam
634 1507 759 1555 abitis‚
780 1521 851 1546 uos
868 1509 961 1545 uolo
974 1507 1122 1545 ambas.
1169 1507 1243 1544 nisi
1260 1507 1378 1557 piget,
1391 1507 1604 1545 consistite.

273 1577 377 1613 ADE.
402 1575 489 1625 quis
510 1577 698 1614 reuocat?
745 1577 820 1613 AG.
853 1574 920 1624 qui
941 1574 1044 1613 bene
1065 1576 1147 1612 uolt
1168 1573 1282 1612 uobis
1304 1575 1440 1612 facere.
1498 1575 1602 1611 ADE.

1253 1641 1379 1677 facere
1399 1638 1602 1677 occasiost.

273 1707 343 1745 sed
365 1705 451 1756 quis
476 1707 665 1744 homost?
722 1707 796 1744 AG.
828 1705 1002 1744 ameicus
1029 1705 1176 1744 uobeis.
1236 1707 1340 1742 ΑΒΕ.
1374 1704 1604 1754 quiquidem

1215 1769 1397 1808 inimicus
1419 1782 1499 1807 non
1520 1769 1602 1807 siet.

274 1838 349 1875 AG.
382 1837 510 1875 bonus
538 1844 596 1876 est
623 1836 686 1875 hic
714 1838 847 1884 homo,
876 1850 964 1874 mea
998 1837 1190 1886 uoluptas.
1250 1837 1353 1873 ΑΒΕ.
1391 1836 1457 1885 pol
1487 1834 1605 1873 istum

1149 1901 1282 1939 malim
1304 1914 1422 1951 quam
1444 1902 1602 1938 malum.

210 1984 252 2016 45
275 1969 350 2006 AG.
367 1966 588 2017 seiquidem
602 1967 811 2006 amicitiast
825 1967 1020 2014 habenda,
1038 1980 1128 2005 cum
1143 1968 1219 2005 hoc
1233 1967 1463 2004 habendast.
1497 1968 1600 2004 ΑΒΕ.
1626 1978 1712 2015 1215

1356 2033 1433 2069 hau
1454 2045 1600 2082 precor.

276 2100 350 2137 AG.
384 2100 506 2137 multa
538 2099 644 2137 bona
678 2100 761 2137 uolt
793 2097 931 2137 uobeis
964 2099 1100 2136 facere.
1178 2098 1281 2134 ADE.
1317 2097 1434 2135 bonu'
1465 2096 1603 2135 boneis

1331 2163 1433 2200 bene
1454 2162 1600 2201 feceris.

321 2279 333 2299 1
342 2279 403 2308 199
415 2269 488 2310 [eo]
503 2270 627 2309 edepol
640 2269 672 2299 A
729 2269 879 2310 quidem]
893 2268 949 2307 qui
961 2277 1059 2307 quem
1071 2266 1104 2297 Ρ
1169 2277 1253 2297 1200
1265 2267 1338 2298 hice
1353 2267 1443 2306 (corr.
1456 2267 1502 2306 B)
1514 2268 1602 2307 sapit

273 2313 352 2343 hinc
366 2313 416 2344 P:
443 2313 496 2343 hic
507 2314 595 2353 sapit
607 2314 661 2344 hic
674 2313 706 2343 A
805 2323 887 2352 1203
905 2312 1082 2342 mulierum
1096 2315 1173 2341 sunt
1184 2311 1296 2350 Bothe,
1307 2311 1441 2348 favente
1453 2312 1602 2342 allz'tlera-

274 2357 358 2386 tione
459 2367 542 2395 1204
565 2357 614 2387 vel
629 2361 663 2386 ut
683 2357 742 2395 (ita
757 2356 864 2388 codd.)
974 2356 1057 2385 1206
1081 2354 1170 2394 quod
1185 2354 1287 2385 Bothe
1303 2365 1310 2384 :
1333 2355 1491 2394 quodque
1508 2353 1598 2385 codd.

272 2400 328 2430 vix
337 2400 441 2430 ambis
501 2400 626 2439 aliquid
639 2399 674 2430 A
689 2402 733 2441 (v.
750 2405 780 2437 1)
796 2411 803 2430 :
821 2399 946 2438 aliquid
961 2398 1039 2437 quid
1052 2397 1085 2427 Ρ
1096 2398 1154 2439 (iv.
1176 2398 1205 2437 1)
1301 2399 1383 2428 1208
1396 2398 1468 2439 qui]
1482 2398 1561 2437 quid
1573 2397 1607 2428 P

277 2453 356 2473 1211
376 2443 452 2474 uola
467 2443 500 2473 P
514 2447 551 2473 ut
565 2442 628 2474 vid.
725 2453 806 2473 1212
828 2443 901 2484 qui]
920 2442 994 2481 quis
1010 2441 1041 2471 A
1137 2451 1216 2479 1213
1234 2441 1315 2481 siet]
1334 2445 1386 2471 est
1398 2440 1431 2470 P
1519 2450 1601 2480 1215

273 2497 374 2527 quom
387 2486 418 2516 P
432 2487 721 2527 (antiquaforma)
794 2488 877 2518 1216
890 2486 987 2534 uoljis
999 2485 1110 2516 facere
1124 2485 1194 2516 uult
1204 2484 1238 2515 Ρ
1284 2484 1422 2524 boneis]
1436 2484 1553 2516 beneis
1565 2485 1598 2514 A
