<?xml version="1.0" encoding="UTF-8"?>
<!DOCTYPE html PUBLIC "-//W3C//DTD XHTML 1.0 Transitional//EN"
    "http://www.w3.org/TR/xhtml1/DTD/xhtml1-transitional.dtd">
<html xmlns="http://www.w3.org/1999/xhtml" xml:lang="en" lang="en">
 <head>
  <title>
</title>
<meta http-equiv="Content-Type" content="text/html;charset=utf-8" />
  <meta name='ocr-system' content='tesseract 3.04.00' />
  <meta name='ocr-capabilities' content='ocr_page ocr_carea ocr_par ocr_line ocrx_word'/>
</head>
<body>
  <div class='ocr_page' id='page_1' title='image "./tmacciplauticomo02plauuoft_0125.png"; bbox 0 0 1731 2713; ppageno 0'>
   <div class='ocr_carea' id='block_1_1' title="bbox 641 111 1540 154">
    <p class='ocr_par' dir='ltr' id='par_1_1' title="bbox 641 111 1540 154">
     <span class='ocr_line' id='line_1_1' title="bbox 641 111 1540 154; baseline -0.008 0"><span class='ocrx_word' id='word_1_1' title='bbox 641 115 1039 154; x_wconf 67' lang='lat' dir='ltr'>MOS&#39;I‘ELLARIA</span> <span class='ocrx_word' id='word_1_2' title='bbox 1429 112 1505 148; x_wconf 89' lang='lat'>111.</span> <span class='ocrx_word' id='word_1_3' title='bbox 1527 111 1540 147; x_wconf 90' lang='lat' dir='ltr'>i</span> 
     </span>
    </p>
   </div>
   <div class='ocr_carea' id='block_1_2' title="bbox 101 224 1579 1971">
    <p class='ocr_par' dir='ltr' id='par_1_2' title="bbox 101 224 1579 1971">
     <span class='ocr_line' id='line_1_2' title="bbox 147 224 1572 283; baseline -0.008 -12"><span class='ocrx_word' id='word_1_4' title='bbox 147 276 149 278; x_wconf 42' lang='grc'>,</span> <span class='ocrx_word' id='word_1_5' title='bbox 184 232 250 283; x_wconf 87' lang='lat' dir='ltr'>qui</span> <span class='ocrx_word' id='word_1_6' title='bbox 273 230 367 270; x_wconf 84' lang='lat' dir='ltr'>mihi</span> <span class='ocrx_word' id='word_1_7' title='bbox 389 244 518 279; x_wconf 74' lang='lat' dir='ltr'>neque</span> <span class='ocrx_word' id='word_1_8' title='bbox 540 230 674 267; x_wconf 83' lang='lat' dir='ltr'>faenus</span> <span class='ocrx_word' id='word_1_9' title='bbox 697 241 825 277; x_wconf 82' lang='lat' dir='ltr'>neque</span> <span class='ocrx_word' id='word_1_10' title='bbox 847 236 990 263; x_wconf 82' lang='lat' dir='ltr'>sortem</span> <span class='ocrx_word' id='word_1_11' title='bbox 1014 224 1159 275; x_wconf 78' lang='lat' dir='ltr'>argenti</span> <span class='ocrx_word' id='word_1_12' title='bbox 1183 226 1347 262; x_wconf 73' lang='lat' dir='ltr'>danunt.</span> <span class='ocrx_word' id='word_1_13' title='bbox 1515 237 1572 268; x_wconf 52' lang='lat'>*30</span> 
     </span>
     <span class='ocr_line' id='line_1_3' title="bbox 183 290 1510 346; baseline -0.008 -11"><span class='ocrx_word' id='word_1_14' title='bbox 183 300 262 335; x_wconf 80' lang='grc' dir='ltr'>ΤΗ.</span> <span class='ocrx_word' id='word_1_15' title='bbox 295 310 374 346; x_wconf 81' lang='lat' dir='ltr'>quo</span> <span class='ocrx_word' id='word_1_16' title='bbox 405 297 441 333; x_wconf 73' lang='lat' dir='ltr'>te</span> <span class='ocrx_word' id='word_1_17' title='bbox 471 294 581 344; x_wconf 83' lang='lat' dir='ltr'>agis?</span> <span class='ocrx_word' id='word_1_18' title='bbox 637 295 713 331; x_wconf 83' lang='lat' dir='ltr'>TR.</span> <span class='ocrx_word' id='word_1_19' title='bbox 747 306 819 330; x_wconf 86' lang='lat' dir='ltr'>nec</span> <span class='ocrx_word' id='word_1_20' title='bbox 851 304 1051 341; x_wconf 82' lang='lat' dir='ltr'>quoquam</span> <span class='ocrx_word' id='word_1_21' title='bbox 1083 290 1193 328; x_wconf 70' lang='lat' dir='ltr'>abeo.</span> <span class='ocrx_word' id='word_1_22' title='bbox 1254 291 1302 327; x_wconf 67' lang='lat' dir='ltr'>nc</span> <span class='ocrx_word' id='word_1_23' title='bbox 1330 302 1402 338; x_wconf 78' lang='lat' dir='ltr'>ego</span> <span class='ocrx_word' id='word_1_24' title='bbox 1424 301 1510 326; x_wconf 85' lang='lat' dir='ltr'>sum</span> 
     </span>
     <span class='ocr_line' id='line_1_4' title="bbox 1382 353 1508 400; baseline 0 -9"><span class='ocrx_word' id='word_1_25' title='bbox 1382 353 1508 400; x_wconf 86' lang='lat' dir='ltr'>miser,</span> 
     </span>
     <span class='ocr_line' id='line_1_5' title="bbox 184 421 1006 473; baseline -0.01 -6"><span class='ocrx_word' id='word_1_26' title='bbox 184 429 381 473; x_wconf 87' lang='lat' dir='ltr'>scelestus,</span> <span class='ocrx_word' id='word_1_27' title='bbox 405 433 518 464; x_wconf 84' lang='lat' dir='ltr'>natus</span> <span class='ocrx_word' id='word_1_28' title='bbox 540 424 599 463; x_wconf 84' lang='lat' dir='ltr'>dis</span> <span class='ocrx_word' id='word_1_29' title='bbox 621 422 789 462; x_wconf 86' lang='lat' dir='ltr'>inimicis</span> <span class='ocrx_word' id='word_1_30' title='bbox 811 421 1006 461; x_wconf 84' lang='lat' dir='ltr'>omnibus.</span> 
     </span>
     <span class='ocr_line' id='line_1_6' title="bbox 185 483 1334 542; baseline -0.009 -10"><span class='ocrx_word' id='word_1_31' title='bbox 185 493 261 532; x_wconf 84' lang='lat' dir='ltr'>iam</span> <span class='ocrx_word' id='word_1_32' title='bbox 283 493 348 530; x_wconf 94' lang='lat' dir='ltr'>illo</span> <span class='ocrx_word' id='word_1_33' title='bbox 369 498 573 542; x_wconf 75' lang='lat' dir='ltr'>praesente</span> <span class='ocrx_word' id='word_1_34' title='bbox 594 488 729 527; x_wconf 85' lang='lat' dir='ltr'>adibit.</span> <span class='ocrx_word' id='word_1_35' title='bbox 792 502 841 526; x_wconf 88' lang='lat' dir='ltr'>ne</span> <span class='ocrx_word' id='word_1_36' title='bbox 863 502 936 537; x_wconf 84' lang='lat' dir='ltr'>ego</span> <span class='ocrx_word' id='word_1_37' title='bbox 957 488 1078 525; x_wconf 88' lang='lat' dir='ltr'>homo</span> <span class='ocrx_word' id='word_1_38' title='bbox 1099 499 1185 524; x_wconf 89' lang='lat' dir='ltr'>sum</span> <span class='ocrx_word' id='word_1_39' title='bbox 1208 483 1334 531; x_wconf 84' lang='lat' dir='ltr'>miser,</span> 
     </span>
     <span class='ocr_line' id='line_1_7' title="bbox 102 551 1113 604; baseline -0.006 -10"><span class='ocrx_word' id='word_1_40' title='bbox 102 561 164 604; x_wconf 83' lang='lat'>565</span> <span class='ocrx_word' id='word_1_41' title='bbox 186 558 239 596; x_wconf 82' lang='lat' dir='ltr'>ita</span> <span class='ocrx_word' id='word_1_42' title='bbox 259 565 297 596; x_wconf 83' lang='lat' dir='ltr'>et</span> <span class='ocrx_word' id='word_1_43' title='bbox 317 557 409 594; x_wconf 85' lang='lat' dir='ltr'>hinc</span> <span class='ocrx_word' id='word_1_44' title='bbox 431 563 468 594; x_wconf 90' lang='lat' dir='ltr'>et</span> <span class='ocrx_word' id='word_1_45' title='bbox 489 555 594 593; x_wconf 82' lang='lat' dir='ltr'>illinc</span> <span class='ocrx_word' id='word_1_46' title='bbox 616 553 668 592; x_wconf 92' lang='lat' dir='ltr'>mi</span> <span class='ocrx_word' id='word_1_47' title='bbox 691 552 878 591; x_wconf 77' lang='lat' dir='ltr'>exhibent</span> <span class='ocrx_word' id='word_1_48' title='bbox 899 551 1113 601; x_wconf 83' lang='lat' dir='ltr'>negotium.</span> 
     </span>
     <span class='ocr_line' id='line_1_8' title="bbox 187 615 1571 672; baseline -0.009 -11"><span class='ocrx_word' id='word_1_49' title='bbox 187 624 256 661; x_wconf 76' lang='lat' dir='ltr'>scd</span> <span class='ocrx_word' id='word_1_50' title='bbox 277 621 482 672; x_wconf 82' lang='lat' dir='ltr'>occupabo</span> <span class='ocrx_word' id='word_1_51' title='bbox 503 620 622 658; x_wconf 87' lang='lat' dir='ltr'>adire.</span> <span class='ocrx_word' id='word_1_52' title='bbox 686 621 762 657; x_wconf 76' lang='lat' dir='ltr'>DA.</span> <span class='ocrx_word' id='word_1_53' title='bbox 796 618 858 655; x_wconf 86' lang='lat' dir='ltr'>hic</span> <span class='ocrx_word' id='word_1_54' title='bbox 879 618 930 655; x_wconf 91' lang='lat' dir='ltr'>ad</span> <span class='ocrx_word' id='word_1_55' title='bbox 952 630 1014 654; x_wconf 84' lang='lat' dir='ltr'>mc</span> <span class='ocrx_word' id='word_1_56' title='bbox 1036 615 1073 661; x_wconf 87' lang='lat' dir='ltr'>it,</span> <span class='ocrx_word' id='word_1_57' title='bbox 1098 617 1218 652; x_wconf 78' lang='lat' dir='ltr'>saluo&#39;</span> <span class='ocrx_word' id='word_1_58' title='bbox 1239 628 1337 660; x_wconf 89' lang='lat' dir='ltr'>sum,</span> <span class='ocrx_word' id='word_1_59' title='bbox 1532 623 1571 655; x_wconf 81' lang='lat'>35</span> 
     </span>
     <span class='ocr_line' id='line_1_9' title="bbox 186 680 1434 738; baseline -0.007 -13"><span class='ocrx_word' id='word_1_60' title='bbox 186 701 274 738; x_wconf 86' lang='lat' dir='ltr'>spes</span> <span class='ocrx_word' id='word_1_61' title='bbox 295 695 353 725; x_wconf 84' lang='lat' dir='ltr'>est</span> <span class='ocrx_word' id='word_1_62' title='bbox 374 687 423 724; x_wconf 88' lang='lat' dir='ltr'>de</span> <span class='ocrx_word' id='word_1_63' title='bbox 443 693 618 736; x_wconf 85' lang='lat' dir='ltr'>argento.</span> <span class='ocrx_word' id='word_1_64' title='bbox 675 686 754 722; x_wconf 64' lang='grc' dir='ltr'>ΤΗ.</span> <span class='ocrx_word' id='word_1_65' title='bbox 787 685 931 721; x_wconf 81' lang='lat' dir='ltr'>hilarus</span> <span class='ocrx_word' id='word_1_66' title='bbox 954 690 1011 720; x_wconf 84' lang='lat' dir='ltr'>est</span> <span class='ocrx_word' id='word_1_67' title='bbox 1029 695 1035 718; x_wconf 92' lang='lat'>:</span> <span class='ocrx_word' id='word_1_68' title='bbox 1066 682 1203 717; x_wconf 85' lang='lat' dir='ltr'>frustra</span> <span class='ocrx_word' id='word_1_69' title='bbox 1225 688 1280 717; x_wconf 85' lang='lat' dir='ltr'>est</span> <span class='ocrx_word' id='word_1_70' title='bbox 1302 680 1434 718; x_wconf 88' lang='lat' dir='ltr'>homo.</span> 
     </span>
     <span class='ocr_line' id='line_1_10' title="bbox 185 748 995 800; baseline -0.009 -9"><span class='ocrx_word' id='word_1_71' title='bbox 185 754 334 791; x_wconf 79' lang='lat' dir='ltr'>saluere</span> <span class='ocrx_word' id='word_1_72' title='bbox 355 752 473 791; x_wconf 87' lang='lat' dir='ltr'>iubeo</span> <span class='ocrx_word' id='word_1_73' title='bbox 494 760 543 798; x_wconf 90' lang='lat' dir='ltr'>te,</span> <span class='ocrx_word' id='word_1_74' title='bbox 569 749 858 800; x_wconf 80' lang='lat' dir='ltr'>Misargyrides‚</span> <span class='ocrx_word' id='word_1_75' title='bbox 884 748 995 786; x_wconf 89' lang='lat' dir='ltr'>bene.</span> 
     </span>
     <span class='ocr_line' id='line_1_11' title="bbox 188 809 1474 866; baseline -0.008 -10"><span class='ocrx_word' id='word_1_76' title='bbox 188 820 263 856; x_wconf 72' lang='lat' dir='ltr'>DA.</span> <span class='ocrx_word' id='word_1_77' title='bbox 296 819 403 855; x_wconf 84' lang='lat' dir='ltr'>salue</span> <span class='ocrx_word' id='word_1_78' title='bbox 424 825 461 855; x_wconf 88' lang='lat' dir='ltr'>et</span> <span class='ocrx_word' id='word_1_79' title='bbox 482 825 534 854; x_wconf 94' lang='lat' dir='ltr'>tu.</span> <span class='ocrx_word' id='word_1_80' title='bbox 595 815 691 866; x_wconf 86' lang='lat' dir='ltr'>quid</span> <span class='ocrx_word' id='word_1_81' title='bbox 712 816 763 854; x_wconf 86' lang='lat' dir='ltr'>de</span> <span class='ocrx_word' id='word_1_82' title='bbox 783 813 1014 864; x_wconf 83' lang='lat' dir='ltr'>argentost?</span> <span class='ocrx_word' id='word_1_83' title='bbox 1070 812 1145 848; x_wconf 87' lang='lat' dir='ltr'>TR.</span> <span class='ocrx_word' id='word_1_84' title='bbox 1177 809 1240 848; x_wconf 86' lang='lat' dir='ltr'>abi</span> <span class='ocrx_word' id='word_1_85' title='bbox 1263 809 1324 856; x_wconf 87' lang='lat' dir='ltr'>sis,</span> <span class='ocrx_word' id='word_1_86' title='bbox 1349 809 1474 847; x_wconf 88' lang='lat' dir='ltr'>belua.</span> 
     </span>
     <span class='ocr_line' id='line_1_12' title="bbox 102 875 1075 930; baseline -0.006 -11"><span class='ocrx_word' id='word_1_87' title='bbox 102 894 167 930; x_wconf 84' lang='lat'>570</span> <span class='ocrx_word' id='word_1_88' title='bbox 186 882 375 921; x_wconf 84' lang='lat' dir='ltr'>continuo</span> <span class='ocrx_word' id='word_1_89' title='bbox 395 881 613 920; x_wconf 84' lang='lat' dir='ltr'>adueniens</span> <span class='ocrx_word' id='word_1_90' title='bbox 634 880 757 930; x_wconf 89' lang='lat' dir='ltr'>pilum</span> <span class='ocrx_word' id='word_1_91' title='bbox 780 877 946 917; x_wconf 86' lang='lat' dir='ltr'>iniecisti</span> <span class='ocrx_word' id='word_1_92' title='bbox 968 875 1075 914; x_wconf 79' lang='lat' dir='ltr'>mihi.</span> 
     </span>
     <span class='ocr_line' id='line_1_13' title="bbox 188 938 1577 986; baseline -0.006 0"><span class='ocrx_word' id='word_1_93' title='bbox 188 950 262 986; x_wconf 71' lang='lat' dir='ltr'>DA.</span> <span class='ocrx_word' id='word_1_94' title='bbox 296 947 359 985; x_wconf 91' lang='lat' dir='ltr'>hic</span> <span class='ocrx_word' id='word_1_95' title='bbox 381 949 501 985; x_wconf 86' lang='lat' dir='ltr'>homo</span> <span class='ocrx_word' id='word_1_96' title='bbox 523 945 651 984; x_wconf 70' lang='lat' dir='ltr'>inanis</span> <span class='ocrx_word' id='word_1_97' title='bbox 668 953 736 983; x_wconf 87' lang='lat' dir='ltr'>est.</span> <span class='ocrx_word' id='word_1_98' title='bbox 787 946 864 981; x_wconf 84' lang='lat' dir='ltr'>TR.</span> <span class='ocrx_word' id='word_1_99' title='bbox 897 942 962 980; x_wconf 87' lang='lat' dir='ltr'>hic</span> <span class='ocrx_word' id='word_1_100' title='bbox 983 943 1105 980; x_wconf 89' lang='lat' dir='ltr'>homo</span> <span class='ocrx_word' id='word_1_101' title='bbox 1127 948 1184 978; x_wconf 89' lang='lat' dir='ltr'>est</span> <span class='ocrx_word' id='word_1_102' title='bbox 1205 948 1309 978; x_wconf 90' lang='lat' dir='ltr'>certe</span> <span class='ocrx_word' id='word_1_103' title='bbox 1330 938 1511 977; x_wconf 82' lang='lat' dir='ltr'><strong>hariolus.</strong></span> <span class='ocrx_word' id='word_1_104' title='bbox 1535 947 1577 978; x_wconf 87' lang='lat'>40</span> 
     </span>
     <span class='ocr_line' id='line_1_14' title="bbox 188 1004 1467 1063; baseline -0.008 -12"><span class='ocrx_word' id='word_1_105' title='bbox 188 1015 262 1051; x_wconf 73' lang='lat' dir='ltr'>DA.</span> <span class='ocrx_word' id='word_1_106' title='bbox 296 1012 391 1063; x_wconf 86' lang='lat' dir='ltr'>quin</span> <span class='ocrx_word' id='word_1_107' title='bbox 413 1020 453 1049; x_wconf 91' lang='lat' dir='ltr'>tu</span> <span class='ocrx_word' id='word_1_108' title='bbox 475 1011 567 1049; x_wconf 87' lang='lat' dir='ltr'>istas</span> <span class='ocrx_word' id='word_1_109' title='bbox 591 1010 710 1048; x_wconf 90' lang='lat' dir='ltr'>mittis</span> <span class='ocrx_word' id='word_1_110' title='bbox 732 1009 876 1047; x_wconf 86' lang='lat' dir='ltr'>tricas?</span> <span class='ocrx_word' id='word_1_111' title='bbox 932 1009 1008 1045; x_wconf 82' lang='lat' dir='ltr'>TR.</span> <span class='ocrx_word' id='word_1_112' title='bbox 1043 1005 1137 1056; x_wconf 85' lang='lat' dir='ltr'>quin</span> <span class='ocrx_word' id='word_1_113' title='bbox 1160 1005 1256 1055; x_wconf 90' lang='lat' dir='ltr'>quid</span> <span class='ocrx_word' id='word_1_114' title='bbox 1277 1004 1336 1042; x_wconf 84' lang='lat' dir='ltr'>uis</span> <span class='ocrx_word' id='word_1_115' title='bbox 1357 1005 1467 1042; x_wconf 90' lang='lat' dir='ltr'>cedo.</span> 
     </span>
     <span class='ocr_line' id='line_1_15' title="bbox 187 1068 1431 1121; baseline -0.009 -4"><span class='ocrx_word' id='word_1_116' title='bbox 187 1081 262 1117; x_wconf 71' lang='lat' dir='ltr'>DA.</span> <span class='ocrx_word' id='word_1_117' title='bbox 295 1078 363 1116; x_wconf 85' lang='lat' dir='ltr'>ubi</span> <span class='ocrx_word' id='word_1_118' title='bbox 385 1077 634 1115; x_wconf 87' lang='lat' dir='ltr'>Philolaches</span> <span class='ocrx_word' id='word_1_119' title='bbox 655 1077 743 1114; x_wconf 88' lang='lat' dir='ltr'>est?</span> <span class='ocrx_word' id='word_1_120' title='bbox 800 1076 875 1112; x_wconf 83' lang='lat' dir='ltr'>TR.</span> <span class='ocrx_word' id='word_1_121' title='bbox 910 1085 1129 1121; x_wconf 80' lang='lat' dir='ltr'>numquam</span> <span class='ocrx_word' id='word_1_122' title='bbox 1152 1069 1313 1120; x_wconf 87' lang='lat' dir='ltr'>potuisti</span> <span class='ocrx_word' id='word_1_123' title='bbox 1335 1068 1431 1107; x_wconf 85' lang='lat' dir='ltr'>mihi</span> 
     </span>
     <span class='ocr_line' id='line_1_16' title="bbox 186 1136 1154 1193; baseline -0.009 -11"><span class='ocrx_word' id='word_1_124' title='bbox 186 1143 307 1193; x_wconf 81' lang='lat' dir='ltr'>magis</span> <span class='ocrx_word' id='word_1_125' title='bbox 329 1151 574 1193; x_wconf 88' lang='lat' dir='ltr'>opportunus</span> <span class='ocrx_word' id='word_1_126' title='bbox 595 1139 800 1191; x_wconf 79' lang='lat' dir='ltr'>aduen&lt;ire</span> <span class='ocrx_word' id='word_1_127' title='bbox 822 1136 960 1189; x_wconf 74' lang='lat' dir='ltr'>quam&gt;</span> <span class='ocrx_word' id='word_1_128' title='bbox 978 1136 1154 1176; x_wconf 73' lang='lat' dir='ltr'>aduenis</span> 
     </span>
     <span class='ocr_line' id='line_1_17' title="bbox 101 1199 1515 1258; baseline -0.008 -10"><span class='ocrx_word' id='word_1_129' title='bbox 101 1218 163 1254; x_wconf 89' lang='grc'>575</span> <span class='ocrx_word' id='word_1_130' title='bbox 188 1211 262 1247; x_wconf 71' lang='grc' dir='ltr'>ΒΑ.</span> <span class='ocrx_word' id='word_1_131' title='bbox 296 1207 392 1258; x_wconf 87' lang='lat' dir='ltr'>quid</span> <span class='ocrx_word' id='word_1_132' title='bbox 413 1209 502 1246; x_wconf 84' lang='lat' dir='ltr'>est?</span> <span class='ocrx_word' id='word_1_133' title='bbox 558 1208 635 1244; x_wconf 83' lang='lat' dir='ltr'>TR.</span> <span class='ocrx_word' id='word_1_134' title='bbox 667 1206 845 1244; x_wconf 81' lang='lat' dir='ltr'>concede</span> <span class='ocrx_word' id='word_1_135' title='bbox 866 1205 955 1242; x_wconf 85' lang='lat' dir='ltr'>huc.</span> <span class='ocrx_word' id='word_1_136' title='bbox 1016 1204 1111 1253; x_wconf 66' lang='lat' dir='ltr'>(DA.</span> <span class='ocrx_word' id='word_1_137' title='bbox 1145 1200 1239 1251; x_wconf 85' lang='lat' dir='ltr'>quin</span> <span class='ocrx_word' id='word_1_138' title='bbox 1262 1199 1357 1238; x_wconf 88' lang='lat' dir='ltr'>mihi</span> <span class='ocrx_word' id='word_1_139' title='bbox 1379 1201 1515 1238; x_wconf 89' lang='lat' dir='ltr'>faenus</span> 
     </span>
     <span class='ocr_line' id='line_1_18' title="bbox 1294 1263 1515 1316; baseline -0.005 -13"><span class='ocrx_word' id='word_1_140' title='bbox 1294 1263 1486 1316; x_wconf 75' lang='lat' dir='ltr'>red&gt;ditur</span> <span class='ocrx_word' id='word_1_141' title='bbox 1499 1265 1515 1302; x_wconf 89' lang='lat'>?</span> 
     </span>
     <span class='ocr_line' id='line_1_19' title="bbox 186 1331 1573 1383; baseline -0.009 -5"><span class='ocrx_word' id='word_1_142' title='bbox 186 1341 262 1377; x_wconf 84' lang='lat' dir='ltr'>TR.</span> <span class='ocrx_word' id='word_1_143' title='bbox 294 1338 375 1377; x_wconf 90' lang='lat' dir='ltr'>scio</span> <span class='ocrx_word' id='word_1_144' title='bbox 397 1339 433 1376; x_wconf 74' lang='lat' dir='ltr'>te</span> <span class='ocrx_word' id='word_1_145' title='bbox 455 1338 561 1377; x_wconf 87' lang='lat' dir='ltr'>bona</span> <span class='ocrx_word' id='word_1_146' title='bbox 580 1350 666 1376; x_wconf 89' lang='lat' dir='ltr'>esse</span> <span class='ocrx_word' id='word_1_147' title='bbox 686 1349 801 1383; x_wconf 86' lang='lat' dir='ltr'>uoce,</span> <span class='ocrx_word' id='word_1_148' title='bbox 821 1348 870 1373; x_wconf 88' lang='lat' dir='ltr'>ne</span> <span class='ocrx_word' id='word_1_149' title='bbox 891 1336 1017 1373; x_wconf 83' lang='lat' dir='ltr'>clama</span> <span class='ocrx_word' id='word_1_150' title='bbox 1037 1331 1164 1371; x_wconf 86' lang='lat' dir='ltr'>nimis.</span> <span class='ocrx_word' id='word_1_151' title='bbox 1531 1335 1573 1367; x_wconf 87' lang='lat'>45</span> 
     </span>
     <span class='ocr_line' id='line_1_20' title="bbox 188 1394 1439 1454; baseline -0.009 -11"><span class='ocrx_word' id='word_1_152' title='bbox 188 1407 264 1442; x_wconf 76' lang='lat' dir='ltr'>DA.</span> <span class='ocrx_word' id='word_1_153' title='bbox 296 1417 369 1454; x_wconf 82' lang='lat' dir='ltr'>ego</span> <span class='ocrx_word' id='word_1_154' title='bbox 390 1405 520 1441; x_wconf 88' lang='lat' dir='ltr'>hercle</span> <span class='ocrx_word' id='word_1_155' title='bbox 541 1416 636 1441; x_wconf 92' lang='lat' dir='ltr'>uero</span> <span class='ocrx_word' id='word_1_156' title='bbox 657 1403 796 1440; x_wconf 87' lang='lat' dir='ltr'>clamo.</span> <span class='ocrx_word' id='word_1_157' title='bbox 858 1402 936 1437; x_wconf 66' lang='grc' dir='ltr'>ΤΗ.</span> <span class='ocrx_word' id='word_1_158' title='bbox 965 1400 1028 1444; x_wconf 83' lang='lat' dir='ltr'>ah,</span> <span class='ocrx_word' id='word_1_159' title='bbox 1051 1412 1139 1448; x_wconf 82' lang='lat' dir='ltr'>gere</span> <span class='ocrx_word' id='word_1_160' title='bbox 1162 1410 1310 1434; x_wconf 89' lang='lat' dir='ltr'>morem</span> <span class='ocrx_word' id='word_1_161' title='bbox 1333 1394 1439 1433; x_wconf 84' lang='lat' dir='ltr'>mihi.</span> 
     </span>
     <span class='ocr_line' id='line_1_21' title="bbox 189 1459 1516 1519; baseline -0.008 -11"><span class='ocrx_word' id='word_1_162' title='bbox 189 1471 265 1508; x_wconf 71' lang='lat' dir='ltr'>DA.</span> <span class='ocrx_word' id='word_1_163' title='bbox 297 1468 393 1519; x_wconf 85' lang='lat' dir='ltr'>quid</span> <span class='ocrx_word' id='word_1_164' title='bbox 414 1467 486 1507; x_wconf 89' lang='lat' dir='ltr'>tibi</span> <span class='ocrx_word' id='word_1_165' title='bbox 506 1481 579 1518; x_wconf 83' lang='lat' dir='ltr'>ego</span> <span class='ocrx_word' id='word_1_166' title='bbox 600 1480 751 1506; x_wconf 87' lang='lat' dir='ltr'>morem</span> <span class='ocrx_word' id='word_1_167' title='bbox 773 1466 832 1504; x_wconf 86' lang='lat' dir='ltr'>uis</span> <span class='ocrx_word' id='word_1_168' title='bbox 852 1466 1013 1515; x_wconf 84' lang='lat' dir='ltr'>geram?</span> <span class='ocrx_word' id='word_1_169' title='bbox 1060 1465 1136 1501; x_wconf 86' lang='lat' dir='ltr'>TR.</span> <span class='ocrx_word' id='word_1_170' title='bbox 1168 1461 1233 1500; x_wconf 83' lang='lat' dir='ltr'>abi</span> <span class='ocrx_word' id='word_1_171' title='bbox 1256 1474 1402 1512; x_wconf 83' lang='lat' dir='ltr'>quaeso</span> <span class='ocrx_word' id='word_1_172' title='bbox 1424 1459 1516 1498; x_wconf 89' lang='lat' dir='ltr'>hinc</span> 
     </span>
     <span class='ocr_line' id='line_1_22' title="bbox 1338 1527 1514 1565; baseline -0.017 0"><span class='ocrx_word' id='word_1_173' title='bbox 1338 1527 1514 1565; x_wconf 85' lang='lat' dir='ltr'>domum.</span> 
     </span>
     <span class='ocr_line' id='line_1_23' title="bbox 190 1592 1226 1638; baseline -0.008 0"><span class='ocrx_word' id='word_1_174' title='bbox 190 1603 266 1638; x_wconf 78' lang='lat' dir='ltr'>DA.</span> <span class='ocrx_word' id='word_1_175' title='bbox 297 1600 468 1638; x_wconf 86' lang='lat' dir='ltr'>abeam?</span> <span class='ocrx_word' id='word_1_176' title='bbox 524 1600 600 1636; x_wconf 86' lang='lat' dir='ltr'>TR.</span> <span class='ocrx_word' id='word_1_177' title='bbox 633 1597 760 1636; x_wconf 88' lang='lat' dir='ltr'>redito</span> <span class='ocrx_word' id='word_1_178' title='bbox 780 1598 859 1634; x_wconf 92' lang='lat' dir='ltr'>huc</span> <span class='ocrx_word' id='word_1_179' title='bbox 879 1594 1031 1634; x_wconf 84' lang='lat' dir='ltr'>circiter</span> <span class='ocrx_word' id='word_1_180' title='bbox 1053 1592 1226 1631; x_wconf 85' lang='lat' dir='ltr'>meridie.</span> 
     </span>
     <span class='ocr_line' id='line_1_24' title="bbox 103 1655 1420 1714; baseline -0.008 -11"><span class='ocrx_word' id='word_1_181' title='bbox 103 1668 170 1712; x_wconf 86' lang='lat'>580</span> <span class='ocrx_word' id='word_1_182' title='bbox 190 1667 265 1703; x_wconf 77' lang='lat' dir='ltr'>DA.</span> <span class='ocrx_word' id='word_1_183' title='bbox 298 1666 537 1703; x_wconf 87' lang='lat' dir='ltr'>reddeturne</span> <span class='ocrx_word' id='word_1_184' title='bbox 557 1663 672 1714; x_wconf 85' lang='lat' dir='ltr'>igitur</span> <span class='ocrx_word' id='word_1_185' title='bbox 692 1663 858 1701; x_wconf 88' lang='lat' dir='ltr'>faenus?</span> <span class='ocrx_word' id='word_1_186' title='bbox 914 1662 990 1697; x_wconf 80' lang='lat' dir='ltr'>TR.</span> <span class='ocrx_word' id='word_1_187' title='bbox 1023 1659 1162 1697; x_wconf 87' lang='lat' dir='ltr'>reddet</span> <span class='ocrx_word' id='word_1_188' title='bbox 1180 1673 1186 1695; x_wconf 79' lang='lat' dir='ltr'>z</span> <span class='ocrx_word' id='word_1_189' title='bbox 1217 1670 1322 1695; x_wconf 90' lang='lat' dir='ltr'>nunc</span> <span class='ocrx_word' id='word_1_190' title='bbox 1342 1655 1420 1694; x_wconf 91' lang='lat' dir='ltr'>abi.</span> 
     </span>
     <span class='ocr_line' id='line_1_25' title="bbox 191 1730 1579 1780; baseline -0.008 -11"><span class='ocrx_word' id='word_1_191' title='bbox 191 1732 266 1768; x_wconf 83' lang='lat' dir='ltr'>DA.</span> <span class='ocrx_word' id='word_1_192' title='bbox 290 1730 386 1780; x_wconf 89' lang='lat' dir='ltr'>quid</span> <span class='ocrx_word' id='word_1_193' title='bbox 416 1743 489 1780; x_wconf 87' lang='lat' dir='ltr'>ego</span> <span class='ocrx_word' id='word_1_194' title='bbox 518 1730 597 1767; x_wconf 89' lang='lat' dir='ltr'>huc</span> <span class='ocrx_word' id='word_1_195' title='bbox 617 1741 813 1767; x_wconf 86' lang='lat' dir='ltr'>recursem</span> <span class='ocrx_word' id='word_1_196' title='bbox 842 1734 909 1765; x_wconf 82' lang='lat' dir='ltr'>aut</span> <span class='ocrx_word' id='word_1_197' title='bbox 944 1738 1104 1776; x_wconf 85' lang='lat' dir='ltr'>operam</span> <span class='ocrx_word' id='word_1_198' title='bbox 1139 1736 1292 1762; x_wconf 84' lang='lat' dir='ltr'>sumam</span> <span class='ocrx_word' id='word_1_199' title='bbox 1326 1730 1393 1760; x_wconf 89' lang='lat' dir='ltr'>aut</span> <span class='ocrx_word' id='word_1_200' title='bbox 1427 1734 1517 1759; x_wconf 88' lang='lat' dir='ltr'>con-</span> <span class='ocrx_word' id='word_1_201' title='bbox 1538 1732 1579 1763; x_wconf 89' lang='lat'>50</span> 
     </span>
     <span class='ocr_line' id='line_1_26' title="bbox 1366 1787 1518 1825; baseline 0 -1"><span class='ocrx_word' id='word_1_202' title='bbox 1366 1794 1487 1825; x_wconf 86' lang='lat' dir='ltr'>teram</span> <span class='ocrx_word' id='word_1_203' title='bbox 1501 1787 1518 1824; x_wconf 92' lang='lat'>?</span> 
     </span>
     <span class='ocr_line' id='line_1_27' title="bbox 189 1855 1055 1911; baseline -0.007 -12"><span class='ocrx_word' id='word_1_204' title='bbox 189 1860 285 1911; x_wconf 86' lang='lat' dir='ltr'>quid</span> <span class='ocrx_word' id='word_1_205' title='bbox 306 1860 337 1899; x_wconf 88' lang='lat' dir='ltr'>si</span> <span class='ocrx_word' id='word_1_206' title='bbox 358 1860 422 1898; x_wconf 87' lang='lat' dir='ltr'>hic</span> <span class='ocrx_word' id='word_1_207' title='bbox 443 1860 615 1898; x_wconf 85' lang='lat' dir='ltr'>manebo</span> <span class='ocrx_word' id='word_1_208' title='bbox 636 1858 767 1909; x_wconf 83' lang='lat' dir='ltr'>potius</span> <span class='ocrx_word' id='word_1_209' title='bbox 787 1858 839 1896; x_wconf 84' lang='lat' dir='ltr'>ad</span> <span class='ocrx_word' id='word_1_210' title='bbox 861 1855 1055 1895; x_wconf 89' lang='lat' dir='ltr'>meridie?</span> 
     </span>
     <span class='ocr_line' id='line_1_28' title="bbox 188 1918 1378 1971; baseline -0.008 -6"><span class='ocrx_word' id='word_1_211' title='bbox 188 1927 266 1965; x_wconf 83' lang='lat' dir='ltr'>TR.</span> <span class='ocrx_word' id='word_1_212' title='bbox 296 1925 419 1964; x_wconf 90' lang='lat' dir='ltr'>immo</span> <span class='ocrx_word' id='word_1_213' title='bbox 439 1925 505 1964; x_wconf 86' lang='lat' dir='ltr'>abi</span> <span class='ocrx_word' id='word_1_214' title='bbox 525 1926 702 1971; x_wconf 90' lang='lat' dir='ltr'>domum,</span> <span class='ocrx_word' id='word_1_215' title='bbox 724 1936 863 1962; x_wconf 89' lang='lat' dir='ltr'>uerum</span> <span class='ocrx_word' id='word_1_216' title='bbox 884 1924 1014 1961; x_wconf 85' lang='lat' dir='ltr'>hercle</span> <span class='ocrx_word' id='word_1_217' title='bbox 1035 1922 1136 1968; x_wconf 87' lang='lat' dir='ltr'>dico,</span> <span class='ocrx_word' id='word_1_218' title='bbox 1160 1919 1225 1958; x_wconf 89' lang='lat' dir='ltr'>abi</span> <span class='ocrx_word' id='word_1_219' title='bbox 1246 1918 1378 1957; x_wconf 91' lang='lat' dir='ltr'>modo.</span> 
     </span>
    </p>
   </div>
   <div class='ocr_carea' id='block_1_3' title="bbox 188 2020 1527 2416">
    <p class='ocr_par' dir='ltr' id='par_1_3' title="bbox 188 2020 1527 2416">
     <span class='ocr_line' id='line_1_29' title="bbox 232 2020 1521 2069; baseline -0.007 -10"><span class='ocrx_word' id='word_1_220' title='bbox 232 2031 296 2068; x_wconf 86' lang='lat'>562</span> <span class='ocrx_word' id='word_1_221' title='bbox 321 2040 382 2060; x_wconf 87' lang='lat' dir='ltr'>nec</span> <span class='ocrx_word' id='word_1_222' title='bbox 406 2039 473 2069; x_wconf 89' lang='lat' dir='ltr'>quo</span> <span class='ocrx_word' id='word_1_223' title='bbox 498 2038 597 2068; x_wconf 91' lang='lat' dir='ltr'>quorn</span> <span class='ocrx_word' id='word_1_224' title='bbox 622 2027 686 2059; x_wconf 90' lang='lat' dir='ltr'>cod.</span> <span class='ocrx_word' id='word_1_225' title='bbox 714 2026 805 2067; x_wconf 83' lang='lat' dir='ltr'>(corr.</span> <span class='ocrx_word' id='word_1_226' title='bbox 832 2027 892 2065; x_wconf 47' lang='grc' dir='ltr'>ΒΞ)</span> <span class='ocrx_word' id='word_1_227' title='bbox 913 2037 920 2057; x_wconf 93' lang='lat'><strong>:</strong></span> <span class='ocrx_word' id='word_1_228' title='bbox 954 2026 1003 2056; x_wconf 83' lang='lat' dir='ltr'>vel</span> <span class='ocrx_word' id='word_1_229' title='bbox 1028 2035 1104 2064; x_wconf 87' lang='lat' dir='ltr'>neq.</span> <span class='ocrx_word' id='word_1_230' title='bbox 1240 2023 1304 2062; x_wconf 87' lang='lat'>563</span> <span class='ocrx_word' id='word_1_231' title='bbox 1329 2021 1426 2052; x_wconf 86' lang='lat' dir='ltr'>dehis</span> <span class='ocrx_word' id='word_1_232' title='bbox 1454 2020 1521 2052; x_wconf 88' lang='lat' dir='ltr'>cod.</span> 
     </span>
     <span class='ocr_line' id='line_1_30' title="bbox 189 2064 1522 2112; baseline -0.007 -9"><span class='ocrx_word' id='word_1_233' title='bbox 189 2074 254 2112; x_wconf 86' lang='lat'>566</span> <span class='ocrx_word' id='word_1_234' title='bbox 278 2084 331 2103; x_wconf 90' lang='lat' dir='ltr'>me</span> <span class='ocrx_word' id='word_1_235' title='bbox 351 2073 377 2103; x_wconf 84' lang='lat' dir='ltr'>it</span> <span class='ocrx_word' id='word_1_236' title='bbox 399 2072 498 2103; x_wconf 84' lang='lat' dir='ltr'>Ital.:</span> <span class='ocrx_word' id='word_1_237' title='bbox 523 2073 606 2102; x_wconf 80' lang='lat' dir='ltr'>meis</span> <span class='ocrx_word' id='word_1_238' title='bbox 630 2070 695 2103; x_wconf 89' lang='lat' dir='ltr'>cod.</span> <span class='ocrx_word' id='word_1_239' title='bbox 786 2070 878 2101; x_wconf 89' lang='lat' dir='ltr'>salus</span> <span class='ocrx_word' id='word_1_240' title='bbox 902 2069 968 2100; x_wconf 89' lang='lat' dir='ltr'>cod.</span> <span class='ocrx_word' id='word_1_241' title='bbox 998 2070 1093 2107; x_wconf 79' lang='lat' dir='ltr'>(corr.</span> <span class='ocrx_word' id='word_1_242' title='bbox 1118 2067 1180 2106; x_wconf 71' lang='lat'>3²)</span> <span class='ocrx_word' id='word_1_243' title='bbox 1330 2065 1395 2105; x_wconf 85' lang='lat'>569</span> <span class='ocrx_word' id='word_1_244' title='bbox 1419 2064 1522 2103; x_wconf 88' lang='lat' dir='ltr'>quide</span> 
     </span>
     <span class='ocr_line' id='line_1_31' title="bbox 188 2107 1523 2156; baseline -0.007 -9"><span class='ocrx_word' id='word_1_245' title='bbox 188 2121 349 2155; x_wconf 85' lang='lat' dir='ltr'>argentos</span> <span class='ocrx_word' id='word_1_246' title='bbox 365 2115 429 2146; x_wconf 88' lang='lat' dir='ltr'>cod.</span> <span class='ocrx_word' id='word_1_247' title='bbox 452 2118 544 2154; x_wconf 74' lang='lat' dir='ltr'>(corr.</span> <span class='ocrx_word' id='word_1_248' title='bbox 564 2113 626 2155; x_wconf 73' lang='lat'>3²)</span> <span class='ocrx_word' id='word_1_249' title='bbox 741 2123 800 2154; x_wconf 86' lang='lat'>571</span> <span class='ocrx_word' id='word_1_250' title='bbox 821 2111 966 2156; x_wconf 84' lang='lat' dir='ltr'>(Certe)</span> <span class='ocrx_word' id='word_1_251' title='bbox 983 2113 1038 2143; x_wconf 79' lang='lat' dir='ltr'>hic</span> <span class='ocrx_word' id='word_1_252' title='bbox 1056 2112 1192 2151; x_wconf 59' lang='lat' dir='ltr'>Sejffi’rt</span> <span class='ocrx_word' id='word_1_253' title='bbox 1305 2119 1369 2148; x_wconf 84' lang='lat'>574</span> <span class='ocrx_word' id='word_1_254' title='bbox 1394 2107 1523 2147; x_wconf 87' lang='lat' dir='ltr'>magius</span> 
     </span>
     <span class='ocr_line' id='line_1_32' title="bbox 191 2151 1520 2200; baseline -0.007 -10"><span class='ocrx_word' id='word_1_255' title='bbox 191 2160 315 2200; x_wconf 85' lang='lat' dir='ltr'>(maius</span> <span class='ocrx_word' id='word_1_256' title='bbox 327 2159 417 2197; x_wconf 81' lang='lat' dir='ltr'>PCD)</span> <span class='ocrx_word' id='word_1_257' title='bbox 437 2158 501 2190; x_wconf 86' lang='lat' dir='ltr'>cod.</span> <span class='ocrx_word' id='word_1_258' title='bbox 521 2159 615 2198; x_wconf 87' lang='lat' dir='ltr'>(corr.</span> <span class='ocrx_word' id='word_1_259' title='bbox 636 2156 682 2188; x_wconf 74' lang='lat'>32</span> <span class='ocrx_word' id='word_1_260' title='bbox 701 2162 740 2188; x_wconf 82' lang='lat' dir='ltr'>ut</span> <span class='ocrx_word' id='word_1_261' title='bbox 753 2157 835 2197; x_wconf 76' lang='lat' dir='ltr'>vid.)</span> <span class='ocrx_word' id='word_1_262' title='bbox 957 2157 1064 2196; x_wconf 84' lang='lat'><strong>574-6</strong></span> <span class='ocrx_word' id='word_1_263' title='bbox 1089 2156 1244 2186; x_wconf 86' lang='lat' dir='ltr'>lacunam</span> <span class='ocrx_word' id='word_1_264' title='bbox 1262 2153 1296 2183; x_wconf 83' lang='lat' dir='ltr'>in</span> <span class='ocrx_word' id='word_1_265' title='bbox 1321 2152 1376 2182; x_wconf 75' lang='grc' dir='ltr'>ΡΑ</span> <span class='ocrx_word' id='word_1_266' title='bbox 1401 2151 1452 2191; x_wconf 64' lang='lat' dir='ltr'>‹qfi</span> <span class='ocrx_word' id='word_1_267' title='bbox 1470 2161 1520 2182; x_wconf 84' lang='lat' dir='ltr'>vv.</span> 
     </span>
     <span class='ocr_line' id='line_1_33' title="bbox 190 2195 1524 2243; baseline -0.007 -10"><span class='ocrx_word' id='word_1_268' title='bbox 190 2204 314 2242; x_wconf 80' lang='lat'>596-8)</span> <span class='ocrx_word' id='word_1_269' title='bbox 331 2202 435 2243; x_wconf 83' lang='lat' dir='ltr'><em>suppl.</em></span> <span class='ocrx_word' id='word_1_270' title='bbox 454 2202 544 2241; x_wconf 62' lang='lat' dir='ltr'>Ital„</span> <span class='ocrx_word' id='word_1_271' title='bbox 565 2201 693 2232; x_wconf 77' lang='lat' dir='ltr'>Ritschl</span> <span class='ocrx_word' id='word_1_272' title='bbox 823 2202 887 2240; x_wconf 86' lang='lat'>576</span> <span class='ocrx_word' id='word_1_273' title='bbox 903 2199 1016 2231; x_wconf 81' lang='lat' dir='ltr'>accedit</span> <span class='ocrx_word' id='word_1_274' title='bbox 1031 2199 1063 2229; x_wconf 89' lang='lat' dir='ltr'><em>A</em></span> <span class='ocrx_word' id='word_1_275' title='bbox 1135 2199 1174 2229; x_wconf 90' lang='lat' dir='ltr'>cl.</span> <span class='ocrx_word' id='word_1_276' title='bbox 1197 2198 1276 2228; x_wconf 87' lang='lat' dir='ltr'>nim.</span> <span class='ocrx_word' id='word_1_277' title='bbox 1292 2195 1501 2227; x_wconf 80' lang='lat' dir='ltr'>Camerarius</span> <span class='ocrx_word' id='word_1_278' title='bbox 1516 2205 1524 2224; x_wconf 90' lang='lat'>:</span> 
     </span>
     <span class='ocr_line' id='line_1_34' title="bbox 191 2237 1527 2287; baseline -0.007 -10"><span class='ocrx_word' id='word_1_279' title='bbox 191 2246 312 2287; x_wconf 70' lang='lat' dir='ltr'>clamat</span> <span class='ocrx_word' id='word_1_280' title='bbox 333 2246 444 2285; x_wconf 64' lang='lat' dir='ltr'>mimi}</span> <span class='ocrx_word' id='word_1_281' title='bbox 459 2245 491 2275; x_wconf 87' lang='lat' dir='ltr'><em>A</em></span> <span class='ocrx_word' id='word_1_282' title='bbox 512 2257 519 2276; x_wconf 93' lang='lat'><strong>:</strong></span> <span class='ocrx_word' id='word_1_283' title='bbox 543 2256 608 2277; x_wconf 87' lang='lat' dir='ltr'>om.</span> <span class='ocrx_word' id='word_1_284' title='bbox 626 2244 660 2275; x_wconf 90' lang='lat' dir='ltr'><em>P</em></span> <span class='ocrx_word' id='word_1_285' title='bbox 745 2254 807 2284; x_wconf 86' lang='lat'>577</span> <span class='ocrx_word' id='word_1_286' title='bbox 833 2243 1011 2283; x_wconf 66' lang='lat' dir='ltr'>clamar&#39;bo&#39;)</span> <span class='ocrx_word' id='word_1_287' title='bbox 1037 2242 1150 2272; x_wconf 81' lang='lat' dir='ltr'><em>APCD</em></span> <span class='ocrx_word' id='word_1_288' title='bbox 1222 2240 1319 2280; x_wconf 87' lang='lat' dir='ltr'>gere]</span> <span class='ocrx_word' id='word_1_289' title='bbox 1340 2239 1475 2269; x_wconf 87' lang='lat' dir='ltr'>eherem</span> <span class='ocrx_word' id='word_1_290' title='bbox 1492 2237 1527 2267; x_wconf 90' lang='lat' dir='ltr'><em>P</em></span> 
     </span>
     <span class='ocr_line' id='line_1_35' title="bbox 192 2280 1519 2329; baseline -0.007 -9"><span class='ocrx_word' id='word_1_291' title='bbox 192 2290 287 2329; x_wconf 85' lang='lat' dir='ltr'>(corr.</span> <span class='ocrx_word' id='word_1_292' title='bbox 315 2289 374 2328; x_wconf 78' lang='lat'>3²)</span> <span class='ocrx_word' id='word_1_293' title='bbox 509 2291 572 2327; x_wconf 88' lang='lat'>578</span> <span class='ocrx_word' id='word_1_294' title='bbox 597 2299 709 2319; x_wconf 85' lang='lat' dir='ltr'>ceram</span> <span class='ocrx_word' id='word_1_295' title='bbox 733 2288 766 2319; x_wconf 90' lang='lat' dir='ltr'><em>P</em></span> <span class='ocrx_word' id='word_1_296' title='bbox 788 2289 879 2326; x_wconf 85' lang='lat' dir='ltr'>(corr.</span> <span class='ocrx_word' id='word_1_297' title='bbox 902 2287 963 2324; x_wconf 77' lang='lat'>13²)</span> <span class='ocrx_word' id='word_1_298' title='bbox 1090 2295 1155 2325; x_wconf 87' lang='lat'>579</span> <span class='ocrx_word' id='word_1_299' title='bbox 1172 2285 1259 2315; x_wconf 90' lang='lat' dir='ltr'>hunc</span> <span class='ocrx_word' id='word_1_300' title='bbox 1284 2283 1317 2313; x_wconf 90' lang='grc' dir='ltr'><em>Ρ</em></span> <span class='ocrx_word' id='word_1_301' title='bbox 1340 2283 1431 2319; x_wconf 85' lang='lat' dir='ltr'>(corr.</span> <span class='ocrx_word' id='word_1_302' title='bbox 1457 2280 1519 2322; x_wconf 73' lang='lat'>3²)</span> 
     </span>
     <span class='ocr_line' id='line_1_36' title="bbox 193 2325 1521 2372; baseline -0.007 -9"><span class='ocrx_word' id='word_1_303' title='bbox 193 2334 257 2372; x_wconf 83' lang='grc'>580</span> <span class='ocrx_word' id='word_1_304' title='bbox 281 2333 398 2363; x_wconf 87' lang='lat' dir='ltr'>reddet</span> <span class='ocrx_word' id='word_1_305' title='bbox 416 2342 504 2363; x_wconf 87' lang='lat' dir='ltr'>nunc</span> <span class='ocrx_word' id='word_1_306' title='bbox 524 2332 681 2363; x_wconf 76' lang='lat' dir='ltr'>Guietus:</span> <span class='ocrx_word' id='word_1_307' title='bbox 714 2332 877 2362; x_wconf 86' lang='lat' dir='ltr'>reddetur</span> <span class='ocrx_word' id='word_1_308' title='bbox 891 2341 978 2360; x_wconf 87' lang='lat' dir='ltr'>nunc</span> <span class='ocrx_word' id='word_1_309' title='bbox 996 2329 1083 2360; x_wconf 86' lang='lat' dir='ltr'>codd.</span> <span class='ocrx_word' id='word_1_310' title='bbox 1099 2341 1104 2359; x_wconf 92' lang='lat'>:</span> <span class='ocrx_word' id='word_1_311' title='bbox 1138 2329 1343 2358; x_wconf 86' lang='lat' dir='ltr'>reddeturne</span> <span class='ocrx_word' id='word_1_312' title='bbox 1358 2325 1521 2367; x_wconf 81' lang='lat' dir='ltr'>(affirma-</span> 
     </span>
     <span class='ocr_line' id='line_1_37' title="bbox 192 2369 1521 2416; baseline -0.005 -10"><span class='ocrx_word' id='word_1_313' title='bbox 192 2376 266 2416; x_wconf 72' lang='lat' dir='ltr'><em>tive)</em></span> <span class='ocrx_word' id='word_1_314' title='bbox 284 2376 348 2406; x_wconf 86' lang='lat' dir='ltr'>Leo</span> <span class='ocrx_word' id='word_1_315' title='bbox 488 2377 550 2414; x_wconf 89' lang='lat'>582</span> <span class='ocrx_word' id='word_1_316' title='bbox 570 2379 646 2416; x_wconf 83' lang='lat' dir='ltr'>post</span> <span class='ocrx_word' id='word_1_317' title='bbox 667 2375 695 2406; x_wconf 86' lang='lat' dir='ltr'>si</span> <span class='ocrx_word' id='word_1_318' title='bbox 719 2374 920 2415; x_wconf 77' lang='lat' dir='ltr'>discrepabat</span> <span class='ocrx_word' id='word_1_319' title='bbox 937 2373 970 2404; x_wconf 86' lang='lat' dir='ltr'><em>A</em></span> <span class='ocrx_word' id='word_1_320' title='bbox 994 2373 1036 2412; x_wconf 88' lang='lat' dir='ltr'>(si</span> <span class='ocrx_word' id='word_1_321' title='bbox 1061 2382 1148 2402; x_wconf 88' lang='lat' dir='ltr'>man.</span> <span class='ocrx_word' id='word_1_322' title='bbox 1173 2372 1227 2402; x_wconf 84' lang='lat' dir='ltr'>hic</span> <span class='ocrx_word' id='word_1_323' title='bbox 1253 2381 1284 2410; x_wconf 90' lang='lat' dir='ltr'>p.</span> <span class='ocrx_word' id='word_1_324' title='bbox 1299 2372 1323 2410; x_wconf 76' lang='lat'>3)</span> <span class='ocrx_word' id='word_1_325' title='bbox 1458 2369 1521 2407; x_wconf 85' lang='lat'>583</span> 
     </span>
    </p>
   </div>
   <div class='ocr_carea' id='block_1_4' title="bbox 193 2411 1438 2461">
    <p class='ocr_par' dir='ltr' id='par_1_4' title="bbox 193 2411 1438 2461">
     <span class='ocr_line' id='line_1_38' title="bbox 193 2411 1438 2461; baseline -0.005 -12"><span class='ocrx_word' id='word_1_326' title='bbox 193 2419 246 2450; x_wconf 87' lang='lat' dir='ltr'>abi</span> <span class='ocrx_word' id='word_1_327' title='bbox 263 2418 360 2461; x_wconf 77' lang='lat' dir='ltr'>(abi)</span> <span class='ocrx_word' id='word_1_328' title='bbox 377 2430 417 2449; x_wconf 89' lang='lat' dir='ltr'>m.</span> <span class='ocrx_word' id='word_1_329' title='bbox 439 2418 565 2449; x_wconf 73' lang='lat' dir='ltr'>Ritscld</span> <span class='ocrx_word' id='word_1_330' title='bbox 578 2419 630 2449; x_wconf 79' lang='lat' dir='ltr'>cui</span> <span class='ocrx_word' id='word_1_331' title='bbox 643 2418 718 2449; x_wconf 84' lang='lat' dir='ltr'>dico</span> <span class='ocrx_word' id='word_1_332' title='bbox 739 2418 744 2460; x_wconf 84' lang='grc'>1</span> <span class='ocrx_word' id='word_1_333' title='bbox 765 2418 818 2448; x_wconf 69' lang='lat' dir='ltr'>abi</span> <span class='ocrx_word' id='word_1_334' title='bbox 835 2418 974 2458; x_wconf 80' lang='lat' dir='ltr'>displicet</span> <span class='ocrx_word' id='word_1_335' title='bbox 1061 2416 1159 2446; x_wconf 91' lang='lat' dir='ltr'>modo</span> <span class='ocrx_word' id='word_1_336' title='bbox 1176 2415 1227 2445; x_wconf 87' lang='lat' dir='ltr'>P:</span> <span class='ocrx_word' id='word_1_337' title='bbox 1253 2414 1388 2454; x_wconf 78' lang='lat' dir='ltr'>domum</span> <span class='ocrx_word' id='word_1_338' title='bbox 1404 2411 1438 2442; x_wconf 87' lang='lat' dir='ltr'><em>A</em></span> 
     </span>
    </p>
   </div>
  </div>
 </body>
</html>
