1783 2707
170 145 217 181 V.

182 399 220 419 10

186 788 220 818 15

182 1246 221 1267 20

179 1705 217 1735 25

238 143 252 180 i
659 141 705 177 Τ.
741 139 921 178 MACCI
954 137 1158 175 PLAVTI

238 252 291 290 ita
310 251 418 289 uictu
439 257 633 295 excurato,
658 248 710 286 ita
731 246 882 297 magnis
903 244 1109 284 munditiis
1128 244 1231 283 diuis
1252 243 1392 294 dignis,

345 315 478 365 itaque
498 314 539 352 in
558 316 646 352 loco
669 311 810 350 fe‘stiuo
831 325 966 350 sumus
987 309 1127 349 festiue
1145 309 1308 360 accepti.

347 380 445 431 quid
464 386 582 429 opust
602 393 664 417 me
685 379 827 416 multas
848 390 961 426 agere
980 375 1196 424 ambages?
1225 375 1301 429 hoc
1322 382 1380 412 est
1401 372 1552 411 homini
1588 383 1672 420 1255

507 458 626 495 quam
647 444 699 482 ob
720 456 802 481 rem
822 442 944 480 uitam
964 447 1080 487 amet,

346 511 412 550 hic
433 523 570 549 omnes
591 511 828 559 uoluptates,
848 507 888 545 in
909 507 985 544 hoc
1005 518 1144 543 omnes
1164 504 1390 542 uenustates

401 584 490 613 sunt
511 590 517 612 :
547 574 630 613 deis
651 586 886 624 proxumum
907 584 993 610 esse
1011 569 1185 608 arbitror.

294 656 384 679 nam
408 640 475 678 ubi
495 653 632 678 amans
653 640 900 688 complexust
915 643 1127 681 amantem,
1146 634 1214 672 ubi
1231 636 1281 672 ad
1298 635 1402 672 labra
1425 634 1565 671 labella

1288 698 1474 747 adiungit,
1499 697 1564 735 ubi

293 774 411 809 altera
431 773 595 808 alterum
616 768 779 818 bilingui
802 768 1022 805 manufesto
1042 764 1143 803 inter
1163 778 1204 802 se
1224 765 1484 814 prehendunt,
1591 766 1679 800 1260

240 836 307 875 ubi
342 835 527 873 mammia
559 833 810 872 mammicula
840 830 1073 882 opprimitur
1099 836 1168 868 aut
1199 828 1230 867 si
1263 829 1371 866 lubet
1405 842 1569 878 corpora

1274 893 1565 943 conduplicant,

240 979 359 1004 manu
384 966 554 1004 candida
580 965 810 1002 cantharum
835 961 1068 1000 dulciferum
1090 959 1347 1010 *rpropinarffi
1371 958 1568 996 amicissu-

1216 1037 1322 1062 mam
1342 1022 1565 1068 amicitiam,

348 1110 477 1146 neque
500 1094 585 1148 [ibi]
609 1109 693 1133 esse
713 1093 833 1132 alium
853 1092 918 1131 alii
938 1090 1033 1130 odio
1054 1090 1108 1130 ibi
1128 1104 1203 1129 nec
1223 1090 1434 1128 molestum

349 1177 422 1201 nec
443 1161 688 1201 sermonibus
710 1158 921 1209 morologis
941 1157 1009 1206 uti,

349 1235 548 1277 unguenta
568 1234 686 1276 atque
707 1226 859 1271 odores,
882 1223 1105 1269 lemniscos,
1127 1222 1294 1260 corollas
1592 1223 1675 1266 1265

347 1292 429 1331 dari
451 1292 622 1342 dapsilis,
645 1304 725 1328 non
747 1288 853 1327 enim
873 1302 989 1339 parce
1010 1286 1147 1338 promi,

346 1358 495 1396 uictum
517 1365 689 1395 ceterum
711 1370 759 1394 ne
781 1354 868 1405 quis
890 1368 953 1392 me
973 1361 1106 1404 roget:

239 1425 315 1462 hoc
350 1437 422 1474 ego
457 1424 577 1461 modo
612 1422 731 1471 atque
763 1434 851 1459 erus
887 1419 1014 1457 minor
1048 1419 1153 1456 hunc
1187 1417 1294 1456 diem
1329 1415 1567 1466 sumpsimus

1347 1481 1565 1531 prothyme,

237 1563 447 1606 postquam
478 1567 576 1604 opus
607 1566 739 1592 meum
772 1553 814 1590 ut
847 1550 955 1589 uolui
990 1563 1108 1588 omne
1137 1546 1358 1599 perpetraui
1386 1545 1567 1584 hostibus
1591 1547 1690 1590 1269,

1063 1624 1065 1626 ·
1414 1609 1564 1660 fugatis.
1590 1603 1680 1636 ¹²70

347 1685 433 1724 illos
453 1683 693 1729 accubantis,
717 1681 901 1733 potantis,
924 1679 1091 1719 amantis

347 1764 438 1788 cum
460 1749 595 1788 scortis
616 1748 754 1798 reliqui
776 1755 814 1786 et
836 1760 968 1785 meum
991 1752 1164 1783 scortum
1187 1743 1334 1782 ibidem

286 1864 378 1894 1253,
397 1864 476 1893 1254
491 1853 602 1883 ordine
615 1853 739 1883 inverso
751 1851 782 1881 A
800 1851 933 1889 (v.1253
942 1847 1304 1890 propterlzomocoarclz.
1318 1845 1566 1887 praelo-misso?

241 1899 272 1930 ii.
285 1899 320 1939 6>
413 1907 494 1937 1253
519 1897 570 1927 dis
581 1896 612 1925 A
628 1896 700 1935 <vix
709 1906 788 1926 versi
800 1893 1013 1935 Eupolideus)
1028 1905 1034 1924 :
1051 1903 1115 1923 om.
1132 1892 1183 1923 P:
1202 1890 1278 1932 (et)
1294 1891 1345 1922 dis
1355 1889 1571 1921 Studcmund

241 1943 359 1981 dignas
377 1952 455 1972 corr.
470 1942 510 1971 -is
522 1939 687 1979 P,utv1'd.
703 1939 811 1977 (digni
830 1948 867 1969 as
886 1937 919 1976 T,
935 1937 1028 1977 digni
1042 1937 1084 1967 ah
1102 1936 1193 1967 PBC)
1339 1943 1419 1972 1255
1444 1944 1526 1973 opus
1539 1933 1571 1963 P

240 1986 378 2016 homine
390 1985 422 2014 A
518 1985 662 2022 1256-81
689 1982 773 2013 deest
781 1981 814 2011 A
911 1991 994 2020 1259
1017 1981 1108 2010 labra
1125 1980 1166 2010 ad
1182 1978 1394 2009 Camerarius
1486 1978 1567 2007 1260

240 2029 340 2060 Alter
350 2029 426 2059 PCD
509 2029 598 2058 iuter
608 2038 645 2057 se
659 2026 872 2057 Camerarius
887 2037 893 2057 :
911 2026 1017 2056 inters
1030 2023 1094 2055 cod.
1201 2025 1279 2053 1261
1300 2022 1453 2052 mammia
1467 2031 1567 2052 mam-

242 2073 363 2103 micula
380 2076 416 2103 ut
434 2071 494 2103 vid.
514 2071 591 2111 cod„
607 2071 692 2101 unde
715 2070 905 2101 mammiam
925 2072 1115 2108 (mammam
1133 2066 1195 2104 BQ)
1221 2066 1350 2097 anicula
1368 2065 1450 2105 PBC,
1467 2075 1567 2095 mam-

242 2117 331 2147 milla
345 2118 416 2156 (pro
428 2116 612 2146 mammiia?
639 2116 674 2155 <fl
690 2126 719 2145 υ,
739 2114 813 2154 180)
831 2124 906 2143 nam
921 2112 1062 2143 amicula
1079 2111 1121 2142 T:
1148 2120 1290 2141 mamma
1305 2109 1404 2143 urbm
1420 2109 1567 2139 mammi-

243 2161 317 2191 cula
327 2160 503 2190 Fontanus
518 2171 524 2190 :
549 2169 724 2189 mammam
737 2157 949 2188 mammicula
965 2166 1053 2186 «cum
1067 2155 1225 2194 opprimit
1237 2158 1267 2184 et
1276 2153 1565 2192 conduplicanturi

242 2203 307 2235 Leo
320 2204 435 2244 [sedes.
449 2203 496 2234 ad
507 2203 577 2234 Mil.
591 2207 647 2241 245
711 2206 768 2232 aut
780 2201 924 2232 Ritsclzl:
949 2200 1052 2230 allant
1065 2199 1130 2229 cod.
1146 2200 1204 2236 riv.
1219 2208 1253 2237 3*
1273 2209 1279 2228 :
1305 2198 1368 2227 alia
1381 2202 1438 2227 aut
1455 2196 1568 2226 Cam(-

243 2249 352 2278 rarius
434 2249 515 2277 1262
540 2247 746 2286 canpharum
763 2244 827 2276 cod.
919 2243 1132 2273 micissimam
1151 2242 1216 2272 cod.
1325 2242 1406 2279 1263
1431 2240 1474 2270 ibi
1493 2249 1568 2269 esse

243 2292 344 2322 alium
361 2291 424 2322 alio
442 2291 518 2322 odio
537 2291 581 2321 ibi
596 2290 660 2320 cod.
681 2301 686 2320 :
712 2299 789 2319 corr.
804 2287 870 2318 Leo
885 2298 891 2318 :
906 2287 989 2327 fort.
1010 2297 1038 2316 e.
1062 2286 1162 2316 alium
1181 2286 1236 2315 alii
1253 2284 1318 2315 aiio
1335 2295 1364 2315 o.
1385 2284 1405 2314 i.
1423 2283 1471 2314 vel
1486 2283 1518 2312 id
1536 2293 1564 2312 e.

243 2335 307 2366 aiio
320 2347 351 2367 0.
364 2336 382 2367 i.
479 2337 559 2373 1264
574 2334 654 2373 fort.
670 2331 806 2374 (more)
824 2331 940 2361 morol.
961 2333 996 2360 ut
1011 2330 1132 2367 integer
1144 2328 1398 2366 tetrametcrfiat
1487 2328 1567 2364 1267

243 2379 332 2410 uictu
357 2384 471 2410 cetero
487 2377 554 2409 cod.
574 2388 581 2407 :
607 2387 685 2407 corr.
710 2375 843 2414 Sejffi’rt
1019 2374 1102 2403 1268
1130 2372 1311 2412 protbyme
1337 2370 1567 2401 Camerarius:

243 2423 405 2462 pothyme
429 2421 493 2452 cod.
624 2421 716 2459 1269,
740 2428 823 2457 1270
848 2422 883 2447 ut
901 2417 990 2446 uolui
1008 2426 1108 2447 omne
1127 2414 1226 2455 &Pcny
1246 2414 1295 2445 vel
1308 2424 1407 2444 omne
1426 2418 1460 2443 ut
1478 2412 1568 2442 uolui

245 2466 306 2506 (B)
323 2466 390 2497 cod.

976 2518 999 2529 l
