1731 2713
113 240 179 278 495

115 633 183 671 500

116 1026 179 1064 505

118 1419 186 1456 510

120 1744 184 1781 515

703 113 1023 153 PSEVDOLVS
1497 114 1523 150 I.
1550 124 1577 149 v

309 228 433 267 CALL.
466 226 672 277 numquid,
709 225 828 272 Simo,
866 232 1073 275 peccatum
1106 226 1193 263 est?
1249 228 1366 264 Sino.
1405 225 1527 263 immo

1332 303 1523 329 maxume.

309 360 369 396 Ps.
401 356 556 403 desiste,
580 364 683 395 recte
704 369 777 406 ego
799 368 926 394 meam
949 368 1029 394 rem
1052 354 1172 404 sapio,
1198 354 1381 405 Callipho
1397 369 1407 403 ;

307 430 468 473 peccata
489 435 575 460 mea
596 429 698 460 sunt.
755 421 931 459 animum
952 421 1117 459 aduorte
1139 420 1323 458 nunciam

307 496 543 539 quapropter
564 495 602 526 te
624 493 851 536 †expertem
873 485 1016 524 amoris
1038 485 1117 523 nati
1140 485 1343 524 habuerim
1363 489 1399 526 :†

308 553 512 604 pistrinum
535 552 574 590 in
597 553 747 591 mundo
768 551 929 598 scibam,
953 551 983 590 si
1005 550 1045 589 id
1067 552 1205 598 faxem,
1230 551 1335 589 mihi.
1548 558 1588 597 85

308 621 424 658 Smo.
457 632 537 657 non
557 631 580 656 a
601 631 663 656 me
684 616 811 655 scibas
833 616 1039 667 pistrinum
1061 615 1100 654 in
1122 617 1273 655 mundo
1295 616 1378 663 tibi,

308 697 429 735 quom
459 697 505 723 ea
534 683 798 722 mussitabas?
856 684 917 721 Ps.
951 682 1111 721 scibam.
1171 683 1288 721 Smo.
1322 681 1417 732 quin
1450 681 1529 720 dic-

1262 755 1383 785 tumst
1404 746 1529 785 mihi?

309 817 370 853 Ps.
404 814 495 866 quia
515 814 611 853 illud
633 815 779 852 malum
801 814 950 861 aderat,
971 811 1070 850 istuc
1091 812 1224 851 aberat
1245 812 1398 863 longius
1413 827 1424 860 3

309 880 406 919 illud
426 888 505 919 erat
527 893 720 930 praesens,
745 878 836 917 huic
857 885 967 917 erant
988 878 1175 917 dieculae.

309 948 425 986 S1Mo.
445 944 808 996 quidnuncagetis?
829 957 922 982 narn
936 943 1029 982 hinc
1038 943 1301 993 quidemame
1310 956 1389 983 non
1400 950 1529 995 potest
1547 956 1591 990 90

307 1019 510 1062 argentum
531 1010 681 1058 auferri,
706 1010 773 1061 qui
795 1005 1022 1061 praesertim
1044 1009 1244 1048 senserim.

309 1090 358 1115 ne
378 1076 586 1127 quisquam
607 1077 740 1115 credat
762 1089 970 1114 nummum
992 1075 1068 1113 iam
1091 1076 1245 1113 edicam
1266 1074 1462 1113 omnibus.

310 1144 372 1181 Ps.
391 1156 609 1193 numquam
617 1143 759 1192 edepol
775 1140 991 1192 quoiquam
1006 1140 1250 1191 supplicabo,
1260 1142 1356 1179 dum
1365 1140 1527 1191 quidem

309 1215 350 1247 tu
369 1206 519 1260 (uiuos)
538 1207 658 1246 uiues.
719 1214 760 1245 tu
782 1206 835 1244 mi
857 1207 987 1245 hercle
1007 1213 1212 1256 argentum
1234 1205 1358 1253 dabis,

307 1287 376 1325 aps
401 1282 439 1312 te
465 1273 651 1324 equidem
679 1286 844 1312 sumam.
905 1273 1021 1310 S1MO.
1055 1273 1094 1310 tii
1117 1285 1140 1310 a
1161 1285 1223 1311 me
1244 1273 1404 1310 sumes?
1462 1273 1524 1309 Ps.
1547 1278 1587 1313 95

1360 1344 1527 1375 strenue.

311 1405 428 1443 Sino.
451 1403 649 1443 excludito
664 1402 715 1441 mi
733 1403 862 1441 hercle
883 1403 1054 1449 oculum,
1071 1401 1102 1439 si
1118 1402 1275 1440 dedero.
1320 1403 1381 1439 Ps.
1405 1399 1528 1439 dabis.

311 1469 388 1508 iam
409 1469 499 1508 dico
520 1477 562 1508 ut
581 1483 605 1507 a
625 1482 688 1507 me
708 1482 861 1507 caueas.
922 1468 1047 1507 CALL.
1080 1474 1184 1505 certe
1205 1467 1346 1516 edepol
1368 1465 1459 1512 scio,

311 1534 342 1573 si
362 1534 577 1585 apstuleris‚
601 1534 743 1572 mirum
765 1541 802 1572 et
825 1545 1010 1583 magnum
1033 1531 1184 1570 facinus
1206 1530 1352 1569 feceris.

312 1603 374 1640 Ps.
398 1601 548 1640 faciam.
591 1603 707 1640 Smo.
732 1599 763 1638 si
779 1612 860 1638 non
876 1597 1104 1649 apstuleris?
1144 1600 1206 1636 Ps.
1231 1597 1346 1647 uirgis
1363 1595 1528 1635 caedito.

313 1667 383 1705 sed
403 1666 499 1716 quid
519 1666 551 1705 si
570 1667 798 1717 apstulero?
855 1665 972 1703 SIMO.
1007 1664 1060 1702 do
1083 1664 1222 1702 Iouem
1244 1670 1383 1701 testem
1405 1661 1475 1700 tibi
1555 1676 1616 1698 1c0

313 1740 351 1771 te
371 1740 538 1771 aetatem
559 1732 707 1783 inpune
724 1730 960 1769 habiturum.
1012 1730 1075 1767 Ps.
1104 1727 1221 1766 facito
1238 1734 1279 1765 nt
1296 1726 1530 1766 memineris.

313 1800 430 1837 Smo.
462 1811 563 1848 egon
584 1805 625 1836 ut
646 1811 785 1836 cauere
805 1808 1014 1847 nequeam,
1037 1793 1131 1844 quoi
1152 1791 1416 1844 praedicitur?

313 1865 374 1903 Ps.
405 1863 588 1915 praedico
609 1871 651 1902 ut
672 1877 822 1902 caueas.
861 1862 962 1908 dico,
983 1860 1156 1910 inquam,
1176 1866 1217 1897 ut
1234 1871 1384 1896 caueaS.
1422 1871 1528 1896 caue.

249 1979 311 2010 495
337 1975 510 2009 peccatum
535 1974 586 2001 est
611 1970 704 2001 Simo
729 1967 794 2000 cod.
816 1978 821 1997 :
860 1966 932 1997 trat'.
958 1964 1059 1995 Bothe
1213 1972 1275 2002 497
1301 1966 1463 2001 peceatan
1493 1972 1531 1991 ea

205 2016 305 2045 sunt?
323 2013 426 2044 Bothe
556 2015 620 2053 498
645 2013 714 2044 nati
731 2010 855 2043 amoris
872 2014 905 2041 te
924 2012 1101 2048 expertem
1119 2006 1221 2037 Bothe
1237 2018 1244 2036 :
1269 2005 1338 2036 nati
1357 2009 1531 2044 expertem

205 2058 327 2088 amoris
353 2062 385 2088 te
403 2060 445 2095 (ἓ)
470 2056 557 2088 Leo:
580 2058 661 2097 sort.
690 2056 758 2087 nati
785 2053 904 2086 delend.
938 2056 975 2082 ut
992 2052 1106 2093 glossa
1258 2060 1321 2089 499
1347 2049 1377 2079 in
1408 2049 1534 2079 mundo

207 2105 343 2132 testatur
358 2101 528 2132 Charisius
537 2111 599 2132 201
615 2100 666 2140 (cf.
683 2110 712 2131 v.
724 2099 804 2139 500)
823 2110 830 2129 ι
855 2096 1050 2128 inmundum
1068 2093 1134 2125 cod.
1236 2094 1264 2124 si
1283 2093 1393 2123 dixem
1412 2092 1539 2122 Rilschl

209 2145 286 2183 quia
317 2145 461 2176 sciebam
494 2145 527 2175 in
562 2145 619 2183 (mi
653 2143 763 2184 Goetz)
785 2142 963 2182 pistrinum
992 2140 1025 2170 in
1057 2138 1182 2169 mundo
1210 2137 1279 2168 sore
1306 2136 1369 2166 cod.
1398 2135 1540 2166 Charisii

212 2189 394 2229 gmglegcns
409 2189 526 2227 citatio,
548 2192 584 2218 nt
599 2187 677 2227 vid.)
820 2195 880 2225 501
907 2184 988 2224 quin
1006 2181 1134 2213 Ritsclzl
1146 2193 1152 2212 :
1177 2190 1235 2211 eur
1259 2191 1323 2210 non
1351 2179 1416 2210 cod.
1436 2181 1482 2220 (v.
1505 2184 1534 2216 1)

210 2241 274 2270 502
298 2232 375 2271 quia
396 2232 476 2263 illud
493 2231 683 2262 Acidale'zrs:
709 2230 764 2270 qui
782 2229 873 2260 aliud
891 2227 956 2258 cocl.
973 2238 979 2257 z
1002 2227 1058 2257 vix
1072 2225 1149 2264 quia
1166 2225 1233 2255 al'rtl
1351 2233 1415 2262 503
1440 2227 1536 2253 erant

210 2275 349 2315 Pylades
366 2287 372 2306 :
397 2280 467 2306 erat
478 2275 544 2307 cod.
649 2275 712 2314 508
736 2273 833 2303 uiuos
850 2271 926 2302 add.
945 2269 1070 2300 Rt'tschl
1156 2268 1212 2298 vix
1230 2267 1368 2297 hercule
1473 2275 1535 2305 5¹0

211 2319 352 2349 exlidito
370 2319 496 2349 Ritsclel
595 2327 654 2355 511
681 2317 804 2357 CALL]
825 2316 924 2346 Slmo.
944 2313 1017 2343 [lul.
1033 2324 1040 2343 :
1064 2310 1226 2342 Pseudolo
1242 2310 1411 2340 continual
1423 2321 1449 2342 c.
1465 2322 1493 2340 e.
1507 2321 1532 2340 s.

209 2362 344 2402 Squffwt
476 2363 539 2400 516
560 2365 633 2401 pos!
649 2371 710 2400 5¹7
729 2360 857 2390 collocat
873 2358 987 2398 b’llgy
1119 2356 1183 2392 516
1207 2353 1413 2394 praedicitur
1437 2353 1509 2384 Ital.
1527 2363 1534 2383 :

209 2406 384 2445 praeditur
407 2405 473 2437 cod.
