1783 2707
152 135 223 171 IV.
242 133 288 170 iv
665 132 710 168 T.
746 129 925 168 MACCI
957 128 1161 166 PLAVTI

245 243 298 281 ita
319 250 360 280 ut
381 241 518 292 occepi
539 241 679 288 dicere,
704 240 812 279 illum
835 253 953 290 quem
975 240 1127 277 dudum
1148 236 1186 290 (e
1207 239 1300 276 fano
1320 234 1441 288 foras)
1601 237 1686 281 1065

246 310 430 347 lenonem
452 307 657 354 extrusisti,
680 305 744 344 hic
765 305 861 344 eiius
883 305 1062 342 uidulum
1085 303 1265 341 eccillum
1285 299 1437 354 (tenet).

250 375 326 412 GR.
360 387 439 411 non
470 373 608 411 habeo.
667 373 742 409 TR.
775 383 893 420 negas
924 370 1032 421 quod
1062 367 1186 406 oculis
1216 367 1364 405 uideo?
1431 367 1507 403 GR.
1540 371 1579 403 at

1219 445 1269 469 ne
1289 431 1424 469 uideas
1446 429 1576 467 uelim.

251 503 394 550 habeo,
414 516 493 540 non
515 502 643 540 habeo
661 518 666 540 :
698 500 792 550 quid
814 507 855 538 tu
877 512 940 537 me
961 511 1072 537 curas
1095 496 1190 548 quid
1212 510 1339 535 rerum
1361 496 1521 545 geram?

193 583 229 614 25
251 570 326 606 ΤΚ.
360 580 439 617 quo
461 567 580 604 modo
602 567 759 611 habeas,
782 564 823 603 id
843 565 971 611 refert,
991 563 1125 601 iurene
1145 575 1249 600 anne
1269 560 1417 599 iniuria.

253 634 328 672 GR.
370 632 410 669 ni
442 631 558 670 istum
598 630 695 680 cepi,
731 631 838 668 nulla
872 642 1009 667 caussa
1048 635 1106 666 est
1145 626 1240 677 quin
1279 639 1342 663 me
1377 625 1580 663 condones
1602 631 1692 667 1070

1452 689 1556 728 cruci
1572 704 1582 737 ,-

253 762 284 801 si
305 762 344 800 in
366 761 459 800 mari
482 761 576 800 retia
597 759 798 811 prehendi,
822 758 888 809 qui
910 766 1020 797 tuom
1041 757 1189 808 potiust
1210 770 1328 807 quam
1350 756 1512 794 meum?

253 830 328 867 TR.
362 828 482 866 uerba
502 828 579 865 dat.
640 827 715 864 hoe
740 826 861 864 modo
882 837 941 863 res
968 831 1076 874 gesta
1097 830 1155 861 est
1175 830 1217 860 ut
1245 835 1316 872 ego
1341 821 1445 860 dico.
1505 821 1582 858 GR.

1322 885 1418 936 quid
1438 892 1480 923 tu
1500 883 1585 922 ais?

255 962 330 998 TR.
363 960 471 1009 quod
492 956 695 1009 primarius
716 955 774 994 uir
795 955 922 994 dicat:
953 952 1170 1004 comprime
1191 953 1297 990 hunc
1319 951 1380 998 sis,
1406 950 1435 989 si
1457 956 1572 988 tuost.

196 1039 235 1070 30
257 1027 332 1064 GR.
362 1024 487 1074 quid?
517 1032 557 1061 tu
579 1022 683 1061 idem
706 1020 802 1059 mihi
823 1020 882 1058 uis
903 1019 984 1058 fieri
1006 1019 1114 1069 quod
1136 1032 1222 1056 erus
1244 1015 1449 1055 consueuit
1469 1015 1569 1053 tibi?

255 1090 286 1129 si
307 1090 371 1128 ille
392 1097 429 1127 te
450 1088 708 1138 comprimere
729 1086 893 1131 solitust,
918 1085 981 1123 hic
1003 1091 1135 1122 noster
1155 1096 1227 1121 nos
1249 1096 1329 1121 non
1350 1083 1459 1120 solet.
1608 1087 1697 1124 1075

258 1158 333 1194 DA.
364 1155 487 1193 uerbo
507 1154 574 1192 illo
595 1154 716 1192 modo
737 1152 801 1191 ille
823 1151 927 1190 uicit.
974 1150 1070 1200 quid
1092 1163 1197 1187 nunc
1219 1156 1259 1186 tu
1281 1147 1370 1186 uis?
1399 1146 1462 1186 dic
1478 1146 1586 1185 mihi.

256 1224 333 1260 TR.
364 1220 551 1271 equidem
572 1232 645 1269 ego
672 1231 802 1269 neque
823 1224 973 1268 partem
1000 1229 1123 1266 posco
1150 1214 1246 1252 mihi
1274 1213 1388 1252 istinc
1415 1214 1466 1251 de
1492 1212 1591 1250 istoc

1453 1278 1591 1316 uidulo

258 1366 388 1403 neque
427 1364 560 1390 meum
600 1363 685 1389 esse
730 1348 850 1388 hodie
889 1360 1079 1398 umquam
1118 1344 1197 1385 dixi
1212 1359 1222 1393 3
1269 1344 1339 1383 sed
1384 1342 1447 1382 isti
1491 1343 1592 1381 inest

1401 1408 1592 1447 cistellula

200 1496 240 1529 35
260 1483 390 1523 huiius
412 1481 593 1529 mulieris,
617 1494 734 1531 quarn
758 1480 908 1519 dudum
931 1477 1010 1517 dixi
1031 1477 1149 1516 fuisse
1169 1476 1344 1515 liberam.

263 1552 339 1588 DA.
372 1550 501 1599 nemp’
524 1555 564 1586 tu
585 1548 687 1585 hanc
709 1544 807 1585 dicis
832 1558 952 1595 quam
980 1557 1064 1582 esse
1091 1542 1224 1581 aiebas
1254 1541 1405 1580 dudum
1434 1540 1594 1589 popula-
1615 1538 1705 1572 1080

1332 1619 1413 1644 rem
1435 1605 1594 1642 meam?

261 1683 338 1719 TR.
369 1679 587 1718 admodum
604 1692 613 1725 3
643 1685 680 1717 et
701 1690 748 1716 ea
768 1689 868 1726 quae
890 1674 983 1713 olim
1005 1687 1126 1725 parua
1146 1671 1313 1723 gestauit
1335 1669 1551 1720 crepundia

261 1745 348 1784 istic
369 1745 407 1783 in
430 1745 502 1782 ista
523 1743 662 1782 cistula
682 1742 826 1789 insunt,
850 1754 951 1791 quae
971 1739 1059 1779 istic
1080 1739 1180 1778 inest
1201 1738 1241 1776 in
1262 1737 1409 1775 uidulo.

262 1814 339 1851 hoc
360 1825 489 1862 neque
510 1810 572 1849 isti
593 1817 703 1848 usust
724 1816 762 1847 et
782 1808 836 1846 illi
857 1807 1021 1846 miserae
1043 1804 1242 1856 suppetias
1264 1805 1370 1850 feret,

203 1891 245 1924 40
265 1878 296 1917 si
317 1878 357 1917 id
378 1876 529 1916 dederit
550 1875 618 1926 qui
638 1888 729 1914 suos
750 1880 932 1925 parentes
953 1878 1124 1922 quaerat.
1185 1872 1261 1908 DA.
1289 1867 1429 1907 faciam
1453 1874 1496 1905 ut
1516 1867 1593 1905 det.

1497 1939 1594 1969 tace.

267 2010 343 2048 GR.
377 2007 473 2046 nihil
505 2007 636 2045 hercle
658 2017 730 2055 ego
752 2017 838 2043 sum
860 2002 923 2041 isti
944 2003 1115 2041 daturus.
1176 1997 1382 2037 TR.*‘nihil
1403 2004 1495 2047 peto
1523 1995 1598 2033 nisi
1620 1998 1705 2042 1085

1418 2062 1597 2101 cistulam

265 2148 303 2180 et
341 2137 566 2190 crepundia.
646 2138 722 2175 GR.
761 2134 856 2186 quid
891 2133 923 2173 si
961 2147 1007 2173 ea
1045 2140 1137 2172 sunt
1174 2131 1319 2170 aurea?
1393 2131 1470 2166 TR.
1502 2126 1598 2177 quid

1383 2194 1482 2232 istuc
1503 2193 1598 2230 tua?

313 2311 395 2349 1065
417 2308 562 2349 sq.fi11es
576 2306 722 2338 mutilati
732 2305 765 2336 in
780 2304 843 2336 cod.
938 2305 1020 2343 1065
1043 2314 1061 2335 e
1079 2303 1158 2334 sano
1175 2302 1263 2333 foras
1276 2298 1381 2340 suppl.
1397 2296 1594 2335 Lambinus,

265 2353 393 2386 Scltoell
503 2353 586 2383 1066
610 2356 702 2381 tenet
719 2349 823 2390 suppl.
848 2348 982 2380 Gut'etus
1105 2347 1188 2385 1069
1211 2345 1259 2386 id]
1286 2343 1368 2374 illud
1388 2339 1599 2372 Camerarius

272 2409 348 2436 1071
377 2397 439 2428 reti
458 2395 668 2436 apprehendi
681 2394 774 2424 Jtal.:
791 2393 854 2424 reti
871 2392 1036 2433 prehendi
1051 2391 1120 2422 edd.
1141 2391 1192 2431 (cf.
1215 2388 1261 2419 ad
1273 2399 1300 2419 v.
1320 2386 1400 2428 900)
1517 2391 1597 2422 1075

268 2442 388 2473 solitus
405 2441 470 2472 cod.
630 2440 711 2469 1082
735 2437 784 2468 vel
800 2437 857 2468 Isti
946 2436 995 2467 vel
1009 2437 1093 2466 istac
1183 2433 1232 2464 vel
1247 2432 1300 2463 isti

978 2519 1000 2530 l
