1783 2707
161 139 227 175 lv.
252 138 296 173 iii
670 133 714 169 T.
749 131 929 169 MACCI
962 129 1165 166 PLAVTI

254 248 314 283 ST.
362 244 456 294 quid
492 242 520 279 si
561 255 633 291 ego
672 254 735 278 me
769 247 807 277 te.
847 241 947 277 uelle
987 240 1109 275 nolo?
1167 238 1243 275 CH.
1289 239 1363 274 aha
1397 236 1573 283 nimium,
1600 238 1689 272 1060

1189 301 1364 348 Stasime,
1389 300 1577 339 saeuiter!

253 379 314 415 ST.
352 387 480 413 emere
509 372 663 411 meliust
694 370 784 421 quoi
815 370 992 419 imperes.
1055 369 1132 407 CH.
1165 369 1230 417 pol
1258 380 1329 416 ego
1357 366 1433 405 emi
1460 374 1578 415 atque

1236 440 1437 482 argentum
1459 432 1578 479 dedi3

193 521 229 552 55
252 508 321 546 secl
349 506 379 544 si
408 518 487 543 non
515 504 623 542 dicto
649 502 814 541 audiens
842 508 909 547 est,
934 499 1030 549 quid
1059 500 1162 548 ago?
1219 499 1280 535 ST.
1314 498 1364 535 da
1391 509 1575 546 magnum

1415 563 1572 599 malum.

250 639 326 675 CH.
361 637 461 674 bene
487 647 636 680 mones,
660 633 712 670 ita
739 633 864 670 facere
893 637 1090 668 certumst.
1150 630 1212 667 ST.
1246 627 1319 665 nisi
1346 627 1507 677 quidem
1534 640 1575 664 es

1370 692 1573 730 obnoxius.

250 768 326 805 CH.
369 766 399 803 si
435 766 561 802 bonus
592 777 643 809 es,
667 761 860 799 obnoxius
891 773 1002 800 sum:
1042 759 1101 796 sin
1131 771 1243 796 secus
1272 771 1325 804 es,
1352 756 1490 794 faciam
1521 755 1575 793 uti

1358 826 1364 831 '
1452 821 1572 860 iubes.

249 899 310 935 ST.
343 896 439 946 quid
460 895 500 933 id
519 895 570 933 ad
594 907 657 931 me
677 891 827 936 attinet,
843 890 1011 928 bonisne
1032 888 1153 927 seruis
1174 895 1214 925 tu
1236 895 1344 925 utare
1364 900 1412 924 an
1436 886 1576 925 malis?
1600 894 1684 939 1065

250 963 326 1001 CH.
360 961 451 1011 quia
472 959 565 998 boni
588 958 759 1007 malique
787 956 825 994 in
853 969 898 993 ea
926 969 964 993 re
992 968 1078 1004 pars
1106 953 1175 992 tibi
1204 960 1271 991 est.
1332 953 1393 990 ST.
1426 959 1575 1001 partem

851 1059 855 1061 ,
1415 1018 1575 1054 alteram

187 1099 231 1130 60
250 1092 319 1131 tibi
337 1091 520 1142 permitto
539 1105 546 1131 ς
575 1089 681 1127 illam
697 1089 858 1126 alteram
875 1086 981 1136 apud
1000 1098 1072 1131 me,
1089 1084 1197 1133 quod
1215 1082 1357 1129 bonist,
1373 1081 1572 1131 apponito.

250 1159 326 1195 CH.
373 1158 404 1194 si
435 1155 508 1194 eris
539 1154 709 1200 merium,
737 1153 812 1190 fiet.
874 1150 1022 1200 respice
1053 1150 1128 1187 huc
1163 1149 1212 1186 ad
1248 1161 1321 1186 me.
1381 1160 1453 1196 ego
1489 1160 1574 1184 sum

1328 1211 1571 1251 Charmides

249 1291 310 1327 ST.
334 1289 425 1327 hem
442 1287 529 1337 quis
546 1293 603 1325 est
619 1285 686 1335 qui
704 1284 944 1323 mentionem
961 1283 1082 1319 homo
1099 1278 1270 1318 hominis
1286 1277 1378 1316 fecit
1394 1277 1575 1328 optumi?

248 1355 327 1392 CH.
371 1353 478 1403 ipsus
513 1353 634 1389 homo
673 1357 870 1400 optumus,
932 1348 994 1385 ST.
1037 1359 1153 1391 mare,
1190 1352 1299 1390 terra,
1333 1344 1497 1390 caelum,
1535 1343 1574 1381 di
1598 1354 1688 1389 1070

1237 1417 1409 1447 nostram
1431 1410 1549 1448 fidem
1569 1413 1575 1447 1

249 1484 348 1523 satin
378 1497 451 1534 ego
490 1482 613 1521 oculis
652 1483 769 1531 plane
803 1479 951 1518 uideo?
999 1484 1109 1516 estne
1144 1476 1250 1525 ipsus
1289 1489 1338 1513 an
1374 1488 1455 1513 non
1489 1477 1576 1514 est?

1452 1541 1483 1579 is
1505 1548 1572 1588 est,

188 1621 227 1664 65
248 1624 352 1655 certe
373 1616 403 1654 is
424 1622 492 1662 est,
517 1615 546 1652 is
568 1621 625 1652 est
646 1614 832 1663 profecto.
893 1624 916 1649 o
938 1611 991 1648 mi
1012 1623 1075 1648 ere
1096 1608 1414 1658 exoptatissume‚

248 1684 365 1721 salue.
426 1682 503 1721 CH.
541 1682 657 1726 salue,
682 1677 860 1717 Stasime.
919 1678 982 1715 ST.
1023 1677 1175 1714 saluom
1208 1676 1379 1714 te—CH.
1421 1674 1503 1713 scio
1537 1682 1575 1713 et

1351 1742 1469 1779 credo
1490 1740 1578 1779 tibi:

247 1814 316 1852 sed
338 1812 474 1850 omitte
494 1810 579 1857 alia,
603 1812 679 1848 hoc
701 1809 798 1847 mihi
819 1809 1038 1859 responde:
1068 1806 1179 1845 liberi
1200 1806 1296 1857 quid
1316 1814 1435 1856 agunt
1457 1805 1544 1851 mei,

248 1892 347 1929 quos
369 1877 505 1927 reliqui
527 1876 590 1915 hic
612 1876 734 1914 filium
756 1883 875 1925 atque
896 1873 1045 1912 filiam?
1094 1875 1156 1911 ST.
1190 1872 1340 1919 uiuont,
1364 1874 1507 1910 ualent.
1599 1882 1683 1919 1075

249 1946 326 1983 CH.
359 1956 502 1992 nempe
525 1943 716 1991 uterque?
774 1942 836 1978 ST.
870 1947 1043 1988 uterque.
1105 1939 1182 1977 CH.
1216 1937 1256 1976 di
1278 1951 1341 1975 me
1365 1938 1515 1975 saluom
1538 1944 1575 1974 et

1205 2009 1401 2041 seruatum
1424 2003 1573 2040 uolunt.

192 2089 230 2122 70
250 2082 378 2114 cetera
399 2075 502 2112 intus
524 2073 669 2111 otiosse
690 2071 951 2122 percontabor
973 2082 1073 2119 quae
1095 2070 1197 2107 uolo.

297 2181 381 2210 1060
405 2183 537 2218 egomet
555 2184 587 2209 te
606 2178 638 2207 P
746 2176 844 2215 uellet
863 2176 895 2206 A
1049 2176 1131 2206 1062
1155 2185 1192 2206 es
1209 2174 1242 2204 P
1342 2175 1383 2205 da
1400 2173 1574 2212 magnum]

251 2224 409 2254 damnum
428 2223 541 2259 P<vii‚
562 2233 592 2262 p.
615 2221 690 2260 104)
829 2222 908 2258 1064
934 2224 985 2250 est
1005 2219 1052 2249 bis
1071 2219 1257 2249 Lambrum
1358 2222 1393 2248 ut
1410 2227 1525 2248 mones
1542 2217 1575 2247 A

255 2269 333 2306 1067
359 2267 400 2297 ad
419 2277 471 2297 me
489 2266 520 2296 P
535 2266 631 2306 (fort.
653 2264 740 2295 recl&
880 2264 960 2294 1068
985 2263 1046 2294 fies
1063 2263 1096 2293 P
1174 2263 1214 2293 ad
1230 2272 1282 2292 me
1302 2261 1366 2292 huc
1384 2261 1417 2291 P
1493 2262 1577 2300 1069

251 2311 328 2342 facit
346 2311 447 2341 homo
464 2310 608 2340 hominis
627 2309 657 2339 P
791 2317 873 2346 1070
897 2307 1045 2337 hohomo
1063 2306 1095 2335 A
1233 2316 1310 2344 1071
1339 2305 1444 2336 oculis
1461 2315 1525 2343 ego
1542 2303 1575 2334 A

250 2354 359 2394 ipsus]
379 2355 432 2383 hic
451 2354 482 2382 A
644 2362 724 2390 1072
750 2352 777 2381 is
794 2356 843 2381 est
865 2351 1006 2380 alterum
1027 2361 1094 2379 0111.
1120 2349 1151 2379 A
1313 2359 1392 2387 1074
1417 2347 1579 2378 omittoP
