1731 2713
625 107 1026 148 MOSTELLARIA
1460 104 1488 140 I.
1512 101 1557 139 iii

165 226 230 277 Sc.
264 223 316 261 ita
343 230 382 260 tu
414 235 476 259 me
503 234 621 266 ames,
646 219 697 257 ita
729 218 976 256 Philolaches
1004 216 1082 254 tuo'
1105 214 1141 253 te
1169 222 1284 259 amet,
1309 223 1349 251 ut
1376 227 1494 251 uenu-
1517 229 1555 260 25

1360 286 1418 316 sta
1439 292 1491 316 es.

171 357 342 392 Pmror.
374 352 469 403 quid
499 351 566 398 ais,
598 351 791 389 scelesta?
829 362 908 399 quo
940 347 1060 386 modo
1089 344 1304 384 adiurasti?
1343 344 1395 382 ita
1424 357 1497 393 ego

1161 410 1274 449 istam
1295 422 1465 447 amarem
1481 409 1497 445 ?

170 485 265 535 quid
287 483 406 522 istae'c
428 497 502 530 me,
521 483 560 521 id
582 495 654 532 qur
674 495 753 519 non
775 479 954 519 additum
976 479 1063 516 est?
1093 476 1236 514 insecta
1257 477 1362 514 dona
1383 473 1494 512 facio.

88 554 149 597 185
171 549 315 600 periisti
333 565 339 587 :
370 549 478 599 quod
499 547 753 598 promiseram
775 544 845 582 tibi
866 545 974 582 dono
994 541 1209 592 perdidisti.

172 617 234 654 Sc.
267 613 451 664 equidem
482 613 548 663 pol
576 611 694 649 miror
719 617 798 648 tam
826 616 965 654 catam,
989 615 1068 645 tam
1093 607 1251 645 doctam
1281 612 1317 644 te
1338 612 1376 643 et
1397 604 1499 643 bene

1313 670 1498 709 eductam

172 758 277 783 nunc
317 744 474 782 stultam
506 743 623 780 stulte
652 742 788 779 facere.
848 740 1029 776 PfflLEM.
1063 735 1158 786 quin
1190 748 1308 774 mone
1338 732 1496 784 quaeso,
1522 746 1562 776 30

1231 799 1262 837 si
1283 798 1380 849 quid
1401 812 1496 837 erro.

173 877 235 915 Sc.
268 883 308 913 tu
326 881 477 913 ecastor
493 885 595 911 erras
609 884 710 922 quae
724 860 885 920 quidem
900 868 1009 906 illum
1027 873 1229 917 exspectes
1244 878 1367 903 unum
1383 871 1502 913 atque

1431 926 1503 966 >illi

175 1019 324 1044 morem
345 1003 554 1055 praecipue
575 1002 630 1041 sic
650 1015 758 1052 geras
779 1008 897 1050 atque
917 999 1014 1037 alios
1034 995 1261 1048 asperneris.

92 1082 157 1118 190
175 1078 387 1117 matronae,
410 1083 492 1108 non
513 1066 775 1106 meretricium
796 1074 854 1104 est
875 1077 998 1103 unum
1018 1062 1205 1101 inseruire
1226 1067 1436 1100 amantem.

177 1138 349 1174 PHILOL.
380 1148 452 1185 pro
487 1132 686 1184 Iuppiter!
728 1144 819 1169 nam
851 1130 959 1180 quod
994 1129 1141 1167 malum
1176 1134 1354 1166 uorsatur
1392 1138 1503 1163 meae

1247 1191 1357 1231 domi
1378 1190 1474 1229 illud
1487 1192 1505 1228 ?

177 1266 217 1306 di
237 1267 415 1316 deaeque
435 1278 574 1304 omnes
596 1278 659 1303 me
678 1261 871 1314 pessumis
894 1259 1083 1310 exemplis
1105 1257 1352 1303 interficiant,
1527 1274 1568 1307 35

177 1331 251 1370 nisi
271 1345 344 1382 ego
365 1331 470 1369 illam
491 1343 611 1368 anum
633 1329 863 1367 interfecero
884 1325 946 1365 siti
968 1327 1151 1375 fameque
1171 1331 1290 1373 atque
1310 1324 1410 1373 algu.

179 1399 361 1435 PHILEM.
392 1397 486 1434 nolo
516 1408 588 1445 ego
616 1392 712 1432 mihi
739 1394 840 1431 male
868 1400 916 1438 te,
949 1390 1115 1441 Scapha,
1146 1388 1381 1440 praecipere.
1441 1388 1503 1425 Sc.

1193 1455 1310 1493 stulta
1330 1467 1371 1492 es
1391 1454 1508 1503 plane

97 1539 158 1576 195
180 1540 281 1578 quae
298 1527 407 1565 illum
421 1525 492 1564 tibi
508 1532 709 1564 aeternum
727 1531 840 1574 putes
855 1524 936 1561 fore
948 1521 1120 1559 amicum
1138 1527 1175 1558 et
1188 1520 1506 1558 beneuolentem.

180 1605 326 1631 moneo
346 1605 420 1642 ego
440 1599 477 1629 te
494 1607 500 1629 z
531 1598 569 1628 te
589 1590 653 1628 ille
674 1591 827 1628 deseret
846 1595 974 1626 aetate
995 1594 1032 1625 et
1054 1585 1241 1624 satietate.

182 1659 362 1696 PmLEM.
395 1669 476 1695 non
515 1668 638 1705 spero.
700 1655 763 1692 Sc.
795 1652 991 1702 insperata
1024 1650 1211 1689 accidunt
1245 1648 1357 1699 magi'
1392 1660 1509 1698 saepe
1528 1665 1570 1698 40

1103 1728 1222 1766 quam
1243 1727 1344 1764 quae
1365 1726 1507 1764 speres.

183 1795 394 1838 postremo,
417 1786 448 1824 si
469 1785 584 1824 dictis
605 1783 744 1834 nequis
766 1781 928 1834 perduci
949 1789 991 1820 ut
1012 1794 1104 1820 uera
1125 1781 1223 1818 haec
1243 1780 1379 1818 credas

186 1866 273 1892 mea
293 1852 408 1899 dicta,
431 1865 478 1890 ex
507 1849 617 1889 sactis
647 1862 767 1888 nosce
797 1861 890 1887 rem.
950 1846 1062 1885 uides
1089 1844 1190 1896 quae
1217 1844 1290 1883 sim
1348 1851 1386 1883 et
1412 1856 1513 1894 quae

1325 1909 1379 1947 fui
1399 1916 1501 1948 ante.

99 1994 168 2019 200
186 1983 310 2022 nihilo
331 1996 404 2032 ego
424 1995 543 2032 quam
564 1994 670 2020 nunc
691 1988 732 2018 tu
791 1992 809 2012 >:<
870 1993 888 2014 21<
948 1991 966 2011 ›1‹
1027 1990 1045 2011 *
1106 1990 1124 2011 21<
1184 1989 1203 2009 κε
1264 1990 1282 2011 *
1342 1988 1360 2009 *

232 2089 292 2128 184
317 2098 396 2119 cura
412 2086 478 2118 cod.
500 2089 591 2128 (corr.
616 2084 676 2126 13⁴2)
787 2085 846 2123 185
870 2083 958 2114 dona
980 2081 1045 2112 cod.
1069 2082 1160 2119 (corr.
1181 2079 1265 2119 35:
1291 2079 1370 2110 doni
1391 2078 1429 2118 (ἓ)
1449 2076 1515 2108 Leo

190 2133 252 2164 186
274 2136 382 2163 catam
399 2130 503 2162 Pius:
527 2134 659 2169 captam
677 2127 742 2160 cod.
856 2126 1004 2166 doctam]
1023 2124 1168 2156 docilem
1184 2123 1251 2154 Leo
1361 2122 1513 2153 eductam

192 2176 420 2208 Camerarius:
446 2171 577 2205 doct'am
605 2172 671 2203 cod.
829 2172 888 2210 187
912 2180 1002 2201 nunc
1029 2168 1152 2200 Bothe:
1185 2178 1252 2198 non
1285 2165 1350 2197 cod.
1381 2165 1448 2205 (vii.
1479 2164 1514 2203 2)

190 2219 327 2251 stultam
342 2218 406 2249 B‘2:
429 2222 481 2248 sta
497 2218 506 2247 i
524 2222 592 2248 tam
608 2216 674 2247 cod.
695 2216 727 2246 “a
739 2220 801 2256 pro
818 2225 838 2245 u
854 2226 861 2253 ;
885 2214 927 2244 vi.
953 2215 981 2253 ι)
1144 2212 1204 2250 189
1229 2219 1431 2250 asperneres
1448 2207 1513 2239 cod.

193 2264 268 2302 (-ris
283 2263 344 2303 3²)
366 2263 460 2304 (3pro
487 2263 553 2297 we)
690 2269 748 2299 191
775 2258 864 2290 domi
891 2256 971 2288 illud
998 2256 1228 2287 Camerarius:
1254 2253 1425 2284 domillum
1450 2251 1517 2282 cod.

194 2315 255 2346 192
278 2316 332 2337 me
345 2315 463 2337 omnes
476 2303 612 2343 Ritschl,
630 2303 682 2334 cus·
696 2305 815 2334 omnes
833 2311 886 2332 me
903 2299 1045 2341 displicet
1196 2309 1254 2337 194
1279 2298 1344 2328 mei
1356 2296 1423 2327 cod.
1442 2308 1446 2328 ι,
1456 2300 1518 2336 pro

191 2350 283 2382 mebi
300 2349 348 2381 vel
361 2348 482 2387 mehei‚
501 2348 640 2387 antiqua
646 2347 778 2386 forma)
945 2353 1006 2383 195
1031 2347 1130 2383 putas
1146 2340 1220 2372 PCD
1387 2349 1446 2379 197
1472 2338 1520 2370 vel

191 2402 288 2433 mage
421 2401 483 2431 199
505 2395 539 2422 et
555 2390 658 2431 quae]
665 2390 746 2429 sort.
766 2388 858 2428 atqui
