<?xml version="1.0" encoding="UTF-8"?>
<!DOCTYPE html PUBLIC "-//W3C//DTD XHTML 1.0 Transitional//EN"
    "http://www.w3.org/TR/xhtml1/DTD/xhtml1-transitional.dtd">
<html xmlns="http://www.w3.org/1999/xhtml" xml:lang="en" lang="en">
 <head>
  <title>
</title>
<meta http-equiv="Content-Type" content="text/html;charset=utf-8" />
  <meta name='ocr-system' content='tesseract 3.04.00' />
  <meta name='ocr-capabilities' content='ocr_page ocr_carea ocr_par ocr_line ocrx_word'/>
</head>
<body>
  <div class='ocr_page' id='page_1' title='image "./tmacciplauticomo02plauuoft_0222.png"; bbox 0 0 1783 2707; ppageno 0'>
   <div class='ocr_carea' id='block_1_1' title="bbox 198 148 1165 190">
    <p class='ocr_par' dir='ltr' id='par_1_1' title="bbox 198 148 1165 190">
     <span class='ocr_line' id='line_1_1' title="bbox 198 148 1165 190; baseline 0.005 -6"><span class='ocrx_word' id='word_1_1' title='bbox 198 149 226 185; x_wconf 89' lang='lat' dir='ltr'>I.</span> <span class='ocrx_word' id='word_1_2' title='bbox 249 148 278 184; x_wconf 92' lang='lat' dir='ltr'>ii</span> <span class='ocrx_word' id='word_1_3' title='bbox 671 152 715 187; x_wconf 93' lang='lat' dir='ltr'>T.</span> <span class='ocrx_word' id='word_1_4' title='bbox 751 151 930 190; x_wconf 83' lang='lat' dir='ltr'>MACCI</span> <span class='ocrx_word' id='word_1_5' title='bbox 963 152 1165 189; x_wconf 88' lang='lat' dir='ltr'><strong>PLAVTI</strong></span> 
     </span>
    </p>
   </div>
   <div class='ocr_carea' id='block_1_2' title="bbox 156 259 1659 2428">
    <p class='ocr_par' dir='ltr' id='par_1_2' title="bbox 156 259 1659 2428">
     <span class='ocr_line' id='line_1_2' title="bbox 247 259 1658 313; baseline 0.004 -16"><span class='ocrx_word' id='word_1_6' title='bbox 247 260 321 297; x_wconf 83' lang='lat' dir='ltr'>AG.</span> <span class='ocrx_word' id='word_1_7' title='bbox 354 259 431 298; x_wconf 84' lang='lat' dir='ltr'>iam</span> <span class='ocrx_word' id='word_1_8' title='bbox 458 262 588 299; x_wconf 85' lang='lat' dir='ltr'>hercle</span> <span class='ocrx_word' id='word_1_9' title='bbox 616 269 655 299; x_wconf 83' lang='lat' dir='ltr'>tu</span> <span class='ocrx_word' id='word_1_10' title='bbox 682 261 839 311; x_wconf 86' lang='lat' dir='ltr'>periisti,</span> <span class='ocrx_word' id='word_1_11' title='bbox 863 261 936 300; x_wconf 85' lang='lat' dir='ltr'>nisi</span> <span class='ocrx_word' id='word_1_12' title='bbox 958 262 1062 300; x_wconf 88' lang='lat' dir='ltr'>illam</span> <span class='ocrx_word' id='word_1_13' title='bbox 1092 262 1186 300; x_wconf 88' lang='lat' dir='ltr'>mihi</span> <span class='ocrx_word' id='word_1_14' title='bbox 1215 271 1294 301; x_wconf 85' lang='lat' dir='ltr'>tam</span> <span class='ocrx_word' id='word_1_15' title='bbox 1324 263 1573 313; x_wconf 78' lang='lat' dir='ltr'>tranquillam</span> <span class='ocrx_word' id='word_1_16' title='bbox 1593 275 1658 313; x_wconf 79' lang='grc'><strong>355</strong></span> 
     </span>
     <span class='ocr_line' id='line_1_3' title="bbox 1480 329 1573 368; baseline 0 -1"><span class='ocrx_word' id='word_1_17' title='bbox 1480 329 1573 368; x_wconf 80' lang='lat' dir='ltr'>facis</span> 
     </span>
     <span class='ocr_line' id='line_1_4' title="bbox 245 391 1445 443; baseline 0.003 -15"><span class='ocrx_word' id='word_1_18' title='bbox 245 405 362 440; x_wconf 80' lang='lat' dir='ltr'>quam</span> <span class='ocrx_word' id='word_1_19' title='bbox 386 405 490 430; x_wconf 88' lang='lat' dir='ltr'>mare</span> <span class='ocrx_word' id='word_1_20' title='bbox 511 391 642 430; x_wconf 81' lang='lat' dir='ltr'>olimst</span> <span class='ocrx_word' id='word_1_21' title='bbox 663 393 785 442; x_wconf 77' lang='lat' dir='ltr'>quom</span> <span class='ocrx_word' id='word_1_22' title='bbox 807 392 860 431; x_wconf 92' lang='lat' dir='ltr'>ibi</span> <span class='ocrx_word' id='word_1_23' title='bbox 881 394 1020 432; x_wconf 90' lang='lat' dir='ltr'>alcedo</span> <span class='ocrx_word' id='word_1_24' title='bbox 1042 395 1168 443; x_wconf 82' lang='lat' dir='ltr'>pullos</span> <span class='ocrx_word' id='word_1_25' title='bbox 1191 394 1322 432; x_wconf 78' lang='lat' dir='ltr'><strong>educit</strong></span> <span class='ocrx_word' id='word_1_26' title='bbox 1344 407 1445 432; x_wconf 84' lang='lat' dir='ltr'>suos.</span> 
     </span>
     <span class='ocr_line' id='line_1_5' title="bbox 164 456 1574 508; baseline 0 -12"><span class='ocrx_word' id='word_1_27' title='bbox 164 474 224 506; x_wconf 84' lang='lat'>150</span> <span class='ocrx_word' id='word_1_28' title='bbox 247 459 319 494; x_wconf 82' lang='lat' dir='ltr'>M1.</span> <span class='ocrx_word' id='word_1_29' title='bbox 352 456 447 507; x_wconf 80' lang='lat' dir='ltr'>quid</span> <span class='ocrx_word' id='word_1_30' title='bbox 472 457 645 495; x_wconf 80' lang='lat' dir='ltr'>faciam?</span> <span class='ocrx_word' id='word_1_31' title='bbox 702 460 778 496; x_wconf 71' lang='lat' dir='ltr'>Ao.</span> <span class='ocrx_word' id='word_1_32' title='bbox 809 472 935 505; x_wconf 85' lang='lat' dir='ltr'>exora,</span> <span class='ocrx_word' id='word_1_33' title='bbox 966 458 1154 505; x_wconf 86' lang='lat' dir='ltr'>blandire,</span> <span class='ocrx_word' id='word_1_34' title='bbox 1178 460 1351 508; x_wconf 77' lang='lat' dir='ltr'>expalpa.</span> <span class='ocrx_word' id='word_1_35' title='bbox 1416 460 1487 496; x_wconf 81' lang='lat' dir='ltr'>M1.</span> <span class='ocrx_word' id='word_1_36' title='bbox 1524 459 1574 496; x_wconf 89' lang='lat' dir='ltr'>fa-</span> 
     </span>
     <span class='ocr_line' id='line_1_6' title="bbox 1299 523 1570 563; baseline 0.004 -2"><span class='ocrx_word' id='word_1_37' title='bbox 1299 523 1399 562; x_wconf 83' lang='lat' dir='ltr'>ciam</span> <span class='ocrx_word' id='word_1_38' title='bbox 1422 525 1570 563; x_wconf 85' lang='lat' dir='ltr'>sedulo.</span> 
     </span>
     <span class='ocr_line' id='line_1_7' title="bbox 243 587 1456 639; baseline 0.002 -14"><span class='ocrx_word' id='word_1_39' title='bbox 243 588 312 625; x_wconf 81' lang='lat' dir='ltr'>sed</span> <span class='ocrx_word' id='word_1_40' title='bbox 335 588 427 626; x_wconf 63' lang='lat' dir='ltr'>ussde</span> <span class='ocrx_word' id='word_1_41' title='bbox 448 587 498 626; x_wconf 85' lang='grc'>515</span> <span class='ocrx_word' id='word_1_42' title='bbox 521 601 569 626; x_wconf 84' lang='grc'>116</span> <span class='ocrx_word' id='word_1_43' title='bbox 591 595 631 626; x_wconf 90' lang='lat' dir='ltr'>tu</span> <span class='ocrx_word' id='word_1_44' title='bbox 653 595 846 627; x_wconf 87' lang='lat' dir='ltr'>oratorem</span> <span class='ocrx_word' id='word_1_45' title='bbox 869 589 975 627; x_wconf 88' lang='lat' dir='ltr'>hunc</span> <span class='ocrx_word' id='word_1_46' title='bbox 996 588 1135 639; x_wconf 83' lang='lat' dir='ltr'>pugnis</span> <span class='ocrx_word' id='word_1_47' title='bbox 1157 596 1289 639; x_wconf 87' lang='lat' dir='ltr'>pectas</span> <span class='ocrx_word' id='word_1_48' title='bbox 1311 596 1456 639; x_wconf 88' lang='lat' dir='ltr'>postea.</span> 
     </span>
     <span class='ocr_line' id='line_1_8' title="bbox 243 653 1572 703; baseline 0.002 -14"><span class='ocrx_word' id='word_1_49' title='bbox 243 654 317 690; x_wconf 57' lang='lat' dir='ltr'>Aa.</span> <span class='ocrx_word' id='word_1_50' title='bbox 350 666 430 690; x_wconf 87' lang='lat' dir='ltr'>non</span> <span class='ocrx_word' id='word_1_51' title='bbox 461 653 612 691; x_wconf 87' lang='lat' dir='ltr'>faciam.</span> <span class='ocrx_word' id='word_1_52' title='bbox 685 655 788 691; x_wconf 73' lang='grc' dir='ltr'><strong>ΑΒΕ.</strong></span> <span class='ocrx_word' id='word_1_53' title='bbox 822 667 901 691; x_wconf 88' lang='grc'><strong>11011</strong></span> <span class='ocrx_word' id='word_1_54' title='bbox 929 667 1077 703; x_wconf 85' lang='lat' dir='ltr'>aequos</span> <span class='ocrx_word' id='word_1_55' title='bbox 1099 653 1138 691; x_wconf 89' lang='lat' dir='ltr'>in</span> <span class='ocrx_word' id='word_1_56' title='bbox 1160 667 1222 692; x_wconf 90' lang='lat' dir='ltr'>me</span> <span class='ocrx_word' id='word_1_57' title='bbox 1247 667 1298 701; x_wconf 88' lang='lat' dir='ltr'>es,</span> <span class='ocrx_word' id='word_1_58' title='bbox 1323 655 1391 692; x_wconf 84' lang='lat' dir='ltr'>sed</span> <span class='ocrx_word' id='word_1_59' title='bbox 1423 667 1572 693; x_wconf 82' lang='lat' dir='ltr'>morare</span> 
     </span>
     <span class='ocr_line' id='line_1_9' title="bbox 1283 719 1568 758; baseline 0.007 -2"><span class='ocrx_word' id='word_1_60' title='bbox 1283 726 1320 757; x_wconf 88' lang='lat' dir='ltr'>et</span> <span class='ocrx_word' id='word_1_61' title='bbox 1342 721 1443 757; x_wconf 87' lang='lat' dir='ltr'>male</span> <span class='ocrx_word' id='word_1_62' title='bbox 1464 719 1568 758; x_wconf 87' lang='lat' dir='ltr'>facis.</span> 
     </span>
     <span class='ocr_line' id='line_1_10' title="bbox 242 783 1659 833; baseline 0.004 -14"><span class='ocrx_word' id='word_1_63' title='bbox 242 783 342 821; x_wconf 88' lang='lat' dir='ltr'>bene</span> <span class='ocrx_word' id='word_1_64' title='bbox 364 783 557 833; x_wconf 81' lang='lat' dir='ltr'>promittis</span> <span class='ocrx_word' id='word_1_65' title='bbox 580 785 702 821; x_wconf 89' lang='lat' dir='ltr'>multa</span> <span class='ocrx_word' id='word_1_66' title='bbox 722 798 767 821; x_wconf 78' lang='lat' dir='ltr'>ex</span> <span class='ocrx_word' id='word_1_67' title='bbox 790 783 944 822; x_wconf 78' lang='lat' dir='ltr'>multis:</span> <span class='ocrx_word' id='word_1_68' title='bbox 976 784 1109 823; x_wconf 82' lang='lat' dir='ltr'>onmia</span> <span class='ocrx_word' id='word_1_69' title='bbox 1130 783 1325 822; x_wconf 81' lang='lat' dir='ltr'>incassum</span> <span class='ocrx_word' id='word_1_70' title='bbox 1348 785 1504 823; x_wconf 87' lang='lat' dir='ltr'>cadunt.</span> <span class='ocrx_word' id='word_1_71' title='bbox 1591 790 1659 833; x_wconf 86' lang='lat'>360</span> 
     </span>
     <span class='ocr_line' id='line_1_11' title="bbox 240 848 1237 887; baseline 0.002 -2"><span class='ocrx_word' id='word_1_72' title='bbox 240 848 403 886; x_wconf 83' lang='lat' dir='ltr'>liberare</span> <span class='ocrx_word' id='word_1_73' title='bbox 424 848 597 886; x_wconf 86' lang='lat' dir='ltr'>iurauisti</span> <span class='ocrx_word' id='word_1_74' title='bbox 620 862 683 887; x_wconf 87' lang='lat' dir='ltr'>me</span> <span class='ocrx_word' id='word_1_75' title='bbox 704 850 780 886; x_wconf 90' lang='lat' dir='ltr'>hau</span> <span class='ocrx_word' id='word_1_76' title='bbox 802 851 923 887; x_wconf 81' lang='lat' dir='ltr'>semel</span> <span class='ocrx_word' id='word_1_77' title='bbox 945 850 1014 887; x_wconf 88' lang='lat' dir='ltr'>sed</span> <span class='ocrx_word' id='word_1_78' title='bbox 1035 849 1210 887; x_wconf 77' lang='lat' dir='ltr'>centiens</span> <span class='ocrx_word' id='word_1_79' title='bbox 1231 865 1237 886; x_wconf 91' lang='lat'>:</span> 
     </span>
     <span class='ocr_line' id='line_1_12' title="bbox 160 914 1568 964; baseline 0.001 -14"><span class='ocrx_word' id='word_1_80' title='bbox 160 926 220 960; x_wconf 86' lang='lat'>155</span> <span class='ocrx_word' id='word_1_81' title='bbox 241 914 338 951; x_wconf 89' lang='lat' dir='ltr'>dum</span> <span class='ocrx_word' id='word_1_82' title='bbox 373 920 410 951; x_wconf 89' lang='lat' dir='ltr'>te</span> <span class='ocrx_word' id='word_1_83' title='bbox 444 921 640 963; x_wconf 83' lang='lat' dir='ltr'>exspecto,</span> <span class='ocrx_word' id='word_1_84' title='bbox 673 927 802 963; x_wconf 86' lang='lat' dir='ltr'>neque</span> <span class='ocrx_word' id='word_1_85' title='bbox 837 927 909 963; x_wconf 81' lang='lat' dir='ltr'>ego</span> <span class='ocrx_word' id='word_1_86' title='bbox 945 927 1110 963; x_wconf 80' lang='lat' dir='ltr'>usquam</span> <span class='ocrx_word' id='word_1_87' title='bbox 1145 914 1260 952; x_wconf 85' lang='lat' dir='ltr'>aliam</span> <span class='ocrx_word' id='word_1_88' title='bbox 1302 914 1397 952; x_wconf 90' lang='lat' dir='ltr'>mihi</span> <span class='ocrx_word' id='word_1_89' title='bbox 1436 915 1568 964; x_wconf 83' lang='lat' dir='ltr'>paraui</span> 
     </span>
     <span class='ocr_line' id='line_1_13' title="bbox 706 980 1569 1030; baseline -0.001 -12"><span class='ocrx_word' id='word_1_90' title='bbox 706 987 708 989; x_wconf 83' lang='lat'>&#39;</span> <span class='ocrx_word' id='word_1_91' title='bbox 1415 980 1569 1030; x_wconf 88' lang='lat' dir='ltr'>copiam</span> 
     </span>
     <span class='ocr_line' id='line_1_14' title="bbox 241 1043 1548 1094; baseline 0.001 -13"><span class='ocrx_word' id='word_1_92' title='bbox 241 1057 369 1093; x_wconf 74' lang='lat' dir='ltr'>neque</span> <span class='ocrx_word' id='word_1_93' title='bbox 391 1043 489 1082; x_wconf 82' lang='lat' dir='ltr'>istuc</span> <span class='ocrx_word' id='word_1_94' title='bbox 511 1057 677 1094; x_wconf 81' lang='lat' dir='ltr'>usquam</span> <span class='ocrx_word' id='word_1_95' title='bbox 697 1051 858 1094; x_wconf 83' lang='lat' dir='ltr'>apparet</span> <span class='ocrx_word' id='word_1_96' title='bbox 876 1059 882 1089; x_wconf 78' lang='lat'><em>3</em></span> <span class='ocrx_word' id='word_1_97' title='bbox 917 1043 969 1082; x_wconf 89' lang='lat' dir='ltr'>ita</span> <span class='ocrx_word' id='word_1_98' title='bbox 990 1058 1094 1083; x_wconf 90' lang='lat' dir='ltr'>nunc</span> <span class='ocrx_word' id='word_1_99' title='bbox 1116 1044 1243 1083; x_wconf 84' lang='lat' dir='ltr'>seruio</span> <span class='ocrx_word' id='word_1_100' title='bbox 1265 1045 1388 1083; x_wconf 84' lang='lat' dir='ltr'>nihilo</span> <span class='ocrx_word' id='word_1_101' title='bbox 1409 1044 1548 1084; x_wconf 88' lang='lat' dir='ltr'>minus.</span> 
     </span>
     <span class='ocr_line' id='line_1_15' title="bbox 241 1109 1570 1161; baseline 0.002 -15"><span class='ocrx_word' id='word_1_102' title='bbox 241 1109 262 1155; x_wconf 87' lang='lat' dir='ltr'>i,</span> <span class='ocrx_word' id='word_1_103' title='bbox 286 1123 402 1147; x_wconf 74' lang='lat' dir='ltr'>soror.</span> <span class='ocrx_word' id='word_1_104' title='bbox 458 1111 628 1159; x_wconf 75' lang='lat' dir='ltr'><strong>apscede</strong></span> <span class='ocrx_word' id='word_1_105' title='bbox 645 1117 685 1147; x_wconf 90' lang='lat' dir='ltr'>tu</span> <span class='ocrx_word' id='word_1_106' title='bbox 702 1123 724 1147; x_wconf 87' lang='lat' dir='ltr'>a</span> <span class='ocrx_word' id='word_1_107' title='bbox 741 1123 812 1148; x_wconf 90' lang='lat' dir='ltr'>me.</span> <span class='ocrx_word' id='word_1_108' title='bbox 870 1112 943 1147; x_wconf 70' lang='lat' dir='ltr'>AG.</span> <span class='ocrx_word' id='word_1_109' title='bbox 967 1109 1062 1160; x_wconf 86' lang='lat' dir='ltr'>perii</span> <span class='ocrx_word' id='word_1_110' title='bbox 1081 1113 1086 1147; x_wconf 73' lang='lat'>1</span> <span class='ocrx_word' id='word_1_111' title='bbox 1126 1110 1270 1160; x_wconf 81' lang='lat' dir='ltr'>ecquid</span> <span class='ocrx_word' id='word_1_112' title='bbox 1282 1110 1349 1157; x_wconf 86' lang='lat' dir='ltr'>ais,</span> <span class='ocrx_word' id='word_1_113' title='bbox 1370 1110 1570 1161; x_wconf 84' lang='lat' dir='ltr'>Milphio?</span> 
     </span>
     <span class='ocr_line' id='line_1_16' title="bbox 242 1174 1655 1225; baseline 0.003 -15"><span class='ocrx_word' id='word_1_114' title='bbox 242 1175 312 1211; x_wconf 75' lang='lat' dir='ltr'>Mi.</span> <span class='ocrx_word' id='word_1_115' title='bbox 347 1187 433 1212; x_wconf 87' lang='lat' dir='ltr'>mea</span> <span class='ocrx_word' id='word_1_116' title='bbox 454 1175 647 1224; x_wconf 87' lang='lat' dir='ltr'>uoluptas,</span> <span class='ocrx_word' id='word_1_117' title='bbox 672 1187 759 1213; x_wconf 88' lang='lat' dir='ltr'>mea</span> <span class='ocrx_word' id='word_1_118' title='bbox 778 1174 930 1221; x_wconf 87' lang='lat' dir='ltr'>delicia,</span> <span class='ocrx_word' id='word_1_119' title='bbox 955 1188 1041 1213; x_wconf 90' lang='lat' dir='ltr'>mea</span> <span class='ocrx_word' id='word_1_120' title='bbox 1062 1174 1153 1222; x_wconf 81' lang='lat' dir='ltr'>uita,</span> <span class='ocrx_word' id='word_1_121' title='bbox 1177 1188 1265 1213; x_wconf 90' lang='lat' dir='ltr'>mea</span> <span class='ocrx_word' id='word_1_122' title='bbox 1284 1175 1512 1222; x_wconf 76' lang='lat' dir='ltr'>amoenitas,</span> <span class='ocrx_word' id='word_1_123' title='bbox 1590 1180 1655 1225; x_wconf 84' lang='lat'>365</span> 
     </span>
     <span class='ocr_line' id='line_1_17' title="bbox 241 1240 1494 1288; baseline 0.002 -12"><span class='ocrx_word' id='word_1_124' title='bbox 241 1253 350 1277; x_wconf 82' lang='lat' dir='ltr'>meus</span> <span class='ocrx_word' id='word_1_125' title='bbox 371 1241 530 1286; x_wconf 87' lang='lat' dir='ltr'>ocellus,</span> <span class='ocrx_word' id='word_1_126' title='bbox 554 1253 686 1278; x_wconf 90' lang='lat' dir='ltr'>meum</span> <span class='ocrx_word' id='word_1_127' title='bbox 709 1240 907 1288; x_wconf 91' lang='lat' dir='ltr'>labellum,</span> <span class='ocrx_word' id='word_1_128' title='bbox 931 1253 1018 1278; x_wconf 89' lang='lat' dir='ltr'>mea</span> <span class='ocrx_word' id='word_1_129' title='bbox 1039 1241 1154 1287; x_wconf 84' lang='lat' dir='ltr'>salus,</span> <span class='ocrx_word' id='word_1_130' title='bbox 1178 1253 1309 1278; x_wconf 90' lang='lat' dir='ltr'>meum</span> <span class='ocrx_word' id='word_1_131' title='bbox 1332 1240 1494 1287; x_wconf 79' lang='lat' dir='ltr'>sanium,</span> 
     </span>
     <span class='ocr_line' id='line_1_18' title="bbox 158 1306 1569 1355; baseline 0.001 -12"><span class='ocrx_word' id='word_1_132' title='bbox 158 1314 218 1344; x_wconf 82' lang='lat'>160</span> <span class='ocrx_word' id='word_1_133' title='bbox 240 1320 372 1345; x_wconf 90' lang='lat' dir='ltr'>meum</span> <span class='ocrx_word' id='word_1_134' title='bbox 418 1308 505 1354; x_wconf 80' lang='lat' dir='ltr'>mel,</span> <span class='ocrx_word' id='word_1_135' title='bbox 550 1320 682 1345; x_wconf 88' lang='lat' dir='ltr'>meum</span> <span class='ocrx_word' id='word_1_136' title='bbox 724 1321 801 1355; x_wconf 90' lang='lat' dir='ltr'>cor,</span> <span class='ocrx_word' id='word_1_137' title='bbox 839 1321 926 1345; x_wconf 90' lang='lat' dir='ltr'>mea</span> <span class='ocrx_word' id='word_1_138' title='bbox 980 1309 1163 1353; x_wconf 78' lang='lat' dir='ltr'>colustra,</span> <span class='ocrx_word' id='word_1_139' title='bbox 1205 1308 1306 1345; x_wconf 88' lang='lat' dir='ltr'>meu&#39;</span> <span class='ocrx_word' id='word_1_140' title='bbox 1348 1306 1569 1345; x_wconf 84' lang='lat' dir='ltr'>molliculus</span> 
     </span>
     <span class='ocr_line' id='line_1_19' title="bbox 1378 1385 1568 1410; baseline 0 0"><span class='ocrx_word' id='word_1_141' title='bbox 1378 1385 1568 1410; x_wconf 83' lang='lat' dir='ltr'>caseus—-</span> 
     </span>
     <span class='ocr_line' id='line_1_20' title="bbox 240 1435 1564 1488; baseline 0 -14"><span class='ocrx_word' id='word_1_142' title='bbox 240 1439 313 1475; x_wconf 72' lang='lat' dir='ltr'>AG.</span> <span class='ocrx_word' id='word_1_143' title='bbox 348 1450 463 1476; x_wconf 85' lang='lat' dir='ltr'>mene</span> <span class='ocrx_word' id='word_1_144' title='bbox 484 1451 556 1488; x_wconf 82' lang='lat' dir='ltr'>ego</span> <span class='ocrx_word' id='word_1_145' title='bbox 577 1437 687 1476; x_wconf 82' lang='lat' dir='ltr'>illae&#39;c</span> <span class='ocrx_word' id='word_1_146' title='bbox 704 1437 828 1488; x_wconf 85' lang='lat' dir='ltr'>patiar</span> <span class='ocrx_word' id='word_1_147' title='bbox 843 1444 1048 1487; x_wconf 86' lang='lat' dir='ltr'>praesente</span> <span class='ocrx_word' id='word_1_148' title='bbox 1065 1435 1175 1475; x_wconf 87' lang='lat' dir='ltr'>dici?</span> <span class='ocrx_word' id='word_1_149' title='bbox 1203 1436 1417 1476; x_wconf 88' lang='lat' dir='ltr'>discrucior</span> <span class='ocrx_word' id='word_1_150' title='bbox 1438 1436 1564 1484; x_wconf 86' lang='lat' dir='ltr'>miser,</span> 
     </span>
     <span class='ocr_line' id='line_1_21' title="bbox 238 1501 1498 1553; baseline 0 -14"><span class='ocrx_word' id='word_1_151' title='bbox 238 1501 311 1540; x_wconf 91' lang='lat' dir='ltr'>nisi</span> <span class='ocrx_word' id='word_1_152' title='bbox 333 1515 406 1552; x_wconf 84' lang='lat' dir='ltr'>ego</span> <span class='ocrx_word' id='word_1_153' title='bbox 428 1502 536 1540; x_wconf 86' lang='lat' dir='ltr'>illum</span> <span class='ocrx_word' id='word_1_154' title='bbox 558 1503 676 1541; x_wconf 86' lang='lat' dir='ltr'>iubeo</span> <span class='ocrx_word' id='word_1_155' title='bbox 698 1502 895 1553; x_wconf 83' lang='lat' dir='ltr'>quadrigis</span> <span class='ocrx_word' id='word_1_156' title='bbox 912 1502 1055 1540; x_wconf 79' lang='lat' dir='ltr'>cursim</span> <span class='ocrx_word' id='word_1_157' title='bbox 1075 1503 1126 1540; x_wconf 85' lang='lat' dir='ltr'>ad</span> <span class='ocrx_word' id='word_1_158' title='bbox 1148 1503 1385 1540; x_wconf 77' lang='lat' dir='ltr'>carnuficem</span> <span class='ocrx_word' id='word_1_159' title='bbox 1406 1501 1498 1552; x_wconf 86' lang='lat' dir='ltr'>rapi.</span> 
     </span>
     <span class='ocr_line' id='line_1_22' title="bbox 240 1568 1654 1616; baseline 0.001 -11"><span class='ocrx_word' id='word_1_160' title='bbox 240 1569 311 1605; x_wconf 90' lang='lat' dir='ltr'>M1.</span> <span class='ocrx_word' id='word_1_161' title='bbox 346 1568 437 1614; x_wconf 85' lang='lat' dir='ltr'>noli,</span> <span class='ocrx_word' id='word_1_162' title='bbox 459 1568 614 1615; x_wconf 86' lang='lat' dir='ltr'>amabo,</span> <span class='ocrx_word' id='word_1_163' title='bbox 637 1581 865 1606; x_wconf 80' lang='lat' dir='ltr'>suscensere</span> <span class='ocrx_word' id='word_1_164' title='bbox 887 1581 952 1606; x_wconf 91' lang='lat' dir='ltr'>ero</span> <span class='ocrx_word' id='word_1_165' title='bbox 974 1581 1063 1606; x_wconf 91' lang='lat' dir='ltr'>meo</span> <span class='ocrx_word' id='word_1_166' title='bbox 1084 1581 1221 1606; x_wconf 79' lang='lat' dir='ltr'>caussa</span> <span class='ocrx_word' id='word_1_167' title='bbox 1242 1580 1338 1605; x_wconf 84' lang='lat' dir='ltr'>mea.</span> <span class='ocrx_word' id='word_1_168' title='bbox 1586 1580 1654 1616; x_wconf 82' lang='lat'>370</span> 
     </span>
     <span class='ocr_line' id='line_1_23' title="bbox 237 1632 1230 1683; baseline 0 -13"><span class='ocrx_word' id='word_1_169' title='bbox 237 1646 310 1682; x_wconf 84' lang='lat' dir='ltr'>ego</span> <span class='ocrx_word' id='word_1_170' title='bbox 331 1634 429 1680; x_wconf 84' lang='lat' dir='ltr'>faxo,</span> <span class='ocrx_word' id='word_1_171' title='bbox 453 1633 483 1671; x_wconf 86' lang='lat' dir='ltr'>si</span> <span class='ocrx_word' id='word_1_172' title='bbox 505 1647 585 1672; x_wconf 92' lang='lat' dir='ltr'>non</span> <span class='ocrx_word' id='word_1_173' title='bbox 608 1633 747 1680; x_wconf 57' lang='lat' dir='ltr'>iratas,</span> <span class='ocrx_word' id='word_1_174' title='bbox 769 1632 949 1671; x_wconf 87' lang='lat' dir='ltr'>ninnium</span> <span class='ocrx_word' id='word_1_175' title='bbox 970 1646 1041 1683; x_wconf 90' lang='lat' dir='ltr'>pro</span> <span class='ocrx_word' id='word_1_176' title='bbox 1061 1640 1100 1671; x_wconf 86' lang='lat' dir='ltr'>te</span> <span class='ocrx_word' id='word_1_177' title='bbox 1121 1632 1230 1670; x_wconf 87' lang='lat' dir='ltr'>dabit</span> 
     </span>
     <span class='ocr_line' id='line_1_24' title="bbox 156 1697 1200 1748; baseline 0.002 -14"><span class='ocrx_word' id='word_1_178' title='bbox 156 1704 214 1745; x_wconf 80' lang='lat'>165</span> <span class='ocrx_word' id='word_1_179' title='bbox 236 1711 282 1736; x_wconf 86' lang='lat' dir='ltr'>ac</span> <span class='ocrx_word' id='word_1_180' title='bbox 304 1706 341 1736; x_wconf 91' lang='lat' dir='ltr'>te</span> <span class='ocrx_word' id='word_1_181' title='bbox 361 1698 477 1737; x_wconf 88' lang='lat' dir='ltr'>faciet</span> <span class='ocrx_word' id='word_1_182' title='bbox 498 1705 539 1737; x_wconf 89' lang='lat' dir='ltr'>ut</span> <span class='ocrx_word' id='word_1_183' title='bbox 561 1698 635 1737; x_wconf 82' lang='lat' dir='ltr'>sies</span> <span class='ocrx_word' id='word_1_184' title='bbox 657 1698 753 1737; x_wconf 81' lang='lat' dir='ltr'>ciuis</span> <span class='ocrx_word' id='word_1_185' title='bbox 776 1698 908 1737; x_wconf 86' lang='lat' dir='ltr'>Attica</span> <span class='ocrx_word' id='word_1_186' title='bbox 929 1706 1048 1748; x_wconf 85' lang='lat' dir='ltr'>atque</span> <span class='ocrx_word' id='word_1_187' title='bbox 1068 1697 1200 1736; x_wconf 87' lang='lat' dir='ltr'>libera.</span> 
     </span>
     <span class='ocr_line' id='line_1_25' title="bbox 237 1762 1582 1814; baseline -0.001 -13"><span class='ocrx_word' id='word_1_188' title='bbox 237 1762 333 1812; x_wconf 76' lang='lat' dir='ltr'>quin</span> <span class='ocrx_word' id='word_1_189' title='bbox 352 1763 459 1801; x_wconf 85' lang='lat' dir='ltr'>adire</span> <span class='ocrx_word' id='word_1_190' title='bbox 480 1763 594 1801; x_wconf 84' lang='lat' dir='ltr'>sini&#39;?</span> <span class='ocrx_word' id='word_1_191' title='bbox 642 1763 737 1814; x_wconf 84' lang='lat' dir='ltr'>quin</span> <span class='ocrx_word' id='word_1_192' title='bbox 759 1763 829 1801; x_wconf 86' lang='lat' dir='ltr'>tibi</span> <span class='ocrx_word' id='word_1_193' title='bbox 852 1763 918 1813; x_wconf 86' lang='lat' dir='ltr'>qui</span> <span class='ocrx_word' id='word_1_194' title='bbox 939 1764 1042 1801; x_wconf 89' lang='lat' dir='ltr'>bene</span> <span class='ocrx_word' id='word_1_195' title='bbox 1062 1762 1213 1810; x_wconf 87' lang='lat' dir='ltr'>uolunt,</span> <span class='ocrx_word' id='word_1_196' title='bbox 1236 1763 1339 1801; x_wconf 86' lang='lat' dir='ltr'>bene</span> <span class='ocrx_word' id='word_1_197' title='bbox 1360 1762 1419 1801; x_wconf 83' lang='lat' dir='ltr'>uis</span> <span class='ocrx_word' id='word_1_198' title='bbox 1440 1762 1533 1801; x_wconf 83' lang='lat' dir='ltr'>item</span> <span class='ocrx_word' id='word_1_199' title='bbox 1551 1763 1582 1800; x_wconf 59' lang='lat'>?&#39;</span> 
     </span>
     <span class='ocr_line' id='line_1_26' title="bbox 237 1827 1437 1878; baseline -0.001 -12"><span class='ocrx_word' id='word_1_200' title='bbox 237 1828 266 1866; x_wconf 77' lang='lat' dir='ltr'>si</span> <span class='ocrx_word' id='word_1_201' title='bbox 287 1836 378 1867; x_wconf 87' lang='lat' dir='ltr'>ante</span> <span class='ocrx_word' id='word_1_202' title='bbox 399 1828 493 1878; x_wconf 80' lang='lat' dir='ltr'>quid</span> <span class='ocrx_word' id='word_1_203' title='bbox 516 1829 728 1876; x_wconf 78' lang='lat' dir='ltr'>mentitust‚</span> <span class='ocrx_word' id='word_1_204' title='bbox 754 1829 938 1867; x_wconf 87' lang='lat' dir='ltr'>nunciam</span> <span class='ocrx_word' id='word_1_205' title='bbox 962 1828 1106 1867; x_wconf 87' lang='lat' dir='ltr'>dehinc</span> <span class='ocrx_word' id='word_1_206' title='bbox 1127 1827 1198 1866; x_wconf 89' lang='lat' dir='ltr'>erit</span> <span class='ocrx_word' id='word_1_207' title='bbox 1219 1842 1335 1866; x_wconf 88' lang='lat' dir='ltr'>uerax</span> <span class='ocrx_word' id='word_1_208' title='bbox 1356 1828 1437 1865; x_wconf 85' lang='lat' dir='ltr'>tibi.</span> 
     </span>
     <span class='ocr_line' id='line_1_27' title="bbox 237 1892 1649 1944; baseline -0.001 -13"><span class='ocrx_word' id='word_1_209' title='bbox 237 1893 320 1932; x_wconf 78' lang='lat' dir='ltr'>sine</span> <span class='ocrx_word' id='word_1_210' title='bbox 341 1901 379 1932; x_wconf 85' lang='lat' dir='ltr'>te</span> <span class='ocrx_word' id='word_1_211' title='bbox 399 1907 567 1940; x_wconf 75' lang='lat' dir='ltr'>exorem,</span> <span class='ocrx_word' id='word_1_212' title='bbox 591 1894 674 1932; x_wconf 85' lang='lat' dir='ltr'>sine</span> <span class='ocrx_word' id='word_1_213' title='bbox 696 1895 936 1944; x_wconf 84' lang='lat' dir='ltr'>prehendam</span> <span class='ocrx_word' id='word_1_214' title='bbox 961 1893 1158 1937; x_wconf 75' lang='lat' dir='ltr'>auriculis,</span> <span class='ocrx_word' id='word_1_215' title='bbox 1179 1892 1262 1931; x_wconf 71' lang='grc' dir='ltr'>Ι51116</span> <span class='ocrx_word' id='word_1_216' title='bbox 1284 1894 1375 1931; x_wconf 89' lang='lat' dir='ltr'>dem</span> <span class='ocrx_word' id='word_1_217' title='bbox 1398 1892 1561 1931; x_wconf 76' lang='lat' dir='ltr'>sauium.</span> <span class='ocrx_word' id='word_1_218' title='bbox 1585 1905 1649 1941; x_wconf 76' lang='lat'>375</span> 
     </span>
     <span class='ocr_line' id='line_1_28' title="bbox 279 1993 1561 2035; baseline 0 -10"><span class='ocrx_word' id='word_1_219' title='bbox 279 2005 341 2035; x_wconf 85' lang='lat'>355</span> <span class='ocrx_word' id='word_1_220' title='bbox 376 1995 510 2035; x_wconf 53' lang='lat' dir='ltr'>peristis·</span> <span class='ocrx_word' id='word_1_221' title='bbox 540 1995 572 2025; x_wconf 79' lang='lat' dir='ltr'><em>A</em></span> <span class='ocrx_word' id='word_1_222' title='bbox 715 1995 779 2034; x_wconf 85' lang='lat'>356</span> <span class='ocrx_word' id='word_1_223' title='bbox 813 1995 929 2025; x_wconf 83' lang='lat' dir='ltr'>alcedo</span> <span class='ocrx_word' id='word_1_224' title='bbox 962 1997 1099 2025; x_wconf 66' lang='lat' dir='ltr'>testastu-</span> <span class='ocrx_word' id='word_1_225' title='bbox 1127 1993 1320 2024; x_wconf 72' lang='lat' dir='ltr'>Priscianus</span> <span class='ocrx_word' id='word_1_226' title='bbox 1355 2003 1378 2031; x_wconf 77' lang='grc'>1,</span> <span class='ocrx_word' id='word_1_227' title='bbox 1415 1994 1478 2023; x_wconf 81' lang='lat'>206</span> <span class='ocrx_word' id='word_1_228' title='bbox 1512 1993 1561 2032; x_wconf 62' lang='lat' dir='ltr'>(cf.</span> 
     </span>
     <span class='ocr_line' id='line_1_29' title="bbox 237 2036 1564 2079; baseline -0.001 -11"><span class='ocrx_word' id='word_1_229' title='bbox 237 2039 366 2075; x_wconf 77' lang='lat' dir='ltr'>Fronto,</span> <span class='ocrx_word' id='word_1_230' title='bbox 383 2050 413 2079; x_wconf 87' lang='lat' dir='ltr'>p.</span> <span class='ocrx_word' id='word_1_231' title='bbox 428 2049 492 2078; x_wconf 83' lang='lat'>225</span> <span class='ocrx_word' id='word_1_232' title='bbox 504 2038 563 2078; x_wconf 84' lang='lat' dir='ltr'>N.)</span> <span class='ocrx_word' id='word_1_233' title='bbox 583 2051 589 2069; x_wconf 89' lang='lat'>:</span> <span class='ocrx_word' id='word_1_234' title='bbox 608 2038 704 2078; x_wconf 85' lang='lat' dir='ltr'>alcyo</span> <span class='ocrx_word' id='word_1_235' title='bbox 717 2038 804 2069; x_wconf 85' lang='lat' dir='ltr'>codd.</span> <span class='ocrx_word' id='word_1_236' title='bbox 823 2041 868 2077; x_wconf 81' lang='lat' dir='ltr'>(v.</span> <span class='ocrx_word' id='word_1_237' title='bbox 886 2040 916 2078; x_wconf 82' lang='lat'>1)</span> <span class='ocrx_word' id='word_1_238' title='bbox 1001 2038 1176 2068; x_wconf 80' lang='lat' dir='ltr'>seducitP</span> <span class='ocrx_word' id='word_1_239' title='bbox 1277 2047 1340 2076; x_wconf 85' lang='lat'>357</span> <span class='ocrx_word' id='word_1_240' title='bbox 1366 2036 1564 2067; x_wconf 81' lang='lat' dir='ltr'>exblandire</span> 
     </span>
     <span class='ocr_line' id='line_1_30' title="bbox 239 2079 1561 2122; baseline -0.003 -9"><span class='ocrx_word' id='word_1_241' title='bbox 239 2082 335 2113; x_wconf 60' lang='lat' dir='ltr'>Goeta</span> <span class='ocrx_word' id='word_1_242' title='bbox 361 2086 391 2113; x_wconf 84' lang='lat' dir='ltr'>ct</span> <span class='ocrx_word' id='word_1_243' title='bbox 414 2083 526 2113; x_wconf 81' lang='lat' dir='ltr'>Loewe</span> <span class='ocrx_word' id='word_1_244' title='bbox 645 2083 742 2122; x_wconf 86' lang='lat' dir='ltr'>palpa</span> <span class='ocrx_word' id='word_1_245' title='bbox 759 2082 791 2111; x_wconf 73' lang='lat' dir='ltr'><em>A</em></span> <span class='ocrx_word' id='word_1_246' title='bbox 801 2082 883 2122; x_wconf 75' lang='lat' dir='ltr'>fort.</span> <span class='ocrx_word' id='word_1_247' title='bbox 908 2086 982 2112; x_wconf 77' lang='lat' dir='ltr'>recte</span> <span class='ocrx_word' id='word_1_248' title='bbox 1147 2082 1211 2120; x_wconf 82' lang='lat'>358</span> <span class='ocrx_word' id='word_1_249' title='bbox 1234 2080 1371 2121; x_wconf 85' lang='lat' dir='ltr'>postea]</span> <span class='ocrx_word' id='word_1_250' title='bbox 1399 2080 1512 2110; x_wconf 91' lang='lat' dir='ltr'>omnia</span> <span class='ocrx_word' id='word_1_251' title='bbox 1528 2079 1561 2109; x_wconf 70' lang='lat' dir='ltr'><em>A</em></span> 
     </span>
     <span class='ocr_line' id='line_1_31' title="bbox 236 2123 1563 2167; baseline -0.003 -10"><span class='ocrx_word' id='word_1_252' title='bbox 236 2128 297 2165; x_wconf 85' lang='grc'>361</span> <span class='ocrx_word' id='word_1_253' title='bbox 325 2127 398 2157; x_wconf 88' lang='lat' dir='ltr'>iura</span> <span class='ocrx_word' id='word_1_254' title='bbox 414 2127 465 2158; x_wconf 83' lang='lat' dir='ltr'>uis</span> <span class='ocrx_word' id='word_1_255' title='bbox 483 2131 515 2157; x_wconf 84' lang='lat' dir='ltr'>te</span> <span class='ocrx_word' id='word_1_256' title='bbox 532 2126 564 2157; x_wconf 99' lang='grc' dir='ltr'><em>Ρ</em></span> <span class='ocrx_word' id='word_1_257' title='bbox 580 2126 651 2167; x_wconf 74' lang='lat' dir='ltr'>(pro</span> <span class='ocrx_word' id='word_1_258' title='bbox 669 2126 727 2156; x_wconf 85' lang='lat' dir='ltr'>—tei</span> <span class='ocrx_word' id='word_1_259' title='bbox 740 2126 767 2164; x_wconf 70' lang='lat'>3)</span> <span class='ocrx_word' id='word_1_260' title='bbox 858 2125 1055 2156; x_wconf 74' lang='lat' dir='ltr'>sedentiens</span> <span class='ocrx_word' id='word_1_261' title='bbox 1074 2124 1231 2165; x_wconf 61' lang='lat' dir='ltr'>(-tlens2i</span> <span class='ocrx_word' id='word_1_262' title='bbox 1250 2124 1283 2154; x_wconf 81' lang='lat' dir='ltr'><em>P</em></span> <span class='ocrx_word' id='word_1_263' title='bbox 1297 2127 1334 2153; x_wconf 83' lang='lat' dir='ltr'>nl</span> <span class='ocrx_word' id='word_1_264' title='bbox 1349 2123 1411 2154; x_wconf 75' lang='lat' dir='ltr'>vid.</span> <span class='ocrx_word' id='word_1_265' title='bbox 1500 2125 1563 2162; x_wconf 84' lang='lat'>362</span> 
     </span>
     <span class='ocr_line' id='line_1_32' title="bbox 236 2166 1561 2210; baseline -0.004 -10"><span class='ocrx_word' id='word_1_266' title='bbox 236 2181 301 2210; x_wconf 80' lang='lat' dir='ltr'>ego</span> <span class='ocrx_word' id='word_1_267' title='bbox 319 2181 382 2200; x_wconf 79' lang='lat' dir='ltr'>om.</span> <span class='ocrx_word' id='word_1_268' title='bbox 403 2170 435 2200; x_wconf 89' lang='grc' dir='ltr'><em>Ρ</em></span> <span class='ocrx_word' id='word_1_269' title='bbox 564 2171 626 2209; x_wconf 75' lang='grc'><strong>364</strong></span> <span class='ocrx_word' id='word_1_270' title='bbox 651 2170 723 2209; x_wconf 85' lang='lat' dir='ltr'>agis</span> <span class='ocrx_word' id='word_1_271' title='bbox 741 2169 773 2199; x_wconf 91' lang='grc' dir='ltr'><em>Ρ</em></span> <span class='ocrx_word' id='word_1_272' title='bbox 904 2171 967 2208; x_wconf 86' lang='grc'>365</span> <span class='ocrx_word' id='word_1_273' title='bbox 993 2179 1066 2199; x_wconf 84' lang='lat' dir='ltr'>mea</span> <span class='ocrx_word' id='word_1_274' title='bbox 1084 2168 1204 2199; x_wconf 84' lang='lat' dir='ltr'>delicia</span> <span class='ocrx_word' id='word_1_275' title='bbox 1223 2171 1359 2198; x_wconf 77' lang='lat' dir='ltr'>testatur</span> <span class='ocrx_word' id='word_1_276' title='bbox 1377 2166 1497 2197; x_wconf 80' lang='lat' dir='ltr'>Gellius</span> <span class='ocrx_word' id='word_1_277' title='bbox 1512 2177 1561 2205; x_wconf 89' lang='lat'>19,</span> 
     </span>
     <span class='ocr_line' id='line_1_33' title="bbox 237 2210 1559 2253; baseline -0.003 -10"><span class='ocrx_word' id='word_1_278' title='bbox 237 2215 267 2250; x_wconf 80' lang='lat'>8,</span> <span class='ocrx_word' id='word_1_279' title='bbox 290 2215 311 2244; x_wconf 87' lang='lat'>6</span> <span class='ocrx_word' id='word_1_280' title='bbox 337 2213 439 2252; x_wconf 77' lang='lat' dir='ltr'>(unde</span> <span class='ocrx_word' id='word_1_281' title='bbox 464 2213 592 2244; x_wconf 67' lang='lat' dir='ltr'>Nonius</span> <span class='ocrx_word' id='word_1_282' title='bbox 628 2214 727 2253; x_wconf 77' lang='lat'>100):</span> <span class='ocrx_word' id='word_1_283' title='bbox 763 2223 858 2244; x_wconf 86' lang='lat' dir='ltr'>meae</span> <span class='ocrx_word' id='word_1_284' title='bbox 887 2213 1029 2243; x_wconf 85' lang='lat' dir='ltr'>deliciae</span> <span class='ocrx_word' id='word_1_285' title='bbox 1055 2211 1142 2242; x_wconf 76' lang='lat' dir='ltr'>codd.</span> <span class='ocrx_word' id='word_1_286' title='bbox 1287 2213 1352 2250; x_wconf 84' lang='lat'>366</span> <span class='ocrx_word' id='word_1_287' title='bbox 1383 2210 1501 2241; x_wconf 86' lang='lat' dir='ltr'>oculus</span> <span class='ocrx_word' id='word_1_288' title='bbox 1527 2210 1559 2239; x_wconf 90' lang='lat' dir='ltr'><em>A</em></span> 
     </span>
     <span class='ocr_line' id='line_1_34' title="bbox 238 2253 1559 2298; baseline -0.004 -11"><span class='ocrx_word' id='word_1_289' title='bbox 238 2259 301 2296; x_wconf 87' lang='grc'><strong>368</strong></span> <span class='ocrx_word' id='word_1_290' title='bbox 325 2268 389 2297; x_wconf 86' lang='lat' dir='ltr'>ego</span> <span class='ocrx_word' id='word_1_291' title='bbox 403 2257 615 2298; x_wconf 51' lang='lat' dir='ltr'>praesentse}</span> <span class='ocrx_word' id='word_1_292' title='bbox 630 2256 738 2296; x_wconf 84' lang='lat' dir='ltr'>patiar</span> <span class='ocrx_word' id='word_1_293' title='bbox 750 2257 846 2287; x_wconf 89' lang='lat' dir='ltr'>illaec</span> <span class='ocrx_word' id='word_1_294' title='bbox 857 2256 889 2286; x_wconf 82' lang='lat' dir='ltr'><em>A</em></span> <span class='ocrx_word' id='word_1_295' title='bbox 912 2256 1006 2296; x_wconf 56' lang='lat' dir='ltr'>(lpro</span> <span class='ocrx_word' id='word_1_296' title='bbox 1018 2266 1068 2295; x_wconf 85' lang='lat' dir='ltr'>pr.</span> <span class='ocrx_word' id='word_1_297' title='bbox 1082 2266 1135 2296; x_wconf 87' lang='lat' dir='ltr'>pa.</span> <span class='ocrx_word' id='word_1_298' title='bbox 1148 2266 1177 2286; x_wconf 87' lang='grc'>6.</span> <span class='ocrx_word' id='word_1_299' title='bbox 1190 2255 1228 2294; x_wconf 79' lang='lat' dir='ltr'>i.)</span> <span class='ocrx_word' id='word_1_300' title='bbox 1318 2264 1378 2293; x_wconf 83' lang='lat'>371</span> <span class='ocrx_word' id='word_1_301' title='bbox 1406 2254 1514 2293; x_wconf 59' lang='lat' dir='ltr'>iratast</span> <span class='ocrx_word' id='word_1_302' title='bbox 1527 2253 1559 2282; x_wconf 89' lang='lat' dir='ltr'><em>A</em></span> 
     </span>
     <span class='ocr_line' id='line_1_35' title="bbox 238 2296 1559 2340; baseline -0.004 -9"><span class='ocrx_word' id='word_1_303' title='bbox 238 2311 300 2340; x_wconf 86' lang='lat'>372</span> <span class='ocrx_word' id='word_1_304' title='bbox 324 2300 437 2340; x_wconf 87' lang='lat' dir='ltr'>Atque</span> <span class='ocrx_word' id='word_1_305' title='bbox 454 2300 545 2331; x_wconf 71' lang='lat' dir='ltr'>«odd.</span> <span class='ocrx_word' id='word_1_306' title='bbox 652 2310 715 2339; x_wconf 82' lang='grc'>373</span> <span class='ocrx_word' id='word_1_307' title='bbox 740 2300 820 2339; x_wconf 82' lang='lat' dir='ltr'>quin</span> <span class='ocrx_word' id='word_1_308' title='bbox 846 2301 939 2330; x_wconf 86' lang='lat' dir='ltr'>adire</span> <span class='ocrx_word' id='word_1_309' title='bbox 965 2300 1050 2330; x_wconf 83' lang='lat' dir='ltr'>sinis</span> <span class='ocrx_word' id='word_1_310' title='bbox 1066 2298 1268 2340; x_wconf 67' lang='lat' dir='ltr'>Adelphasio</span> <span class='ocrx_word' id='word_1_311' title='bbox 1287 2298 1340 2337; x_wconf 74' lang='lat' dir='ltr'>(ut</span> <span class='ocrx_word' id='word_1_312' title='bbox 1356 2297 1434 2336; x_wconf 80' lang='lat' dir='ltr'>vid.)</span> <span class='ocrx_word' id='word_1_313' title='bbox 1454 2296 1510 2326; x_wconf 81' lang='lat' dir='ltr'>dat</span> <span class='ocrx_word' id='word_1_314' title='bbox 1526 2296 1559 2326; x_wconf 79' lang='lat' dir='ltr'><em>A</em></span> 
     </span>
     <span class='ocr_line' id='line_1_36' title="bbox 239 2339 1564 2384; baseline -0.003 -11"><span class='ocrx_word' id='word_1_315' title='bbox 239 2346 313 2384; x_wconf 80' lang='lat' dir='ltr'>(pro</span> <span class='ocrx_word' id='word_1_316' title='bbox 334 2355 364 2384; x_wconf 90' lang='lat' dir='ltr'>q.</span> <span class='ocrx_word' id='word_1_317' title='bbox 391 2346 482 2375; x_wconf 83' lang='lat' dir='ltr'>abire</span> <span class='ocrx_word' id='word_1_318' title='bbox 505 2355 531 2375; x_wconf 84' lang='grc'><strong>5.</strong></span> <span class='ocrx_word' id='word_1_319' title='bbox 544 2345 569 2382; x_wconf 65' lang='grc' dir='ltr'>ἓ)</span> <span class='ocrx_word' id='word_1_320' title='bbox 702 2344 781 2383; x_wconf 88' lang='lat' dir='ltr'>quin</span> <span class='ocrx_word' id='word_1_321' title='bbox 800 2343 885 2373; x_wconf 85' lang='lat' dir='ltr'>adiri</span> <span class='ocrx_word' id='word_1_322' title='bbox 904 2343 955 2381; x_wconf 92' lang='lat' dir='ltr'>(T</span> <span class='ocrx_word' id='word_1_323' title='bbox 973 2346 1008 2372; x_wconf 79' lang='lat' dir='ltr'>nt</span> <span class='ocrx_word' id='word_1_324' title='bbox 1026 2342 1102 2381; x_wconf 75' lang='lat' dir='ltr'><em>vid.)</em></span> <span class='ocrx_word' id='word_1_325' title='bbox 1121 2343 1169 2373; x_wconf 83' lang='lat' dir='ltr'>vel</span> <span class='ocrx_word' id='word_1_326' title='bbox 1183 2343 1239 2381; x_wconf 87' lang='lat' dir='ltr'>qui</span> <span class='ocrx_word' id='word_1_327' title='bbox 1259 2342 1291 2371; x_wconf 89' lang='lat' dir='ltr'>in</span> <span class='ocrx_word' id='word_1_328' title='bbox 1309 2341 1401 2371; x_wconf 85' lang='lat' dir='ltr'>adire</span> <span class='ocrx_word' id='word_1_329' title='bbox 1420 2339 1509 2377; x_wconf 68' lang='grc' dir='ltr'>(ΡΒΕ</span> <span class='ocrx_word' id='word_1_330' title='bbox 1527 2343 1564 2369; x_wconf 85' lang='lat' dir='ltr'>ul</span> 
     </span>
     <span class='ocr_line' id='line_1_37' title="bbox 237 2383 1562 2428; baseline -0.005 -10"><span class='ocrx_word' id='word_1_331' title='bbox 237 2388 318 2425; x_wconf 73' lang='lat' dir='ltr'>vid.)</span> <span class='ocrx_word' id='word_1_332' title='bbox 343 2387 376 2418; x_wconf 88' lang='grc' dir='ltr'><em>Ρ</em></span> <span class='ocrx_word' id='word_1_333' title='bbox 503 2398 566 2428; x_wconf 75' lang='grc'>374</span> <span class='ocrx_word' id='word_1_334' title='bbox 591 2387 726 2427; x_wconf 83' lang='lat' dir='ltr'>quidem</span> <span class='ocrx_word' id='word_1_335' title='bbox 751 2387 879 2417; x_wconf 81' lang='lat' dir='ltr'>entitus</span> <span class='ocrx_word' id='word_1_336' title='bbox 904 2387 947 2417; x_wconf 83' lang='lat' dir='ltr'>sit</span> <span class='ocrx_word' id='word_1_337' title='bbox 974 2386 1007 2416; x_wconf 86' lang='lat' dir='ltr'><em>P</em></span> <span class='ocrx_word' id='word_1_338' title='bbox 1033 2388 1127 2426; x_wconf 50' lang='grc' dir='ltr'>(ἓριό</span> <span class='ocrx_word' id='word_1_339' title='bbox 1153 2386 1235 2424; x_wconf 88' lang='lat' dir='ltr'>quid</span> <span class='ocrx_word' id='word_1_340' title='bbox 1263 2384 1474 2416; x_wconf 54' lang='lat' dir='ltr'>ementitust*l</span> <span class='ocrx_word' id='word_1_341' title='bbox 1507 2383 1562 2412; x_wconf 69' lang='lat' dir='ltr'>vix</span> 
     </span>
    </p>
   </div>
   <div class='ocr_carea' id='block_1_3' title="bbox 236 2426 1561 2515">
    <p class='ocr_par' dir='ltr' id='par_1_3' title="bbox 236 2426 1561 2515">
     <span class='ocr_line' id='line_1_38' title="bbox 236 2426 1561 2471; baseline -0.005 -9"><span class='ocrx_word' id='word_1_342' title='bbox 236 2441 322 2462; x_wconf 88' lang='lat' dir='ltr'>nunc</span> <span class='ocrx_word' id='word_1_343' title='bbox 348 2431 411 2462; x_wconf 85' lang='lat' dir='ltr'>iam</span> <span class='ocrx_word' id='word_1_344' title='bbox 438 2431 491 2471; x_wconf 87' lang='lat' dir='ltr'>(cf.</span> <span class='ocrx_word' id='word_1_345' title='bbox 517 2431 564 2462; x_wconf 83' lang='lat' dir='ltr'>ad</span> <span class='ocrx_word' id='word_1_346' title='bbox 577 2430 678 2470; x_wconf 80' lang='lat' dir='ltr'>Epid.</span> <span class='ocrx_word' id='word_1_347' title='bbox 703 2432 778 2470; x_wconf 85' lang='grc'><strong>135)</strong></span> <span class='ocrx_word' id='word_1_348' title='bbox 906 2439 979 2469; x_wconf 82' lang='grc'><strong>375.</strong></span> <span class='ocrx_word' id='word_1_349' title='bbox 1013 2431 1077 2469; x_wconf 86' lang='grc'><strong>376</strong></span> <span class='ocrx_word' id='word_1_350' title='bbox 1111 2430 1235 2460; x_wconf 72' lang='lat' dir='ltr'>inverso</span> <span class='ocrx_word' id='word_1_351' title='bbox 1265 2427 1376 2458; x_wconf 75' lang='lat' dir='ltr'>ordine</span> <span class='ocrx_word' id='word_1_352' title='bbox 1396 2427 1428 2457; x_wconf 91' lang='grc' dir='ltr'><em>Ρ</em></span> <span class='ocrx_word' id='word_1_353' title='bbox 1458 2426 1561 2466; x_wconf 54' lang='lat' dir='ltr'>{prius</span> 
     </span>
     <span class='ocr_line' id='line_1_39' title="bbox 237 2471 1380 2515; baseline -0.003 -10"><span class='ocrx_word' id='word_1_354' title='bbox 237 2476 357 2505; x_wconf 78' lang='lat' dir='ltr'>omisso</span> <span class='ocrx_word' id='word_1_355' title='bbox 376 2487 402 2506; x_wconf 82' lang='grc' dir='ltr'>υ.</span> <span class='ocrx_word' id='word_1_356' title='bbox 428 2485 489 2514; x_wconf 83' lang='grc'><strong>375</strong></span> <span class='ocrx_word' id='word_1_357' title='bbox 510 2478 643 2515; x_wconf 78' lang='lat' dir='ltr'>propter</span> <span class='ocrx_word' id='word_1_358' title='bbox 655 2474 900 2509; x_wconf 74' lang='lat' dir='ltr'>l1omoe0arclz.;</span> <span class='ocrx_word' id='word_1_359' title='bbox 930 2474 963 2505; x_wconf 86' lang='lat' dir='ltr'>ii.</span> <span class='ocrx_word' id='word_1_360' title='bbox 983 2475 1018 2513; x_wconf 88' lang='lat'>6)</span> <span class='ocrx_word' id='word_1_361' title='bbox 1153 2482 1216 2511; x_wconf 86' lang='lat'>375</span> <span class='ocrx_word' id='word_1_362' title='bbox 1241 2473 1331 2502; x_wconf 83' lang='lat' dir='ltr'>auris</span> <span class='ocrx_word' id='word_1_363' title='bbox 1347 2471 1380 2500; x_wconf 76' lang='lat' dir='ltr'><em>A</em></span> 
     </span>
    </p>
   </div>
   <div class='ocr_carea' id='block_1_4' title="bbox 944 2530 967 2540">
    <p class='ocr_par' dir='ltr' id='par_1_4' title="bbox 944 2530 967 2540">
     <span class='ocr_line' id='line_1_40' title="bbox 944 2530 967 2540; baseline 0 0"><span class='ocrx_word' id='word_1_364' title='bbox 944 2530 967 2540; x_wconf 68' lang='lat' dir='ltr'><em>l</em></span> 
     </span>
    </p>
   </div>
  </div>
 </body>
</html>
