1783 2707
167 155 235 193 IV.
256 155 286 192 ii
680 155 725 191 T.
761 153 940 193 MACCI
973 153 1176 191 PLAVTI

256 267 319 304 ΞΥ.
361 279 424 304 me
454 278 535 304 non
565 266 731 315 perdent
746 279 756 312 ,-
796 263 904 302 illum
935 270 977 302 ut
1005 265 1170 314 perdant
1199 264 1326 302 facere
1355 276 1528 314 possum,
1550 261 1582 301 si

1450 328 1580 376 uelim,

256 410 389 435 meum
419 410 528 434 erum
558 403 601 434 ut
630 396 806 446 perdant,
834 394 897 434 nei
928 394 1023 432 mihi
1053 402 1237 441 metuam,
1267 394 1448 445 Milphio.
1507 395 1580 432 M1.
1604 401 1669 447 865

1178 459 1273 509 quid
1294 459 1334 497 id
1356 462 1442 498 est?
1471 460 1581 498 cedo.

258 528 321 565 ΞΥ.
354 528 479 564 malus
507 528 578 565 es?
623 528 695 564 Ml,
734 527 849 564 malu’
871 539 968 563 sum.
1029 527 1091 563 ΞΥ.
1129 526 1230 563 male
1258 524 1353 562 mihi
1380 532 1447 563 est.
1509 526 1581 562 M1.

784 591 1068 637 memoradum,
1092 604 1187 627 num
1209 603 1293 628 esse
1314 589 1422 628 aliter
1442 591 1585 629 decet?

196 672 236 702 45
258 657 355 708 quid
375 664 433 696 est
454 658 562 707 quod
591 658 692 695 male
719 655 767 694 sit
795 655 876 703 tibi,
900 655 993 706 quoi
1020 654 1129 693 domi
1150 654 1198 692 sit
1225 656 1333 704 quod
1360 655 1453 702 edis,
1477 656 1585 705 quod

1283 733 1390 758 ames
1410 719 1583 767 adfatim,

258 799 388 836 neque
409 786 621 825 triobolum
643 787 766 823 ullum
787 784 937 823 amicae
958 786 1027 823 das
1049 791 1086 822 et
1107 785 1245 822 ductas
1266 784 1448 834 gratieis?

258 854 324 890 ΞΥ.
374 851 571 901 Diespiter
609 859 677 889 'me
723 851 777 889 sic
822 850 1104 889 amabit—Ml.
1150 857 1193 888 ut
1238 849 1398 900 quidem
1444 851 1585 900 edepol

1370 916 1510 965 dignus
1531 929 1584 954 es.

257 983 319 1020 ΞΥ.
353 988 395 1020 ut
415 995 488 1032 ego
508 982 611 1019 hanc
632 980 819 1019 familiam
841 980 997 1019 interire
1018 980 1145 1031 cupio.
1198 982 1270 1018 M1.
1293 981 1397 1019 adde
1413 995 1584 1030 operam,
1605 987 1674 1031 870

1412 1045 1443 1084 si
1464 1046 1584 1096 cupis.

257 1113 320 1150 ΞΥ.
352 1111 436 1150 sine
462 1111 594 1162 pinnis
621 1113 754 1150 uolare
781 1112 859 1149 hau
887 1111 1059 1151 facilest:
1092 1125 1203 1149 meae
1229 1112 1313 1149 alae
1340 1111 1479 1161 pinnas
1506 1125 1586 1149 non

1427 1176 1584 1215 habent

196 1257 238 1289 50
259 1243 330 1279 M1.
364 1241 488 1280 nolito
508 1242 651 1291 edepol
673 1240 881 1280 deuellisse
899 1255 905 1279 :
937 1240 1015 1278 iam
1036 1240 1095 1278 his
1117 1241 1274 1279 duobus
1296 1240 1496 1279 mensibus

256 1308 435 1345 uolucres
456 1306 527 1345 tibi
547 1314 661 1346 erunt
689 1309 779 1345 tuae
807 1305 1022 1356 hirquinae.
1083 1307 1146 1344 ΞΥ.
1179 1307 1191 1344 1'
1212 1307 1354 1344 malam
1375 1309 1481 1345 rem!
1512 1307 1585 1345 M1.

1255 1370 1265 1408 i
1287 1373 1328 1409 tu
1348 1378 1466 1421 atque
1487 1385 1584 1411 erus.

256 1439 320 1477 ΞΥ.
351 1451 499 1477 uerum.
560 1436 665 1476 enim
688 1436 755 1487 qui
783 1437 905 1475 homo
929 1450 1020 1475 eum
1050 1434 1163 1483 norit,
1185 1435 1297 1474 norit.
1357 1435 1435 1475 cito
1464 1437 1586 1475 homo

1253 1501 1424 1552 peruorti
1444 1509 1582 1552 potest.

258 1571 330 1607 M1.
363 1568 459 1619 quid
489 1568 596 1607 iam?
654 1570 716 1607 ΞΥ.
750 1567 862 1618 quasi
890 1575 931 1606 tu
958 1575 1085 1606 tacere
1107 1565 1235 1620 [uero]
1257 1567 1469 1618 quicquam
1492 1567 1586 1618 poti'
1606 1576 1671 1620 875

1185 1631 1246 1670 sis.
1306 1631 1419 1684 <M1.>
1446 1632 1587 1671 rectius
1641 1635 1646 1642 ’

258 1699 393 1739 tacitas
415 1698 485 1738 tibi
506 1712 564 1737 res
586 1698 719 1737 sistam
748 1712 867 1749 quam
893 1699 1001 1748 quod
1023 1697 1172 1736 dictum
1194 1704 1252 1735 est
1273 1704 1404 1736 mutae
1425 1697 1586 1736 mulieri.

198 1777 239 1810 55
259 1768 321 1805 ΞΥ.
365 1765 541 1804 animum
576 1764 764 1804 inducam
803 1763 915 1803 facile
955 1771 997 1802 ut
1032 1763 1100 1802 tibi
1135 1763 1235 1802 istuc
1268 1764 1436 1810 credam,
1473 1763 1513 1801 ni
1551 1767 1589 1802 te

1397 1829 1585 1868 nouerim.

258 1898 332 1936 M1.
364 1898 480 1936 crede
499 1897 687 1935 audacter
714 1910 805 1935 meo
828 1896 985 1947 periclo.
1046 1897 1109 1935 ΞΥ.
1142 1897 1243 1934 male
1270 1896 1427 1934 credam
1454 1902 1492 1933 et
1511 1908 1589 1934 cre-

1331 1963 1423 2000 dam
1443 1969 1585 2000 tamen.

300 2071 364 2109 864
389 2070 534 2110 perdent
561 2070 671 2105 illum]
701 2070 805 2110 perde
834 2069 960 2100 nullum
989 2069 1022 2098 P
1166 2069 1229 2108 865
1255 2068 1320 2099 idst
1346 2067 1380 2097 A
1522 2067 1589 2097 866

258 2112 530 2156 memora(dum>
544 2125 623 2145 num
640 2114 795 2155 Geppert:
815 2124 964 2145 memora
975 2123 1053 2143 num
1068 2112 1100 2142 A
1118 2124 1124 2144 ε
1141 2112 1394 2143 memorandum
1408 2111 1441 2141 P
1525 2112 1588 2150 867

258 2158 317 2189 tibi
334 2168 401 2189 om,
419 2158 451 2188 P
537 2159 694 2198 quodque
707 2168 798 2189 ames
816 2157 848 2187 A
983 2158 1044 2195 871
1071 2167 1164 2187 meae
1177 2155 1345 2195 monosyll.
1362 2155 1425 2186 elis.
1437 2154 1587 2195 displicet,

259 2211 360 2241 neque
376 2201 489 2232 minus
505 2202 630 2238 mesta&
649 2202 722 2232 alae
836 2201 898 2239 872
922 2200 991 2231 noli
1008 2200 1041 2230 A
1161 2201 1223 2238 873
1248 2199 1257 2229 i
1276 2199 1336 2240 m.]
1356 2199 1388 2229 in
1406 2209 1449 2229 m.
1465 2198 1498 2228 P
1514 2198 1550 2237 (i.
1563 2209 1586 2230 e.

259 2245 334 2275 isne
345 2245 371 2285 2)
386 2256 392 2277 :
418 2245 427 2275 i
446 2245 480 2275 in
497 2255 540 2277 m.
558 2245 632 2276 Ital.
739 2245 802 2284 874
828 2245 917 2275 norit
933 2244 1031 2274 semel
1046 2244 1207 2283 (sequente
1222 2244 1341 2283 spatio)
1361 2242 1392 2272 P
1455 2241 1539 2273 scito
1555 2241 1589 2271 A

260 2289 323 2328 875
347 2299 415 2321 om.
432 2299 515 2319 uero
532 2289 566 2320 P
638 2289 687 2320 vel
700 2295 779 2328 pote
797 2289 844 2319 sis
859 2299 865 2318 :
893 2288 1020 2327 potises
1037 2287 1069 2317 A
1140 2290 1201 2317 aut
1214 2286 1373 2317 iambicus
1389 2296 1500 2316 versus
1514 2295 1590 2315 cnm

260 2343 343 2364 uero
359 2336 421 2364 aut
435 2333 615 2364 trochaicus
633 2334 748 2373 (quam
765 2332 793 2362 si
811 2336 845 2362 tu
864 2336 887 2362 t.
905 2334 956 2370 qd
1119 2331 1183 2368 876
1209 2330 1329 2360 tacitus
1353 2329 1412 2359 tibi
1437 2329 1590 2359 resistam

260 2375 348 2408 codd.
364 2388 371 2408 :
390 2387 466 2408 corr.
487 2376 682 2415 Palmem'us,
703 2375 806 2406 Bothe
894 2374 1004 2404 mulae
1019 2373 1049 2404 P
1065 2373 1175 2413 (Lpro
1192 2373 1235 2413 T)
1370 2373 1432 2411 877
1458 2373 1591 2403 credam

262 2420 312 2461 ni]
331 2419 517 2452 credamini
535 2419 567 2450 P
698 2420 763 2458 878
786 2419 920 2449 credam
938 2417 1072 2448 credam
1085 2421 1118 2448 et
1130 2416 1163 2446 A

950 2524 972 2535 l
