1731 2713
598 102 1007 140 'FRx'cx'lJssN‘sx's
1429 100 1492 136 IV.
1518 100 1561 135 iii

171 217 253 254 siue
273 217 374 254 adeo
394 223 497 254 caret
519 222 674 260 temet0‚
699 222 827 251 tamen
850 213 901 250 al)
923 212 1079 262 ingemo
1103 211 1314 261 improbust.

161 272 238 320 *Dr
272 281 353 320 scio
374 280 556 331 equidem
579 292 679 330 quae
701 280 794 316 nolo
817 279 937 315 multa
961 277 1011 315 mi
1033 277 1231 315 audienda
1253 278 1304 315 ol)
1327 275 1494 314 noxiam.
1517 282 1559 313 60

87 352 150 394 835
171 360 244 396 ego
266 346 333 384 tibi
358 360 418 385 me
440 345 654 384 obnoxium
676 358 760 382 esse
783 345 904 382 fateor
924 344 1062 392 culpae
1083 350 1319 392 compotem.

173 414 250 450 AN.
283 411 476 458 Callicle&
500 411 590 449 uide
611 423 758 460 quaeso
781 422 959 459 magnam
983 422 1032 446 ne
1055 407 1171 446 facias
1192 407 1369 446 iniuriam
1389 423 1395 445 :

173 477 250 514 reu'
271 477 421 514 solutus
442 488 620 514 caussam
641 474 747 520 dicit,
771 473 879 512 testis
901 473 1054 511 uinctos
1074 472 1226 511 attines.

173 543 245 580 CA.
287 541 426 579 soluite
461 540 561 579 istas.
638 539 750 589 agite,
787 538 891 577 abite
932 545 970 576 tu
1011 538 1175 576 domum
1216 545 1252 575 et
1293 546 1333 575 tu
1367 545 1498 576 autem

1321 603 1497 641 domum.

172 673 355 721 eloquere
377 672 473 709 haec
494 684 580 709 erae
603 679 666 708 tu:
698 683 860 719 puerum
884 670 1031 715 reddat,
1056 668 1084 706 si
1108 667 1193 718 quis
1215 681 1304 706 eum
1328 675 1442 718 petat.
1520 671 1562 713 65

86 740 155 782 840
172 749 307 774 eamus
329 744 368 774 tu
386 735 424 774 in
446 735 514 774 ius.
578 737 641 773 D1.
674 735 770 785 quid
791 734 850 773 uis
872 735 908 771 in
932 733 989 771 ius
1011 746 1073 770 me
1095 733 1176 770 ire?
1225 735 1265 770 tu
1287 746 1326 770 es
1349 740 1501 782 praetor

1393 796 1498 835 mihi.

174 880 309 906 uerum
333 874 369 905 te
391 879 554 917 opsecro
576 873 616 904 ut
639 873 744 903 tuam
766 864 922 915 gnatam
945 865 1014 903 des
1037 863 1087 902 mi
1111 876 1282 909 uxorem⁷
1306 861 1498 902 Callicles.

173 934 245 972 CA.
269 946 354 970 eam
372 933 494 971 dem?
523 932 587 981 pol
609 938 646 969 te
668 930 860 969 iudicasse
882 928 1033 979 pridem
1050 928 1162 966 istam
1181 941 1261 966 rem
1279 927 1472 977 intellego.

173 1011 263 1036 nam
286 999 361 1036 hau
379 996 566 1044 mansisti,
582 997 677 1036 dum
699 1009 773 1046 ego
793 996 927 1034 darem
945 994 1048 1033 illam
1067 1010 1073 1031 ;
1105 1000 1185 1031 tute
1202 991 1402 1043 sumpsisti
1419 991 1500 1030 tibi.

174 1077 278 1102 nunc
300 1063 445 1102 habeas
466 1069 508 1101 ut
528 1063 687 1100 nactu’s.
747 1074 884 1099 uerum
906 1058 1075 1110 hoc'ego
1096 1066 1133 1097 te
1155 1057 1332 1097 multabo
1353 1058 1470 1096 bolo:
1527 1071 1563 1102 20

88 1133 152 1177 845
173 1142 239 1167 sex
260 1130 406 1167 talenta
427 1141 567 1179 magna
587 1127 690 1166 dotis
711 1128 869 1166 demam
891 1139 961 1175 pro
982 1125 1054 1163 ista
1074 1124 1237 1162 inscitia.

177 1195 241 1232 D1.
275 1194 376 1233 bene
405 1193 477 1244 agi'
509 1206 691 1234 mecum.·
745 1193 816 1231 CA.
850 1190 972 1229 filium
1003 1189 1117 1228 istinc
1145 1196 1254 1228 tuom
1283 1196 1319 1227 te
1351 1188 1505 1227 meliust

1318 1260 1502 1304 repetere.

175 1333 348 1364 ceterum
370 1338 529 1364 uxorem
551 1337 670 1375 quam
692 1322 859 1374 primum
881 1328 1011 1373 potest
1030 1321 1185 1360 abduce
1206 1333 1252 1358 ex
1272 1319 1448 1359 aedibus.

177 1404 250 1441 ego
269 1391 380 1429 abeo.
440 1390 516 1428 iam
537 1389 590 1427 illi
612 1387 807 1427 remittam
829 1386 1010 1425 nuntium
1031 1385 1152 1425 adfini
1173 1399 1274 1433 meo,

177 1455 306 1495 dicam
328 1463 370 1494 ut
390 1455 505 1493 aliam
526 1453 804 1493 condicionem
825 1451 905 1490 filio
927 1451 1101 1491 inueniat
1122 1464 1261 1490 suo.—
1527 1463 1565 1497 75

90 1522 160 1566 850
180 1523 244 1560 D1.
277 1529 315 1559 at
335 1534 408 1571 ego
428 1521 479 1559 ab
500 1521 573 1558 hac
593 1532 757 1570 puerum
779 1531 995 1568 reposcam,
1018 1530 1068 1556 ne
1088 1530 1180 1555 mox
1200 1515 1343 1555 infitias
1363 1523 1426 1555 eat
1443 1530 1453 1564 ,-

177 1586 274 1624 nihil
288 1594 356 1632 est,
372 1586 462 1623 nam
477 1599 593 1636 eapse
610 1586 711 1623 ultro
728 1592 770 1622 ut
783 1585 967 1622 factumst
981 1582 1071 1622 fecit
1087 1595 1247 1621 omnem
1265 1595 1346 1621 rem
1362 1582 1503 1631 palam.

221 1693 284 1731 833
310 1691 472 1731 inprobus
498 1690 572 1731 (pro
595 1689 654 1730 -st)
681 1688 770 1720 codd.
796 1688 899 1719 Nonii
919 1698 960 1728 5:
997 1687 1166 1729 [timidus]
1189 1691 1241 1718 est
1262 1686 1422 1727 inprobus
1439 1686 1504 1717 cod.

181 1736 195 1777 ζ
197 1735 236 1766 iv.
259 1738 294 1775 3)
426 1736 490 1774 834
514 1734 662 1765 obnoxia
679 1733 743 1765 cod.
765 1744 771 1764 :
795 1743 873 1764 corr.
888 1731 1080 1764 Palmem'us
1225 1732 1288 1770 835
1313 1740 1422 1762 essem
1439 1730 1504 1761 cod.

180 1779 289 1810 cultae
307 1778 506 1818 compotemi
523 1777 589 1808 cod.
606 1789 612 1808 ε
637 1787 715 1809 corr.
734 1776 923 1808 Saracenas
1063 1775 1127 1814 836
1152 1774 1229 1805 uide
1247 1774 1281 1805 Β
1378 1784 1505 1814 quaeso

182 1832 339 1862 magnam
363 1832 404 1853 ne
428 1821 554 1853 Schoell
566 1833 574 1852 t
604 1830 846 1861 quaesomnem
870 1818 935 1851 cod.
965 1819 1034 1860 (vii,
1058 1829 1089 1859 p.
1112 1818 1212 1858 104):
1249 1817 1284 1848 in
1307 1817 1506 1857 quaestione

181 1877 224 1897 ne
241 1865 307 1897 Leo
437 1867 499 1905 837
525 1865 605 1896 dicit
621 1869 654 1895 ta
667 1865 750 1905 (tam
762 1863 851 1904 PCD)
869 1863 952 1894 estis
968 1863 1045 1904 (pro
1062 1861 1192 1899 mestis,
1210 1862 1229 1893 i.
1243 1872 1268 1893 e.
1287 1861 1398 1903 testis)
1418 1861 1507 1893 uicto

179 1910 242 1941 sati
262 1909 337 1940 ines
354 1908 419 1940 cod.
436 1921 442 1939 τ
467 1919 546 1941 corr.
564 1908 699 1949 Lipsius
844 1908 908 1947 84ο
932 1906 984 1948 tu]
1003 1911 1016 1938 t
1031 1905 1107 1936 PCD
1123 1917 1129 1935 :
1154 1915 1220 1936 om.
1238 1905 1313 1937 Ital.
1403 1905 1435 1936 in
1454 1905 1507 1936 ius

207 1977 215 1985 .
234 1977 241 1984 .
262 1953 296 1984 in
314 1953 364 1984 ius
380 1953 568 1984 Saracenas
583 1964 590 1983 :
614 1952 703 1983 intus
721 1974 728 1981 .
747 1974 755 1983 .
773 1974 781 1982 .
802 1951 894 1982 intus
909 1950 975 1981 cod.
1084 1954 1119 1981 tu
1137 1959 1174 1980 es
1189 1948 1265 1980 Ital.
1281 1960 1288 1979 τ
1313 1953 1346 1980 et
1363 1959 1424 1980 ues
1439 1947 1505 1979 cod.

179 1999 240 2036 841
267 1997 310 2028 mi
328 2007 391 2028 om.
406 1996 479 2027 1201>
576 1996 640 2035 842
664 2004 738 2026 eam
755 1994 832 2026 dem
848 1992 1186 2035 Palmer(Hermc1tl1.
1203 2003 1234 2033 9,
1256 1992 1311 2034 73)
1327 2003 1335 2025 t
1361 1993 1505 2024 eundem

179 2040 243 2072 cod.
265 2041 300 2080 (u
315 2045 374 2080 pro
387 2041 419 2079 a)
518 2040 611 2080 pulte
629 2039 695 2070 cod.
787 2038 917 2077 pridem
936 2037 1078 2078 Spengel
1090 2048 1097 2068 :
1121 2037 1256 2077 quidem
1281 2035 1347 2069 cod.
1450 2037 1507 2076 qui

179 2084 314 2116 admisti
340 2094 413 2115 eam
440 2094 510 2114 rem
539 2084 601 2114 Leo
752 2083 817 2122 843
842 2082 921 2113 dum
949 2081 1182 2112 Camerarius:
1208 2081 1284 2111 dem
1307 2079 1374 2111 cod.
1403 2079 1506 2118 (idem

179 2127 270 2170 PCD)
364 2128 426 2167 845
444 2137 566 2168 magna
581 2126 768 2159 Saracenus
786 2137 793 2157 ε
817 2125 946 2156 malana
962 2123 1027 2156 cod.
1091 2124 1190 2156 dotes
1206 2125 1317 2163 (detes
1332 2123 1421 2164 FCD)
1439 2123 1505 2154 cod.

115 2202 126 2212 ,
181 2172 282 2203 istasc
301 2172 414 2212 (istast
430 2169 516 2212 PCD)
535 2170 618 2202 inse.
635 2169 702 2201 cod.
724 2170 783 2212 (iv.
797 2169 832 2208 3)
975 2169 1039 2206 846
1063 2172 1156 2198 tuom
1175 2167 1389 2198 Camerarius
1406 2178 1413 2197 :
1437 2171 1508 2198 tum

181 2215 247 2246 cod.
405 2216 468 2253 847
492 2223 635 2245 uxorum
657 2213 723 2245 cod.
750 2213 844 2255 (corr.
868 2211 956 2253 PCD)
1071 2211 1159 2242 abdu
1178 2210 1311 2250 (abduci
1327 2210 1416 2250 PCD)
1439 2210 1506 2241 cod.

183 2260 256 2300 (pro
278 2257 377 2299 abdu,
397 2259 416 2290 ι’.
427 2268 451 2289 e.
468 2257 635 2298 abducet)
778 2256 843 2296 848
866 2255 950 2287 abeo
971 2254 1166 2286 Fleckeisen:
1190 2255 1276 2285 adeo
1300 2253 1365 2285 coel.
1386 2253 1430 2292 (D
1445 2258 1510 2294 pro

183 2301 228 2341 B)
369 2301 460 2333 affini
479 2301 691 2333 Camerarius
707 2311 714 2332 ε
737 2300 793 2332 adi
812 2301 888 2340 (pro
904 2298 964 2331 ads
966 2303 987 2338 i,
1009 2299 1026 2329 ι’.
1039 2308 1064 2329 e.
1083 2297 1223 2337 adfini‘l)
1241 2296 1309 2329 cod.
1445 2298 1510 2336 850

182 2345 224 2376 ab
248 2345 326 2386 hac]
353 2345 460 2377 istanc
484 2345 672 2385 Abraham,
699 2344 758 2385 qui
783 2353 888 2384 posco
914 2343 956 2373 ab
983 2352 1050 2373 uon
1077 2341 1279 2372 Plautinum
1308 2350 1373 2372 esse
1403 2343 1513 2372 monet

183 2394 238 2420 eat
253 2389 326 2420 Ital.
342 2399 350 2419 ι
377 2394 411 2421 et
427 2388 492 2421 cod.
627 2389 689 2428 851
715 2397 819 2428 eapse
835 2386 972 2426 Seyffert
987 2395 994 2415 ε
1019 2385 1091 2425 ipsa
1107 2389 1141 2416 ct
1157 2384 1224 2416 cod.
1317 2384 1426 2415 sactus
1441 2383 1507 2416 cod.
