1783 2707
130 90 242 128 III.i
646 94 691 131 T.
726 94 906 132 MACCI
938 94 1141 131 PLAVTI

691 331 946 378 ACTVS
1002 330 1092 377 III

101 443 214 480 III.i
383 444 743 481 PALAESTRIO
855 444 1414 481 PERIPLECTOMENVS

717 509 1066 546 PLEvsmLEs

231 608 298 644 PA.
333 605 528 646 Cohibete
550 605 649 643 intra
670 605 789 643 limen
812 605 930 643 etiarn
952 619 1023 644 uos
1045 618 1263 655 parumper,
1289 604 1511 652 Pleusicles,

229 671 343 709 sinite
366 685 427 710 me
450 670 544 721 priu’
567 679 824 720 perspectare,
848 685 897 709 ne
919 670 1072 721 uspiam
1094 670 1259 708 insidiae
1281 670 1380 709 sient

230 733 441 772 concilium
463 734 571 783 quod
593 733 737 771 habere
758 734 953 771 uolumus.
1013 747 1105 771 narn
1131 746 1229 783 opus
1257 740 1315 771 est
1341 746 1447 771 nunc
1474 740 1559 771 tuto

1469 799 1559 837 loco

229 864 335 901 unde
356 862 537 901 inimicus
560 876 608 901 ne
630 863 716 912 quis
739 863 859 901 nostri
881 862 1005 913 spolia
1027 862 1153 913 capiat
1174 862 1321 901 consili.

191 941 208 972 5
229 942 320 966 nam
342 929 444 967 bene
465 929 689 966 consultum
711 927 1026 975 inconsultumst‚
1051 927 1081 966 si
1103 928 1142 966 id
1164 928 1331 966 inimicis
1352 928 1486 975 usuist‚
1576 929 1647 962 600

230 1007 359 1043 neque
381 1001 508 1043 potest
530 992 635 1042 quin,
661 993 690 1031 si
713 993 752 1031 id
774 992 942 1031 inimicis
965 993 1099 1040 usuist,
1123 993 1225 1043 opsit
1246 993 1315 1031 tibi
1335 1008 1344 1040 3

230 1072 321 1097 narn
342 1059 443 1097 bene
464 1057 725 1109 <consultum
747 1058 955 1096 consilium
979 1058 1194 1108 surrupitur
1216 1058 1465 1108 saepissume,

229 1123 260 1161 si
282 1124 402 1178 minu'
422 1137 513 1166 cum
534 1137 626 1162 cura
646 1131 711 1161 aut
733 1125 885 1162 cautela
905 1125 1005 1162 locu'
1026 1123 1215 1173 loquendi
1237 1125 1358 1162 lectus
1380 1131 1448 1162 est.

230 1188 377 1238 quippe
397 1188 474 1238 qui,
499 1188 529 1226 si
550 1188 741 1227 resciuere
762 1189 911 1227 inimici
936 1188 1143 1227 consilium
1165 1196 1285 1236 tuom,

173 1269 211 1291 10
230 1260 367 1303 tuopte
383 1253 452 1291 tibi
467 1253 632 1292 consilio
646 1255 862 1292 occludunt
879 1253 1051 1303 linguam
1073 1261 1111 1292 et
1132 1254 1403 1304 constringunt
1418 1268 1556 1293 manus
1577 1258 1642 1303 605

227 1326 347 1368 atque
368 1319 507 1357 eadem
528 1331 629 1368 quae
649 1318 722 1356 illis
744 1318 902 1357 uoluisti
923 1320 1060 1366 facere,
1084 1319 1138 1356 illi
1159 1319 1307 1357 faciunt
1328 1319 1408 1357 tibi.

228 1385 297 1422 sed
319 1384 551 1434 speculabor
570 1383 709 1433 nequis
729 1391 795 1421 aut
816 1383 908 1422 hinc
928 1391 995 1421 aut
1015 1384 1065 1422 ab
1085 1385 1197 1422 laeua
1217 1391 1283 1422 aut
1303 1398 1326 1422 a
1346 1385 1504 1423 dextera

227 1457 362 1488 nostro
382 1448 547 1487 consilio
568 1457 732 1487 uenator
752 1449 853 1487 adsit
875 1462 965 1487 cum
987 1449 1120 1487 auritis
1141 1449 1275 1500 plagis.

228 1514 365 1552 sterilis
387 1514 478 1551 hinc
498 1522 728 1563 prospectus
749 1527 873 1563 usque
894 1515 944 1552 ad
966 1516 1196 1552 ultumamst
1217 1517 1384 1565 plateam
1408 1517 1541 1566 probe.

171 1591 208 1623 15
228 1579 416 1618 euocabo.
477 1580 573 1617 heus
595 1579 933 1629 Periplectomene
954 1586 991 1618 et
1014 1579 1237 1626 Pleusicles,
1253 1581 1533 1631 progredimini
1550 1585 1556 1620 !
1575 1580 1645 1614 610

229 1646 297 1682 PE.
329 1657 421 1683 ecce
453 1656 524 1681 nos
556 1643 627 1682 ti'oi
659 1643 928 1682 oboedientes.
990 1646 1058 1682 PA.
1095 1644 1245 1683 facilest
1280 1645 1486 1696 imperium
1517 1647 1555 1685 in

1428 1711 1553 1750 bonis

233 1771 303 1809 sed
323 1771 416 1809 uolo
437 1772 544 1818 scire,
568 1773 711 1817 eodem
732 1771 898 1811 consilio
919 1775 1027 1824 quod
1049 1774 1153 1814 intus
1174 1775 1352 1814 meditati
1372 1790 1507 1814 sumus

276 1886 337 1915 597
362 1879 570 1917 perspectari
590 1878 684 1909 PCD:
713 1885 933 1918 prospectare
950 1880 982 1911 Β
1084 1883 1147 1922 598
1172 1893 1261 1913 nunc
1278 1893 1342 1914 om.
1363 1882 1396 1912 A
1496 1894 1561 1924 599

233 1920 335 1959 nequi
353 1920 385 1949 Α
479 1922 601 1952 nostris
622 1924 689 1961 (τε.
708 1923 773 1959 ΒΙ)
792 1924 824 1954 P
836 1929 873 1954 ut
887 1924 951 1956 vz'd.
1045 1931 1156 1966 captat
1173 1926 1206 1955 A
1221 1927 1331 1967 (Tpro
1344 1927 1371 1965 1)
1418 1929 1564 1967 sequitur

232 1964 265 1993 in
282 1963 333 1994 P:
371 1965 460 1994 unde
488 1965 642 1996 inimicus
671 1968 790 2006 nequis
819 1973 935 1999 nostra
961 1968 1070 2007 spolia
1096 1970 1207 2008 capiat
1232 1970 1367 2001 auribus
1390 1970 1481 2009 (llaec
1504 1975 1563 2002 aut

233 2008 446 2038 retractatoris
466 2013 545 2039 sunt
565 2014 624 2040 (ml
643 2021 682 2040 ex
699 2021 767 2040 una
782 2012 893 2049 glossa
914 2013 1086 2043 ‘auribus'
1105 2014 1190 2051 orta)
1340 2016 1404 2045 600
1429 2020 1479 2045 est
1492 2026 1556 2046 om.

232 2050 265 2080 P
351 2051 495 2082 inimicis
528 2054 634 2084 usuist
675 2054 821 2086 Rt'lsclzl:
875 2055 1096 2095 inimicusuist
1135 2056 1168 2086 A
1186 2068 1191 2086 :
1240 2057 1386 2088 inimicis
1426 2069 1506 2089 usus
1530 2059 1563 2089 P

231 2095 293 2124 601
320 2095 399 2132 quin
435 2095 462 2125 si
497 2096 528 2126 id
585 2098 641 2136 qui
675 2097 738 2128 nisi
773 2098 805 2127 Ρ
904 2099 963 2130 tibi
996 2100 1189 2130 Acidalius:
1228 2101 1307 2130 mihi
1332 2100 1365 2130 P
1390 2101 1438 2139 (A
1466 2113 1495 2133 n.
1520 2103 1557 2141 l.)

231 2139 303 2173 602,
323 2139 387 2176 603
412 2141 623 2170 retractatoris
640 2152 703 2171 csse
719 2141 816 2171 credit
835 2142 936 2173 Wet'se
1067 2145 1131 2173 602
1156 2144 1344 2174 consultum
1362 2144 1437 2175 add.
1458 2145 1562 2176 Bothe

233 2181 294 2217 (iii.
329 2181 360 2218 ῐ)
505 2185 568 2222 603
593 2190 650 2214 aut
677 2179 849 2220 catalogos
870 2187 902 2216 P
929 2186 972 2225 (v.
995 2197 1027 2225 9,
1053 2186 1085 2225 Ι)
1178 2187 1299 2218 lectum
1323 2188 1357 2218 P
1376 2190 1464 2227 (2-us
1491 2189 1555 2226 3¹)

229 2226 292 2263 604
317 2225 441 2264 quippe
467 2226 525 2264 qui
558 2227 696 2261 Tyn-ell-
721 2229 847 2267 quippe
871 2229 902 2269 hi
926 2229 984 2260 A:
1008 2230 1132 2272 quippe
1149 2230 1182 2260 P
1278 2232 1364 2262 scire
1393 2232 1506 2262 sinere
1529 2232 1563 2263 P

231 2268 267 2302 (i.
288 2269 322 2306 5)
413 2280 508 2300 suun
527 2270 559 2299 P
667 2272 732 2301 606
756 2271 801 2301 illi
821 2283 886 2303 om.
908 2272 941 2302 P
956 2274 1051 2311 (21)νο
1068 2274 1195 2305 faciunt
1212 2275 1236 2310 i)
1347 2277 1409 2314 607
1436 2276 1556 2314 nequis

228 2316 411 2350 suspectum
430 2313 478 2352 (A
499 2324 530 2344 n.
551 2313 569 2343 Ι.
578 2314 587 2344 Ἰ.
691 2319 748 2344 aut
765 2315 861 2345 hinc]
883 2316 960 2346 hinc
977 2315 1194 2347 Studemund
1211 2319 1323 2356 (etlam
1337 2318 1369 2347 A
1385 2319 1409 2351 23
1499 2324 1556 2350 aut

229 2354 270 2384 ab
288 2359 330 2385 la*
353 2355 389 2385 ls
409 2356 460 2387 al.
485 2356 551 2384 DCD
642 2363 727 2388 auta
747 2357 794 2391 d]
810 2364 866 2389 aut
884 2360 915 2390 d.
934 2359 966 2389 Β
1074 2361 1139 2400 609
1162 2361 1323 2392 ultumam
1338 2362 1558 2401 plateamstP

229 2397 281 2438 (Ef-
299 2397 395 2445 MfrC.
413 2401 491 2439 330)
626 2402 756 2432 612—80
779 2400 863 2433 deest
879 2402 912 2432 A
