1731 2713
615 105 1017 146 MOSTELLARIA
1411 102 1464 139 ΙΙ.

142 222 348 272 tranquille
369 230 510 259 cuncta
531 228 568 258 et
590 227 630 257 ut
653 217 885 268 proueniant
908 217 990 253 sine
1013 216 1126 262 malo,

55 298 120 334 415
143 288 182 325 ni
202 287 297 337 quid
319 286 488 337 potiatur
508 298 626 335 quam
647 285 699 322 ob
722 297 800 321 rem
823 282 950 332 pigeat
972 281 1114 319 uiuere.

142 352 242 390 sicut
263 365 335 401 ego
356 351 542 396 ecficiam,
566 363 666 399 quae
687 350 788 386 facta
809 348 873 385 hic
894 346 1148 392 turbauimus‚

143 419 318 468 profecto
340 425 380 454 ut
402 416 575 466 liqueant
597 414 729 452 onmia
751 422 787 451 et
810 412 1017 462 tranquilla
1037 411 1113 448 sint

144 496 272 532 neque
293 482 504 532 quicquam
527 480 641 518 nobis
663 479 813 529 pariant
835 492 880 516 ex
902 491 942 515 se
963 475 1216 514 incommodi.

144 549 213 586 sed
234 547 330 597 quid
351 555 391 584 tu
413 547 607 595 egredere,
632 543 850 593 Sphaerio?
878 542 956 579 iam
978 542 1066 578 iam.
1126 549 1288 590 optume

56 628 125 661 420
144 612 359 663 praeceptis
382 610 551 661 paruisti.
613 611 681 647 Pv.
715 608 825 646 iussit
846 619 1030 644 maxumo

143 691 261 728 opere
282 690 389 714 orare
411 683 451 713 ut
473 683 621 724 patrem
643 673 777 723 aliquo
797 679 1028 722 apsterreres
1050 670 1171 708 modo

143 756 193 780 ne
213 742 315 779 intro
336 741 405 779 iret
425 741 475 778 ad
497 753 547 778 se.
607 741 683 776 TR.
717 737 812 787 quin
834 736 950 774 etiarn
973 735 1025 772 illi
1047 736 1123 772 hoc
1144 733 1275 780 dicito,

143 808 335 845 facturum
355 805 453 857 <me>
473 813 514 842 ut
535 818 584 842 ne
606 803 723 842 etiam
745 801 919 852 aspicere
939 799 1047 838 aedis
1067 800 1222 845 audeat,

143 871 271 922 capite
291 872 483 909 obuoluto
505 877 546 907 ut
567 868 687 918 fugiat
709 881 799 905 cum
822 879 977 904 summo
998 872 1115 902 metu.

55 949 120 986 425
144 936 286 975 clauim
308 937 408 974 cedo
429 943 545 984 atque
565 933 630 972 abi
653 930 778 985 [hinc]
801 931 902 969 intro
922 938 1040 980 atque
1061 929 1226 966 occlude
1247 927 1407 974 ostium,

142 1009 181 1041 et
201 1015 273 1051 ego
294 1001 386 1039 hinc
407 1000 627 1038 occludam.
687 997 779 1035 iube
801 995 934 1034 uenire
955 993 1150 1032 nunciam.

142 1068 256 1105 ludos
278 1079 350 1116 ego
371 1065 490 1104 hodie
511 1064 605 1102 uiuo
626 1061 821 1113 praesenti
842 1061 906 1099 hic
927 1060 1009 1099 seni

142 1131 294 1178 faciam,
318 1132 426 1181 quod
447 1131 566 1168 credo
588 1136 744 1167 mortuo
766 1139 982 1176 numquam
1004 1127 1097 1163 fore.

143 1198 360 1235 concedam
381 1209 403 1234 a
424 1195 571 1234 foribus
593 1196 680 1239 huc,
705 1192 797 1230 hinc
819 1186 1050 1242 speculabor
1070 1190 1218 1240 procul,

55 1273 125 1307 430
143 1263 248 1301 unde
269 1260 496 1301 aduenienti
517 1259 709 1298 sarcinam
730 1257 932 1308 imponam
953 1255 1046 1294 seni.

413 1374 862 1410 THEOPROPIDES
972 1368 1196 1404 TRANIO

140 1457 220 1494 TH.
254 1454 410 1500 Habeo,
435 1454 631 1502 Neptune,
656 1450 817 1500 gratiam
840 1461 1021 1498 magnam
1043 1446 1125 1494 tibi,

142 1534 263 1570 quom
285 1520 376 1558 med
396 1516 560 1556 amisisti
580 1530 603 1554 a
624 1524 660 1554 te
682 1514 746 1552 uix
767 1514 902 1552 uiuom
924 1513 1100 1551 domum.

141 1598 278 1624 uerum
299 1584 330 1623 si
350 1579 516 1634 posthac
537 1594 599 1619 me
620 1581 764 1630 pedem
785 1580 905 1616 latum
929 1578 1050 1615 modo

141 1651 239 1690 scies
260 1649 465 1701 {mposisse
486 1647 525 1685 in
547 1648 710 1693 undam,
730 1646 808 1683 hau
829 1650 1002 1682 caussast
1022 1642 1113 1680 ilico

55 1729 121 1765 435
143 1717 250 1766 quod
271 1728 377 1753 nunc
398 1712 556 1752 uoluisti
578 1713 704 1750 facere
726 1709 821 1760 quin
842 1708 960 1746 facias
981 1706 1088 1745 mihi.

141 1794 277 1831 apage,
297 1792 419 1830 apage
439 1787 477 1817 te
497 1792 520 1816 a
540 1791 603 1816 me
625 1775 811 1814 nunciam
833 1781 922 1824 post
942 1774 1048 1811 hunc
1069 1771 1175 1811 diem
1192 1775 1198 1810 !

141 1847 249 1897 quod
270 1844 485 1884 crediturus
507 1842 578 1882 tibi
598 1841 652 1880 fui
674 1853 793 1879 omne
814 1838 973 1878 credidi.

177 1955 240 1984 414
252 1947 396 1985 post415
410 1941 474 1974 cod.
493 1953 500 1972 :
518 1941 588 1973 lmz'.
603 1939 777 1970 Acidalius
791 1949 796 1968 :
816 1948 876 1977 414
887 1939 962 1977 post
974 1938 1037 1975 416
1049 1934 1177 1966 collocat
1187 1934 1257 1974 Fay
1270 1933 1367 1975 (Berl.
1382 1932 1467 1964 Phil.

145 1987 254 2020 Woclz.
273 1998 324 2026 20,
343 1988 422 2025 828)
513 1996 576 2025 414
600 1981 769 2024 sine[mo]
788 1981 876 2012 malo
892 1979 956 2011 cod.
973 1980 1030 2020 (iv.
1047 1980 1083 2019 3)
1174 1979 1238 2017 416
1264 1977 1470 2008 turbabimus

141 2031 206 2062 cod.
341 2041 403 2069 417
429 2030 605 2069 linqueant
623 2027 689 2058 cod.
711 2028 803 2066 (corr.
823 2023 882 2064 ΒΕ)
1034 2024 1096 2062 418
1120 2033 1163 2053 ex
1180 2032 1217 2052 se
1237 2021 1470 2052 Camerarius:

141 2076 218 2106 exei
237 2075 349 2113 (exeis
364 2073 408 2113 B)
429 2073 494 2104 cod.
516 2076 553 2114 (x
566 2077 628 2112 pro
646 2071 701 2107 κε)
803 2078 868 2108 419
894 2068 928 2109 (i,
949 2077 980 2107 p.
1003 2068 1059 2107 29)
1131 2065 1300 2105 Sphaerio
1315 2064 1469 2105 Seyffert:

142 2119 255 2158 sperio
273 2117 336 2148 cod.
473 2126 532 2155 421
559 2125 663 2155 opere
680 2113 754 2144 Ital.
775 2124 781 2143 :
805 2117 906 2152 opete
923 2110 987 2142 cod.
1115 2119 1179 2149 422
1204 2110 1245 2140 ad
1262 2118 1299 2139 se
1312 2107 1468 2147 Pylades:

142 2163 237 2193 adest
254 2161 317 2192 cod.
438 2170 501 2199 423
527 2169 579 2189 me
596 2157 670 2188 add.
689 2156 828 2197 Pylades
914 2155 963 2185 vel
977 2155 1025 2185 uti
1142 2162 1206 2192 425
1230 2151 1316 2193 (vide
1329 2151 1375 2182 ad
1388 2152 1467 2190 411)

142 2206 196 2236 abi
213 2205 290 2236 hinc
307 2206 394 2235 intro
410 2204 459 2234 vel
473 2203 538 2234 abii
556 2203 643 2232 intro
660 2200 724 2232 cod.
841 2209 903 2237 427
929 2209 1012 2229 sene
1028 2197 1093 2228 cod.
1116 2197 1212 2237 (corr.
1228 2194 1288 2236 ΒΞ)
1403 2196 1467 2233 428

142 2259 208 2289 quo
226 2250 268 2279 do
285 2248 348 2278 edo
364 2247 431 2278 cod.
453 2248 542 2286 (corr.
558 2245 619 2285 ΒΖ)
731 2254 794 2283 432
818 2243 860 2273 ad
878 2247 911 2273 te
930 2242 1005 2283 (pro
1021 2246 1099 2275 atte,
1116 2240 1186 2279 ate)
1205 2239 1269 2271 cod.
1290 2240 1382 2280 (corr.
1401 2236 1465 2278 132)

142 2293 276 2324 domum
292 2291 331 2322 P.
354 2290 501 2321 Thomas
516 2301 523 2320 ε
547 2289 645 2320 modo
662 2287 728 2319 cod.
749 2288 806 2328 (qs.
821 2286 900 2326 433)
1012 2294 1076 2324 433
1099 2285 1207 2314 uirum
1224 2282 1289 2313 cod.
1402 2291 1466 2320 434

141 2346 243 2366 causa
260 2335 349 2365 illico
366 2338 418 2364 est
434 2333 498 2367 cod„
515 2344 521 2363 :
546 2333 616 2363 irai.
635 2331 814 2362 Scm'vem'us
956 2330 1022 2367 436
1045 2338 1153 2367 apage
1170 2337 1273 2365 acage
1290 2325 1354 2357 cod.
1376 2326 1465 2365 (corr.

139 2378 199 2420 ΒΞ)
311 2387 372 2416 437
399 2377 490 2407 omni
507 2375 570 2407 cod.
592 2378 682 2415 (corr.
700 2374 762 2414 32)

1485 101 1499 137 i

1494 487 1534 522 70

1495 813 1531 846 75

1491 1129 1534 1159 80

1485 1364 1516 1402 ii
