1731 2713
735 125 908 164 PERSA
1454 123 1482 161 I.
1506 120 1549 158 iii

155 241 234 281 ΤΟ.
266 240 341 278 iam
366 242 458 279 nolo
477 249 706 290 argentum:
738 239 856 276 filiam
878 239 1065 277 utendam
1090 246 1196 276 tuam

161 305 254 343 mihi
276 307 335 345 da.
397 309 486 344 SAT.
520 317 736 354 numquam
754 304 896 354 edepol
919 302 1133 353 quoiquam
1157 303 1273 341 etiam
1296 305 1483 343 utendam

1379 369 1482 408 dedi.

159 436 232 473 ΤΟ.
265 448 345 473 11011
366 436 416 474 ad
446 434 545 473 istuc
566 435 674 484 quod
702 442 742 472 tu
771 432 982 472 insimulas.
1044 435 1132 471 SAT.
1166 433 1261 483 quid
1283 448 1368 472 eam
1398 434 1486 472 uis?

1267 500 1339 536 ΤΟ.
1373 499 1484 537 scies.

75 580 140 615 130
159 565 250 616 quia
270 567 393 604 forma
413 565 542 616 lepida
563 572 601 603 ct
622 563 769 603 liberali
791 572 858 602 est.
920 567 1009 603 SAT.
1042 577 1101 601 res
1123 562 1221 601 itast.
1504 574 1546 606 50

158 632 231 668 To.
264 629 327 669 1110
347 632 438 669 leno
458 644 587 680 neque
608 638 645 669 te
667 629 777 668 nouit
799 643 928 680 neque
948 637 1106 679 gnatam
1130 637 1247 667 tuam.

158 697 248 734 SAT.
281 709 344 734 me
365 703 406 733 ut
427 694 634 745 quisquam
656 695 757 734 norit
779 694 852 732 nisi
874 694 937 733 ille
959 694 1024 744 qui
1046 694 1206 744 praebet
1227 693 1390 732 cibum?

158 762 230 798 To.
264 760 316 798 ita
337 767 405 798 est.
464 761 540 798 11Οο
561 768 601 798 tu
623 760 676 798 1111
698 760 864 810 reperire
885 767 1087 810 argentum
1111 767 1234 810 potes.

158 828 247 864 SAT.
280 824 398 875 cupio
414 826 554 863 hercle.
614 827 688 863 To.
722 833 804 863 tum
828 833 867 863 tu
891 839 952 863 me
975 824 1058 863 sine
1080 824 1184 862 illam
1208 826 1391 864 uendere.

76 902 137 939 135
158 893 247 929 SAT.
281 897 350 928 tun
372 889 476 927 illam
498 890 678 928 uendas?
734 891 808 928 To.
841 889 963 928 immo
984 889 1102 927 alium
1124 890 1359 939 adlegauero
1504 898 1544 930 55

158 954 224 1004 qui
246 955 402 1001 uendat,
427 953 493 1004 qui
515 967 599 992 esse
619 968 661 993 se
682 953 929 1005 peregrinum
950 953 1160 1004 praedicet.

158 1019 257 1057 sieut
279 1018 363 1057 istic
384 1020 474 1057 leno
495 1033 575 1057 non
597 1033 664 1058 sex
686 1033 841 1058 menses
865 1019 1091 1070 Megaribus

159 1086 236 1123 huc
257 1092 314 1123 est
335 1098 455 1134 quom
478 1084 760 1135 commigrauit.
822 1087 911 1124 SAT.
942 1092 1106 1135 pereunt
1127 1084 1323 1135 reliquiae.

160 1149 351 1200 posterius
373 1149 473 1188 istuc
493 1158 624 1188 tamen
649 1158 788 1200 potest.
849 1151 922 1187 To.
957 1149 1039 1188 scin
1061 1164 1179 1200 quam
1201 1151 1361 1200 potest?

78 1227 143 1262 140
161 1230 377 1266 numquam
399 1217 528 1255 hercle
550 1216 669 1255 hodie
697 1215 700 1267 1
727 1216 789 1254 1110
812 1216 916 1266 prius
940 1216 1034 1263 edis,
1058 1230 1107 1255 ne
1128 1218 1267 1255 frustra
1287 1216 1349 1263 sis,
1506 1220 1549 1250 60

160 1295 277 1332 quarn
301 1289 338 1320 te
360 1282 435 1320 1100
457 1282 649 1320 facturum
672 1282 780 1331 quod
801 1295 895 1331 rogo
915 1282 1098 1320 adfirmas
1120 1281 1215 1319 mihi
1233 1296 1242 1329 3

157 1354 276 1397 atque
296 1345 369 1384 nisi
390 1354 548 1396 gnatam
572 1354 701 1385 tecum
725 1347 802 1385 huc
823 1346 899 1385 iam
918 1354 1109 1396 quantum
1130 1354 1260 1397 potest

157 1411 333 1459 adducis,
357 1411 507 1462 exigam
530 1412 660 1451 hercle
681 1425 754 1462 ego
774 1419 812 1451 te
833 1426 879 1450 ex
899 1413 973 1450 hac
994 1411 1162 1450 decuria.

160 1477 255 1527 quid
277 1479 412 1516 nunc?
442 1477 537 1527 quid
559 1479 646 1516 est?
676 1477 771 1528 quin
792 1477 890 1516 dicis
912 1477 1007 1527 quid
1028 1478 1190 1516 facturu’
1212 1476 1292 1516 sis?

77 1553 140 1590 145
161 1544 251 1582 SAT.
284 1557 431 1593 quaeso
452 1544 582 1582 hercle
603 1556 666 1582 me
687 1556 847 1593 quoque
867 1542 984 1582 etiarn
1007 1543 1147 1590 uende,
1171 1542 1202 1581 si
1222 1543 1341 1590 lubet,
1507 1540 1549 1584 65

160 1609 256 1646 dum
277 1616 450 1647 saturum
472 1609 632 1647 uendas.
693 1610 767 1646 ΤΟ.
800 1609 887 1656 hoc,
910 1608 940 1647 si
962 1609 1155 1656 faeturffls,
1179 1610 1272 1647 face.

160 1676 250 1712 SAT.
282 1673 423 1712 faciam
450 1672 635 1724 equidem
663 1687 764 1724 quae
786 1673 854 1712 uis.
915 1674 988 1712 TO.
1023 1673 1124 1713 bene
1145 1673 1250 1712 facis.
1311 1686 1485 1724 propera,

1211 1737 1277 1777 abi
1297 1740 1462 1778 domum
1478 1753 1489 1788 ,-

159 1814 399 1855 praemostra
420 1805 548 1853 docte,
572 1803 753 1856 praecipe
775 1812 860 1844 astu
882 1804 994 1852 filiae,

160 1870 256 1921 quid
276 1871 470 1910 fabuletur
487 1886 493 1909 :
525 1870 593 1910 ubi
614 1885 656 1909 se
677 1878 809 1909 natam
830 1869 1040 1921 praedicet,

78 1947 143 1984 150
161 1936 227 1987 qui
247 1935 321 1976 sibi
342 1943 522 1987 parentes
543 1935 696 1984 fuerint,
721 1937 814 1975 und'
835 1944 1015 1987 surrupta
1035 1934 1093 1974 sit.
1508 1940 1550 1978 70

161 2002 230 2040 sed
250 2003 366 2052 longe
385 2001 436 2040 ab
456 2001 624 2040 Athenis
645 2015 730 2040 esse
750 2015 792 2040 se
811 2008 969 2052 gnatam
990 2008 1166 2040 autumet
1182 2015 1192 2050 ,-

206 2106 267 2136 128
295 2105 467 2146 utendam]
499 2106 631 2136 uendaa
660 2104 727 2137 cod.
755 2104 800 2145 (A
820 2110 883 2146 pro
912 2105 960 2141 M)
1121 2115 1181 2144 129
1205 2105 1393 2135 instimulas
1418 2104 1483 2135 cod.

159 2160 231 2180 eam
249 2150 300 2180 uis
316 2149 390 2180 Ital.
408 2161 414 2179 z
439 2159 556 2180 eamus
573 2148 641 2180 cod.
743 2159 801 2188 137
827 2158 894 2180 non
913 2148 1034 2178 VVeise:
1060 2149 1208 2179 nondum
1225 2148 1289 2179 cod.
1310 2160 1317 2178 :
1340 2148 1486 2179 haudum

159 2193 285 2224 Ritsclzl
418 2203 479 2231 140
502 2192 580 2235 (ut)
595 2203 684 2224 num.
705 2193 820 2233 Lange
841 2192 967 2231 (jahrb.
988 2191 1090 2222 class.
1111 2192 1195 2222 Pln'l.
1220 2192 1313 2232 1893,
1331 2202 1362 2231 p.
1387 2192 1463 2231 193)
1481 2203 1487 2222 :

149 2237 230 2277 sort.
252 2247 320 2267 non
336 2236 388 2276 (fi)
408 2247 563 2276 umquam
621 2237 675 2267 vix
690 2237 826 2267 hercu'e
900 2236 955 2266 hic
973 2235 1074 2265 hodie
1091 2234 1234 2276 Spengel
1297 2235 1372 2265 edis
1387 2234 1462 2266 Ital.
1479 2246 1486 2265 :

160 2281 251 2311 sedis
268 2279 359 2311 cod.:
393 2281 473 2311 edes
499 2280 600 2310 Bothe
736 2290 795 2319 142
820 2284 970 2319 quantua
996 2278 1061 2309 cod.
1093 2279 1138 2319 (A
1153 2284 1214 2320 pro
1240 2278 1291 2316 M)
1427 2288 1487 2316 144

160 2323 240 2363 quid
258 2324 330 2354 est?
353 2323 530 2354 Saluriom'
543 2323 601 2354 dat
615 2323 755 2364 Seyff‘ert
875 2333 933 2364 145
960 2322 1088 2352 uendes
1106 2323 1250 2363 (mendas
1266 2322 1357 2365 PCD)
1375 2321 1488 2352 elubet

161 2367 227 2399 cod.
247 2379 253 2398 :
277 2377 352 2398 corr.
373 2365 522 2406 Pylade-5,
542 2366 670 2398 Sclzoell
686 2369 712 2407 <2
729 2367 794 2408 sei)
