1731 2713
713 136 1004 174 POENVLVS
1445 134 1520 170 ΙΙΙ.
1543 134 1555 170 i

149 273 152 277 -
198 246 362 286 diuitem
383 248 569 285 audacter
589 247 760 284 solemus
783 250 952 282 mactare
973 243 1199 281 infortunio.

198 326 271 352 nec
291 311 362 351 tibi
382 325 454 351 nos
475 310 636 350 obnoxii
657 310 756 349 istuc
777 310 873 360 quid
894 316 935 347 tu
956 322 1063 347 ames
1084 316 1150 347 aut
1170 307 1323 348 oderis:
1546 320 1584 352 15

198 391 318 429 quom
339 384 541 428 argentum
563 390 633 428 pro
654 375 782 426 capite
803 374 998 422 dedimus,
1021 382 1197 413 nostrum
1225 374 1421 422 dedimus,
1442 387 1522 412 non

1387 448 1495 478 tuom
1515 454 1526 486 ,-

111 522 178 561 520
196 509 338 549 liberos
360 522 432 548 nos
453 522 538 548 esse
559 516 727 559 oportet.
786 521 858 547 nos
880 515 917 546 te
939 506 1048 545 nihili
1069 506 1292 557 pendinmS‚

196 588 245 613 ne
266 582 334 613 tuo
355 576 426 613 nos
447 574 569 612 amori
591 587 724 613 seruos
746 586 831 612 esse
851 572 1032 612 addictos
1053 585 1227 611 censeas.

195 639 337 678 liberos
354 639 534 678 homines
555 652 624 690 per
644 638 783 677 urbem
805 638 965 677 modico
987 638 1099 688 mag?
1121 650 1188 688 par
1209 645 1266 676 est
1286 638 1408 686 gradu

195 705 260 752 ire,
282 705 423 744 seruoli
445 718 530 744 esse
550 706 655 744 duco
676 704 926 743 festinantem
950 716 1111 742 currere.
1546 717 1585 739 20

195 770 419 822 praesertim
441 770 480 808 in
501 783 541 808 re
562 769 697 820 populi
719 768 873 820 placida
894 776 1012 819 atque
1034 768 1245 806 interfectis
1267 768 1446 806 hostibus

110 847 150 884 52
158 848 173 884 5
195 849 274 874 non
296 836 410 874 decet
430 834 668 873 tumultuari.
729 835 797 872 sed
819 834 849 871 si
871 833 1107 884 properabas
1129 832 1261 882 magis,

194 900 319 952 pridie
339 913 411 938 nos
432 907 470 938 te
490 900 705 938 aduocatos
727 899 804 936 huc
826 898 983 937 duxisse
1004 898 1189 948 oportuit.

194 979 244 1004 ne
264 974 306 1004 tu
327 964 497 1015 opinere,
522 965 598 1002 hau
620 963 829 1014 quisquam
852 962 971 1001 hodie
992 970 1169 1001 nostrum
1191 969 1317 1000 curret
1338 975 1405 1012 per
1427 962 1509 1000 uias

194 1044 323 1082 neque
344 1044 415 1069 nos
436 1030 604 1081 populus
626 1042 696 1079 pro
718 1027 864 1067 cerritis
885 1027 1092 1066 insectabit
1113 1027 1320 1078 lapidibus.
1544 1038 1582 1069 25

194 1099 269 1135 Ac.
300 1104 338 1135 at
360 1096 389 1134 si
410 1096 460 1134 ad
482 1094 691 1146 prandium
714 1107 777 1132 me
798 1093 837 1132 in
857 1094 998 1132 aedem
1020 1106 1091 1131 uos
1113 1092 1297 1132 dixissem
1319 1095 1474 1139 ducere,

110 1173 176 1210 530
194 1162 401 1201 uinceretis
422 1174 580 1200 ceruom
602 1173 717 1198 cursu
738 1161 801 1198 uel
821 1160 1052 1210 gralatorem
1073 1159 1194 1208 gradu
1212 1173 1222 1206 3

193 1241 299 1266 nunc
320 1240 391 1266 uos
412 1226 503 1277 quia
524 1224 619 1263 mihi
641 1226 858 1264 aduocatos
879 1223 957 1262 dixi
979 1231 1017 1263 et
1038 1223 1146 1263 testis
1167 1225 1321 1270 ducere,

193 1292 401 1344 podagrosi
422 1291 512 1330 estis
533 1304 578 1330 ac
599 1289 747 1329 uicistis
768 1292 943 1329 cocleam
964 1289 1216 1328 tarditudine.

193 1360 297 1396 ADv.
329 1371 379 1396 an
400 1370 494 1396 uero
514 1369 595 1394 non
616 1355 716 1394 iusta
738 1368 875 1393 caussa
895 1362 954 1393 est
975 1368 1047 1405 qur
1067 1361 1242 1393 curratur
1265 1354 1441 1394 celeriter
1541 1364 1585 1395 30

192 1424 261 1462 ubi
281 1423 403 1469 bibas,
427 1423 521 1461 edas
541 1422 592 1461 de
611 1420 741 1460 alieno
763 1428 954 1471 quantum
977 1421 1059 1459 ueis
1081 1433 1206 1470 usque
1226 1421 1278 1458 ad
1299 1420 1418 1467 satim,

107 1501 171 1539 535
192 1489 301 1539 quod
322 1496 363 1527 tu
384 1487 529 1526 inuitus
550 1500 768 1537 numquam
790 1487 932 1525 reddas
953 1485 1118 1525 domino
1140 1486 1189 1524 de
1210 1485 1331 1535 quoio
1352 1485 1508 1525 ederis?

192 1555 262 1593 sed
283 1562 414 1593 tamen
436 1566 526 1591 cum
543 1566 590 1591 eo
607 1565 698 1591 cum
715 1551 864 1602 quiqui,
882 1564 1122 1602 quamquam
1138 1552 1264 1589 sumu'
1280 1551 1518 1601 pauperculi,

192 1627 249 1658 est
270 1620 378 1659 domi
399 1620 508 1670 quod
528 1618 693 1666 edimus,
717 1632 767 1657 ne
787 1632 859 1657 nos
880 1625 959 1656 tam
982 1617 1240 1668 contemptim
1262 1625 1451 1656 conteras.

192 1685 388 1736 quidquid
409 1692 466 1723 est
487 1684 743 1735 pauxillulum
766 1684 868 1731 illuc,
893 1697 1012 1722 omne
1034 1690 1209 1721 nostrum
1232 1682 1271 1722 id
1294 1683 1397 1722 intus
1418 1686 1504 1730 est‚'
1543 1695 1581 1727 35

192 1763 321 1802 neque
368 1763 440 1789 nos
479 1762 719 1800 quemquam
770 1748 989 1798 flagitamus
1033 1761 1161 1798 neque
1200 1739 1272 1786 nos
1312 1748 1519 1798 quisquam

1363 1813 1519 1864 flagitat.

233 1922 298 1961 518
320 1921 458 1953 obnoxii
476 1921 600 1952 Bothe:
623 1920 748 1951 obnixii
769 1919 919 1961 [sumus]
940 1919 1006 1952 cod.
1031 1919 1055 1961 (2
1069 1926 1130 1961 pro
1146 1919 1260 1950 obnixi
1278 1919 1323 1959 s.)
1457 1928 1518 1958 521

189 1975 308 1997 seruos
324 1965 481 2006 Pylades:
507 1974 626 1996 seruos
644 1964 754 2006 [tuos]
774 1963 842 1995 cod.
956 1974 1019 2003 522
1038 1963 1088 1995 vel
1096 1974 1193 2003 mage
1300 1972 1362 2002 523
1380 1962 1522 2002 (seruuli

192 2009 238 2040 C:
264 2009 376 2040 seruili
389 2009 445 2040 D:
468 2008 593 2040 seruile
609 2008 641 2038 B
656 2020 662 2039 :
692 2008 759 2039 Tu.
783 2008 819 2048 Ι.)
837 2006 884 2045 tul
897 2011 957 2047 per
979 2008 1162 2048 ligaturam
1181 2007 1287 2047 ειν-φῖ.
1304 2017 1378 2037 cum
1397 2006 1524 2044 ilsacile

189 2053 414 2092 confunditur)
517 2062 578 2091 527
603 2051 654 2083 vel
667 2052 788 2091 opines
893 2060 957 2090 530
983 2061 1119 2082 ceruom
1136 2051 1253 2092 cursu]
1274 2051 1396 2081 circum
1415 2051 1439 2087 (ἓ
1454 2050 1473 2081 τ’.
1488 2060 1518 2089 q.

189 2095 524 2171 κίΐίιένὶᾶίαῖᾳῂίίιτιη
536 2095 559 2168 ’ἒ
579 2105 679 2168 culi-{p
696 2094 762 2168 coc}
788 2094 999 2169 lfc'lcttlmpgn'slsle
1018 2095 1055 2157 ln„
1069 2094 1116 2168 IL.
1137 2097 1227 2168 7il69
1243 2106 1267 2169 :l
1283 2104 1382 2168 (girtsu
1403 2103 1522 2167 ceruals

188 2150 236 2220 {33
247 2164 310 2224 ῥινί»
323 2150 391 2221 113¹:
400 2149 460 2224 ,3730
476 2138 574 2222 glaz}
589 2150 707 2223 {lebes-a
714 2149 856 2221 joyfiim).
901 2148 1016 2220 ⁰²¹5¹32
1034 2148 1217 2213 otfa'rgffime·
1233 2149 1298 2213 (gog.
1313 2149 1331 2169 a
1348 2147 1520 2220 orgglgcoati

190 2226 309 2257 Dousa
326 2238 333 2257 :
357 2227 400 2257 ad
419 2227 481 2268 (at)
501 2226 565 2257 cod.
654 2236 740 2265 quor
763 2225 891 2256 Ritscld
901 2236 907 2255 ε
933 2236 1000 2264 quo
1018 2225 1084 2256 cod.
1221 2234 1284 2265 534
1310 2225 1383 2255 edis
1400 2224 1525 2265 Spetjer

191 2271 262 2300 ueis
288 2273 325 2300 ut
345 2269 406 2302 vid.
432 2268 499 2301 cod.
527 2268 630 2309 (unde
652 2269 738 2300 uelis
763 2269 848 2307 12⁶1),
873 2279 938 2300 om.
964 2268 1012 2308 Β)
1172 2278 1235 2307 535
1260 2269 1364 2308 quoio
1388 2267 1520 2308 Bergk:

190 2313 269 2352 quio
295 2313 360 2346 cod.
519 2313 583 2352 536
605 2322 706 2352 quom
734 2323 774 2343 eo
798 2321 898 2351 quom
920 2311 987 2344 cod.
1006 2312 1157 2353 (antiqua
1164 2313 1299 2352 formal
1454 2312 1520 2350 538

191 2356 376 2396 pauxillum
401 2356 433 2387 B
545 2361 699 2388 nostrum
724 2356 756 2387 id
781 2365 882 2387 omne
906 2355 998 2387 cod.:
1032 2357 1142 2386 trm'ect'
1267 2356 1325 2386 int.
1357 2354 1423 2396 est]
1451 2365 1519 2386 non

190 2405 312 2431 tuomst
330 2399 462 2438 Benlltjv

1373 2443 1431 2472 14*
