1783 2707
142 89 195 127 II.

158 801 197 834 55

159 1245 202 1278 60

219 101 248 126 v
636 90 680 127 T.
717 91 895 129 MACCI
929 90 957 127 P
964 89 1131 127 LAVTI

218 213 308 238 cum
345 199 635 237 Philocomasio
668 201 924 246 osculantem,
960 212 1050 237 eum
1091 211 1163 247 ego
1202 198 1446 248 optruncabo
1486 211 1544 236 ex-

1357 264 1544 312 tempulo.

219 331 279 368 Sc.
315 328 485 368 uisanest
514 343 560 367 ea
589 331 703 367 esse?
762 330 828 365 ΡΛ.
863 328 985 365 immo
1016 329 1158 377 edepol
1189 329 1304 377 plane
1331 334 1421 365 east.
1481 329 1543 365 Sc.

1234 393 1304 430 sed
1325 406 1404 442 quo
1427 393 1546 430 modo

218 459 511 499 dissimulabat!
584 461 650 496 ΡΑ.
683 459 757 505 abi,
797 460 1042 497 machaeram
1084 459 1161 496 huc
1193 459 1304 496 ecfer.
1376 459 1436 495 Sc.
1469 456 1544 494 iam

1218 524 1305 560 faxo
1325 522 1388 560 hic
1409 521 1545 560 erit.—

223 655 286 691 PA.
321 669 448 704 neque
483 669 602 704 eques
638 669 766 704 neque
801 656 922 704 pedes
958 656 1169 704 profectost
1202 653 1408 703 quisquam
1441 660 1547 690 tanta

1381 717 1547 756 audacia

219 784 285 835 qui
306 799 431 835 aeque
453 784 567 823 faciat
589 786 835 823 confidenter
856 784 1068 835 quicquam
1091 798 1209 835 quarn
1232 783 1369 823 mulier
1389 782 1489 821 facit.
1566 788 1631 831 465

218 857 259 888 ut
281 849 490 900 utrubique
511 849 729 888 orationem
751 851 868 889 docte
889 849 1022 888 diuisit
1043 864 1165 896 suam,

216 922 259 953 ut
279 914 485 953 sublinitur
507 928 550 953 os
571 914 727 954 custodi
750 923 876 962 cauto,
901 928 1095 953 conseruo
1116 928 1205 953 meo
1223 917 1229 951 1

217 980 323 1018 nimi'
346 981 434 1019 beat
455 981 562 1030 quod
584 988 829 1020 commeatus
852 979 1057 1019 transtinet
1079 988 1182 1019 trans
1204 980 1389 1031 parietem

219 1109 280 1145 Sc.
305 1106 414 1152 heus,
439 1105 662 1153 Palaestrio,
688 1107 895 1144 machaera
916 1106 1012 1144 nihil
1034 1114 1159 1156 opust.
1223 1108 1289 1144 ΡΑ.
1324 1105 1419 1155 quid
1441 1104 1549 1144 iam?

1260 1177 1325 1208 aut
1346 1169 1442 1220 quid
1462 1172 1549 1208 est?

221 1239 282 1275 Sc.
316 1234 424 1274 domi
464 1248 597 1273 eccam
638 1234 771 1272 erilem
812 1233 1087 1272 concubinam.
1162 1236 1229 1272 ΡΑ.
1263 1233 1369 1284 quid,
1410 1234 1548 1273 domi?
1568 1245 1637 1278 470

1140 1301 1201 1337 Sc.
1235 1298 1273 1337 in
1294 1301 1396 1338 lecto
1416 1300 1544 1338 cubat.

222 1369 288 1405 ΡΑ.
322 1366 464 1416 edepol
486 1380 534 1404 ne
557 1374 596 1404 tu
619 1365 689 1404 tibi
712 1367 855 1404 malam
876 1379 958 1403 rem
981 1364 1196 1415 repperisti,
1218 1372 1260 1402 ut
1280 1364 1492 1414 praedicas.

220 1435 282 1471 Sc.
314 1432 410 1482 quid
440 1431 546 1470 iam?
604 1433 672 1469 ΡΑ.
705 1430 797 1481 quia
832 1432 933 1469 hanc
964 1430 1153 1481 attingere
1182 1431 1310 1469 ausu’s
1346 1429 1547 1468 mulierem

1164 1495 1255 1534 hinc
1277 1510 1323 1534 ex
1344 1508 1544 1546 proxumo.

220 1566 281 1602 SC.
316 1562 436 1613 magis
477 1564 605 1601 hercle
647 1570 789 1601 metuo.
872 1564 938 1600 ΡΑ.
972 1562 1041 1601 secl
1082 1575 1299 1612 numquam
1338 1560 1546 1611 quisquam

1191 1627 1305 1666 faciet
1326 1627 1419 1678 quin
1441 1640 1548 1665 soror

222 1694 340 1732 istaec
362 1694 409 1732 sit
429 1693 585 1744 gemina
607 1694 721 1732 huius
739 1710 744 1732 :
777 1708 861 1732 eam
885 1696 950 1744 pol
973 1702 1013 1732 tu
1036 1695 1279 1732 osculantem
1302 1691 1364 1730 hic
1382 1691 1545 1730 uideras.

188 1778 198 1784 -
222 1762 283 1798 SC.
317 1758 356 1798 id
372 1759 533 1810 quidem
549 1761 678 1809 palam
695 1767 753 1798 est
770 1773 856 1797 eam
874 1773 968 1806 esse,
986 1767 1027 1797 ut
1044 1758 1160 1806 dicis:
1191 1758 1286 1808 quid
1302 1756 1461 1808 propius
1479 1756 1548 1794 fuit
1567 1755 1632 1802 475

221 1838 340 1875 quam
361 1832 402 1862 ut
417 1824 593 1874 perirem,
617 1824 649 1863 si
670 1826 848 1863 elocutus
870 1839 995 1863 essem
1017 1825 1112 1863 ero?
1162 1825 1228 1862 ΡΑ.
1262 1837 1362 1873 ergo,
1382 1821 1411 1860 si
1434 1820 1546 1871 sapis,

222 1889 444 1928 mussitabis
462 1905 468 1928 ε
500 1891 586 1940 plus
609 1898 764 1940 oportet
786 1890 883 1928 scire
905 1904 1059 1928 seruom
1083 1903 1201 1939 quam
1222 1887 1340 1939 loqui.

221 1969 293 2004 ego
314 1955 414 1993 abeo
434 1969 456 1992 a
478 1962 524 2001 te,
550 1968 599 1992 ne
620 1954 715 2004 quid
738 1963 868 1993 tecum
891 1954 1028 1992 consili
1050 1953 1340 2000 commisceam,

266 2061 325 2097 461
353 2059 576 2090 obstruncabo
605 2058 691 2099 [me]
723 2057 766 2088 3¹
902 2060 964 2098 465
990 2059 1109 2089 mulier
1134 2058 1211 2089 facit
1237 2057 1365 2088 Luclts:
1401 2056 1550 2088 mulieris

223 2101 347 2133 faciunt
363 2102 428 2133 cod.
565 2104 628 2140 466
653 2103 772 2133 ductae
797 2102 862 2133 cod.
894 2108 984 2133 (corr.
1015 2103 1080 2141 3²¹)
1215 2102 1328 2133 diuisit
1351 2111 1443 2132 suam
1469 2100 1548 2131 Luc.

224 2145 376 2178 Mueller:
403 2146 486 2177 diuit
510 2150 638 2176 uttuam
658 2145 762 2186 (PCD)
786 2145 836 2176 vel
857 2147 900 2176 du
925 2146 949 2176 it
973 2146 1100 2177 intuam
1124 2145 1197 2185 (3¹)
1215 2145 1280 2176 cod.
1302 2158 1308 2177 :
1332 2147 1388 2177 vix
1405 2144 1497 2176 ducit
1517 2145 1551 2174 in

225 2190 312 2220 uiam
444 2191 505 2228 467
531 2189 647 2220 accedit
662 2190 694 2219 A
787 2190 872 2220 subl.
888 2190 941 2226 051
960 2190 1180 2220 subliniturus
1191 2190 1283 2229 (corr.
1298 2189 1362 2226 BT)
1380 2189 1413 2219 P
1494 2198 1549 2218 cu-

225 2233 339 2264 stodiit
356 2233 388 2263 P
402 2233 547 2273 (custodi
566 2238 601 2263 ut
614 2233 677 2271 B2)
813 2235 877 2272 469
900 2237 957 2263 aut
974 2234 1052 2272 quid
1069 2232 1137 2272 est]
1157 2233 1246 2263 haud
1262 2233 1341 2272 quid
1362 2231 1480 2274 [opus]
1501 2236 1552 2262 est

224 2276 257 2307 P
385 2287 448 2315 472
474 2277 551 2307 hinc
578 2277 636 2310 exl
665 2276 717 2306 hic
746 2277 779 2306 in
806 2276 839 2306 P
968 2286 1030 2315 473
1054 2276 1110 2316 qui
1137 2276 1170 2306 P
1307 2286 1369 2315 474
1417 2277 1481 2306 ista
1508 2276 1553 2306 sit

225 2330 384 2392 german}
404 2320 436 2350 P
522 2329 584 2358 475
612 2319 653 2350 Et
673 2319 705 2349 P
722 2321 798 2360 (pro
824 2319 861 2359 It⁷
885 2320 903 2350 ι’.
926 2330 950 2350 e.
975 2319 1028 2360 Id)
1129 2321 1192 2359 476
1217 2319 1349 2351 locutus
1366 2320 1399 2351 P
1490 2320 1553 2358 478

225 2374 244 2394 a
261 2374 325 2394 om.
