1731 2713
744 111 968 148 RVDENS
1451 108 1518 143 IV.
1540 106 1584 142 iii

176 224 269 267 *iam
292 238 364 274 ego
385 233 422 262 te
444 224 517 271 hic,
540 223 675 262 itidem
697 220 807 272 quasi
829 220 1034 272 peniculus
1055 232 1181 257 nouos
1198 217 1369 268 exurgeri
1391 219 1500 263 solet,

196 289 233 327 ni
255 291 361 327 hunc
381 289 536 335 amittis,
560 288 755 338 exurgebo
776 285 971 336 quidquid
992 284 1138 323 umoris
1159 283 1276 321 tibist.

87 368 176 394 1010
195 356 272 393 GR.
305 363 441 405 tange:
471 354 653 405 adfligam
683 354 734 392 ad
764 360 903 391 terram
934 360 972 390 te
1001 350 1137 389 itidem
1166 357 1208 388 ut
1236 348 1384 399 piscem
1412 349 1521 386 solco

1319 415 1517 464 polypum.

194 485 252 524 uis
286 487 488 536 pugnare?
545 487 621 524 TR.
653 484 749 535 quid
780 485 926 535 opust?
969 481 1063 533 quin
1096 488 1137 520 tu
1169 479 1299 531 potius
1334 481 1520 530 praedam

1371 544 1517 583 diuide.

194 618 271 655 GR.
304 615 396 654 hinc
417 623 457 654 tu
479 615 576 655 nisei
597 617 743 654 malum
765 613 947 653 fruniscei
969 612 1064 651 nihil
1085 620 1209 663 potes,
1232 625 1281 650 ne
1302 611 1487 660 postules.
1539 614 1579 644 80

192 683 293 722 abeo
314 696 386 733 cgo
410 683 513 721 hinc.
572 685 648 721 TR.
680 690 719 721 at
745 695 818 732 ego
844 680 936 719 hinc
963 681 1158 719 offlectam
1185 691 1340 724 nauem,
1363 690 1413 715 ne
1440 689 1520 726 quo

1202 743 1331 781 abeas.
1392 754 1517 780 mane.

194 814 270 851 GR.
303 812 359 851 sei
379 820 420 851 tu
441 820 596 863 proreta
616 811 677 851 isti
699 811 789 851 naui
811 825 862 858 cs,
886 824 957 861 ego
978 810 1214 860 gubernator
1235 821 1311 847 ero.

87 888 171 925 1015
194 878 304 916 mitte
325 879 543 924 rudentem,
567 879 739 916 sceleste.
799 879 874 914 TR.
908 875 1059 913 mittam
1078 890 1084 912 :
1114 874 1252 913 omitte
1272 873 1464 912 nidulum.

193 945 269 981 GR.
303 956 519 992 numquam
541 943 670 981 hercle
692 941 784 980 hinc
804 941 924 980 hodie
944 947 1120 978 ramenta
1140 940 1209 977 fies
1230 937 1473 977 fortunatior.

191 1011 267 1047 ΤΗ.
300 1022 380 1047 non
402 1008 566 1058 probare
587 1008 839 1058 pernegando
860 1005 956 1043 mihi
977 1013 1100 1056 potes,
1123 1004 1196 1042 nisi
1217 1017 1304 1054 pars
1325 1004 1440 1042 datur
1539 1008 1580 1049 85

191 1082 258 1112 aut
278 1075 328 1112 ad
349 1074 537 1112 arbitrum
558 1072 728 1112 redeitur
747 1079 814 1110 aut
835 1078 1037 1121 sequestro
1058 1069 1226 1120 ponitur.

194 1140 270 1177 GR.
303 1152 475 1189 quemne
502 1151 574 1189 ego
604 1136 740 1188 excepi
766 1136 806 1175 in
831 1135 1059 1175 mari-TR.
1092 1142 1131 1173 at
1158 1147 1231 1184 ego
1260 1133 1479 1185 inspectaui
1501 1147 1523 1173 e

1396 1198 1519 1238 litore.

86 1284 173 1310 1020
193 1270 269 1308 GR.
295 1282 382 1307 mea
402 1282 530 1319 opera,
546 1268 680 1307 labore
701 1275 739 1306 et
759 1274 840 1306 rete
860 1273 899 1305 et
918 1265 1058 1305 horia?
1096 1267 1172 1303 TR.
1195 1263 1361 1314 numqui
1378 1265 1520 1312 minus,

192 1333 223 1372 si
244 1333 376 1372 ueniat
398 1347 503 1372 nunc
523 1333 709 1372 dominus
730 1332 914 1383 quoiiust,
937 1345 1010 1382 ego
1031 1329 1098 1381 qui
1119 1329 1337 1380 inspectaui
1357 1331 1494 1380 procul

192 1407 230 1438 te
250 1400 356 1438 hunc
376 1399 532 1446 habere,
555 1400 615 1437 fur
636 1412 722 1437 sum
743 1411 862 1448 quam
883 1399 956 1436 tu?
1005 1398 1084 1435 GR.
1105 1395 1240 1434 nihilo.
1290 1397 1367 1433 TR.
1390 1408 1518 1442 mane,
1540 1408 1584 1440 90

1323 1460 1525 1510 mastigia:

193 1542 274 1579 quo
286 1537 518 1579 argumento
531 1528 660 1568 socius
674 1542 755 1568 non
770 1542 856 1567 sum
866 1535 904 1566 et
913 1529 972 1566 fur
980 1528 1091 1566 sum?
1107 1527 1265 1565 facdum
1280 1539 1326 1565 ex
1339 1533 1376 1564 te
1391 1525 1523 1564 sciam.

194 1596 271 1633 GR.
304 1594 438 1633 nescio
460 1608 589 1644 neque
609 1607 682 1645 ego
703 1594 795 1632 istas
815 1600 967 1632 nostras
987 1594 1092 1643 leges
1112 1592 1281 1630 urbanas
1303 1591 1396 1638 scio,

85 1672 172 1709 1025
193 1659 267 1698 nisi
289 1659 381 1710 quia
401 1661 508 1698 hunc
538 1672 670 1698 meum
692 1672 777 1698 esse
798 1658 899 1698 dico.
959 1659 1035 1695 TR.
1068 1664 1106 1696 et
1127 1670 1200 1707 ego
1229 1656 1322 1695 item
1351 1669 1435 1695 esse
1461 1655 1525 1694 aio

1376 1734 1520 1760 meum.

194 1790 272 1828 GR.
304 1802 431 1837 mane,
454 1788 531 1828 iam
552 1789 704 1840 repperi
725 1802 804 1839 quo
825 1795 942 1840 pacto
962 1801 1036 1827 nec
1056 1789 1116 1826 fur
1136 1800 1209 1826 nec
1230 1785 1359 1825 socius
1380 1785 1466 1825 sies.

192 1856 268 1892 TR.
301 1868 380 1905 quo
414 1856 561 1906 pacto?
618 1856 694 1894 GR.
728 1854 812 1893 sine
842 1867 905 1892 me
935 1852 1027 1892 hinc
1060 1852 1179 1900 abire,
1211 1854 1252 1890 tu
1283 1851 1348 1890 abi
1381 1850 1522 1889 tacitus
1541 1860 1582 1894 95

1263 1924 1371 1955 tuam
1392 1915 1497 1954 uiam
1513 1930 1524 1963 3

191 1997 265 2023 nec
294 1992 337 2024 tu
366 1998 430 2024 me
458 1984 675 2036 quoiquam
704 1983 910 2024 indicassis
940 1997 1071 2034 neque
1100 1995 1174 2034 ego
1203 1981 1274 2021 tibi
1308 1981 1521 2032 quicquam

1389 2047 1497 2086 dabo
1511 2061 1522 2095 3

239 2157 322 2187 1008
347 2156 457 2187 iam—
472 2155 527 2188 A:
551 2166 614 2196 ego
636 2157 700 2187 iam
720 2155 755 2187 P
839 2155 1016 2197 peniculus
1044 2154 1199 2185 Guielus:
1223 2152 1404 2194 penicillus
1427 2152 1466 2191 P,
1486 2151 1520 2183 A

193 2211 224 2231 n.
243 2200 264 2231 l.
366 2210 533 2239 exurgere
551 2199 584 2230 P
599 2200 676 2241 (pro
692 2200 753 2231 —rei
766 2200 793 2239 2)
929 2209 1012 2231 1010
1034 2204 1067 2230 te
1090 2199 1259 2229 adterram
1278 2197 1366 2236 1³0¹),
1388 2195 1422 2226 A
1443 2207 1475 2226 n.
1495 2195 1516 2227 l.

196 2253 275 2274 1011
303 2243 360 2274 uin
383 2243 506 2274 Morris
525 2244 575 2285 (cf
595 2243 643 2274 ad
654 2244 772 2275 Bacch.
791 2243 872 2284 873)
997 2253 1081 2273 1020
1103 2242 1240 2272 horreia
1259 2239 1410 2280 (horrea)
1428 2239 1517 2270 codd.

192 2286 357 2318 Prisciani
369 2298 395 2327 1,
409 2297 473 2326 332
565 2289 712 2326 1021—38
731 2293 855 2328 paucae
869 2287 988 2318 litterae
1000 2287 1034 2318 in
1045 2286 1168 2327 primis
1180 2289 1209 2317 et
1217 2284 1368 2317 extremis
1379 2283 1522 2314 versibus

191 2330 225 2360 A
398 2341 479 2361 1022
504 2330 558 2361 fur
572 2340 644 2361 sum
662 2331 735 2362 Ital.
753 2342 760 2363 ε
784 2331 906 2362 furtum
923 2331 963 2371 P,
982 2330 1015 2361 A
1029 2341 1060 2361 n.
1077 2329 1097 2361 l.
1277 2329 1361 2360 1026
1385 2326 1520 2368 repperi

189 2374 385 2406 Fleckeisen:
412 2375 522 2414 reperi
540 2385 610 2405 rem
628 2374 668 2416 P,
687 2374 721 2405 A
739 2386 770 2407 n.
789 2374 811 2407 l.

234 2438 353 2459 PLAvr.
375 2439 400 2459 11
1390 2426 1431 2455 24
