1731 2713
624 117 1025 155 MOSTELLARIA
1422 115 1490 152 IV.
1512 114 1542 150 ii

163 235 246 275 ΤΗ.
281 233 377 270 heus
412 243 494 276 uos,
527 228 646 279 pueri,
679 227 774 277 quid
809 225 894 264 istic
925 224 1064 275 agitis?
1121 224 1217 274 quid
1256 223 1346 261 istas
1384 223 1492 262 aedis

1292 288 1463 337 frangitis
1478 291 1494 326 ?

80 373 149 407 940
168 365 226 400 P1.
261 363 358 399 heus
379 374 506 405 senex,
527 358 622 409 quid
639 366 679 395 tu
702 363 931 406 percontare
951 355 1001 393 ad
1023 362 1060 392 te
1080 354 1189 403 quod
1211 353 1305 390 nihil
1326 353 1494 391 attinet?

167 430 244 465 ΤΗ.
277 426 374 464 nihil
405 427 455 463 ad
487 438 550 462 me
573 423 740 461 attinet?
799 423 855 458 1‘1.
889 419 962 458 nisi
992 421 1089 457 forte
1114 420 1248 457 factu's
1276 419 1492 468 praefectus

1353 497 1490 530 nouos,

165 558 232 608 qui
254 572 313 595 res
333 557 479 595 alienas
501 568 698 605 procures,
717 565 894 604 quaeras,
917 551 1064 597 uideas,
1087 549 1234 588 audias.
1513 560 1554 591 30

165 625 244 660 ΤΗ.
283 636 361 659 non
402 629 491 659 sunt:
530 620 624 657 istae
658 619 777 656 aedes
811 616 879 655 ubi
911 615 1030 654 statis.
1093 616 1150 652 ΡΙ.
1183 614 1278 664 quid
1317 614 1404 652 ais?
1441 627 1491 652 an

1216 679 1292 716 iarn
1315 678 1494 717 uendidit

166 753 274 791 aedis
296 752 573 790 Philolaches?
602 756 669 787 aut
690 748 852 798 quidem
874 747 946 785 iste
966 760 1039 786 nos
1060 746 1315 784 defrustratur
1336 758 1463 782 senex.

80 832 144 868 945
167 820 245 856 TH.
280 831 372 856 uera
403 816 502 855 dico.
574 815 644 853 sed
679 813 774 864 quid
813 811 928 850 uobis
967 819 1025 850 est
1063 809 1195 860 negoti
1230 809 1323 847 hic?
1390 811 1491 846 ΡΗΑ.

1321 875 1492 924 eloquar.

166 962 253 986 erus
283 947 346 985 hic
373 954 504 985 noster
528 952 647 996 potat.
707 946 785 982 ΤΗ.
819 956 906 981 erus
937 942 1001 980 hic
1031 949 1163 979 uoster
1190 941 1332 990 potat?
1389 941 1490 977 ΡΗΑ.

632 1016 635 1018 ·
1268 1004 1320 1042 ita
1340 1005 1490 1053 loquor.

165 1079 244 1115 ΤΗ.
277 1090 406 1127 puere,
430 1075 595 1114 nimium
617 1074 830 1113 delicatu⁷s.
889 1075 946 1110 ΡΙ.
980 1071 1014 1110 ei
1035 1072 1248 1110 aduorsurn
1270 1068 1461 1107 uenimus.
1515 1081 1553 1112 35

166 1144 245 1180 ΤΗ.
289 1143 383 1192 quoi
422 1140 602 1179 homini?
678 1141 735 1177 P1.
782 1152 848 1177 ero
888 1145 1033 1176 nostro.
1111 1149 1270 1185 quaeSO,
1312 1134 1495 1184 quotiens

1122 1200 1374 1239 dicendumst
1395 1199 1496 1238 tibi?

165 1275 245 1312 ΤΗ.
277 1286 410 1324 puere,
429 1285 548 1311 nemo
568 1270 633 1309 hic
653 1269 814 1308 habitat.
874 1282 965 1308 narn
986 1276 1024 1306 te
1045 1281 1130 1306 esse
1145 1266 1309 1305 arbitror
1329 1279 1492 1316 puerum

852 1387 856 1390 ι
1311 1331 1490 1381 probum.

79 1417 148 1454 950
168 1406 269 1442 ΡΗΑ.
315 1417 395 1442 non
438 1402 502 1441 hic
546 1401 793 1440 Philolaches
833 1401 1067 1439 adulescens
1110 1397 1260 1436 habitat
1301 1397 1409 1435 hisce
1454 1397 1493 1434 in

1298 1461 1463 1500 aedibus
1478 1463 1494 1500 ?

166 1537 244 1572 ΤΗ.
277 1532 479 1579 habitauit,
502 1545 640 1570 uerum
661 1530 865 1580 emigrauit
885 1530 963 1568 iam
984 1529 1052 1568 diu
1073 1542 1120 1567 ex
1141 1527 1247 1566 hisce
1268 1527 1444 1566 aedibus.

167 1602 268 1638 ΡΗΑ.
292 1612 411 1637 senex
430 1597 494 1636 hic
515 1597 774 1635 elleborosust
794 1603 909 1634 certe.
970 1594 1071 1633 e'rras
1091 1606 1287 1644 peruorse,
1311 1599 1431 1644 pater.
1513 1607 1555 1638 40

166 1679 257 1702 narn
278 1663 351 1702 nisi
372 1663 463 1701 hinc
484 1662 604 1700 hodie
624 1660 828 1711 emigrauit
848 1668 914 1698 aut
935 1659 1028 1707 heri,
1051 1667 1157 1697 certo
1179 1658 1260 1697 scio

167 1730 230 1768 hic
260 1728 445 1767 habitare.
507 1729 586 1765 ΤΗ.
619 1726 714 1776 quin
741 1739 807 1764 sex
832 1739 986 1764 menses
1007 1724 1085 1762 iam
1106 1723 1169 1762 hic
1190 1737 1309 1762 nemo
1329 1722 1489 1761 habitat.

1215 1791 1272 1826 ΡΙ.
1306 1788 1488 1827 somnias.

80 1868 145 1904 955
167 1862 245 1898 ΤΗ.
279 1861 433 1910 egone?
490 1861 547 1896 P1.
580 1865 632 1896 tu.
691 1859 769 1895 ΤΗ.
803 1864 844 1895 tu
865 1870 915 1895 ne
943 1856 1151 1894 molestu's.
1212 1854 1295 1892 sine
1316 1867 1379 1892 rne
1400 1867 1489 1891 curn

1226 1932 1347 1969 puero
1368 1917 1487 1968 loqui.

166 2004 284 2030 nemo
305 1989 464 2029 habitat.
527 1989 628 2026 ΡΗΑ.
658 1987 810 2026 habitat
836 1987 1023 2037 profecto,
1054 1985 1145 2023 narn
1166 1984 1248 2023 heri
1279 1991 1318 2022 et
1347 1982 1491 2022 nudius

1343 2048 1489 2095 tertius,

209 2170 317 2200 940-5
341 2170 406 2191 om.
426 2158 460 2189 Ρ
567 2168 633 2198 940
656 2168 742 2197 quae
761 2167 791 2187 n.
812 2156 958 2187 attinent
977 2155 1089 2195 (etiam
1109 2164 1171 2194 941
1190 2152 1350 2189 attinent)
1367 2150 1496 2182 Schoell

169 2205 223 2246 (ex
237 2205 287 2244 A>
376 2213 440 2243 943
463 2203 520 2234 vix
529 2213 598 2233 non
614 2203 681 2242 (ue.
703 2201 828 2233 nenne)
847 2211 874 2232 s.
892 2199 1030 2241 (meae)
1047 2199 1065 2229 i.
1083 2210 1089 2229 :
1114 2208 1211 2228 meae
1236 2201 1314 2227 sunt
1331 2198 1350 2226 i.
1366 2195 1492 2226 Sclzoell

169 2248 216 2289 (A
233 2248 289 2279 vix
303 2247 430 2288 legitur)
521 2257 586 2286 944
608 2245 687 2284 quid
705 2244 831 2275 Schoell
915 2254 978 2283 947
1006 2240 1286 2283 [a]delicatusP:
1310 2239 1488 2270 delicatum

166 2292 199 2322 A
312 2292 363 2322 vel
376 2290 463 2321 ΡΗΑ.
603 2290 667 2328 948
690 2288 740 2319 vel
752 2287 840 2327 quoii
946 2297 1012 2325 949
1036 2285 1089 2316 hic
1108 2295 1206 2315 nemo
1223 2283 1256 2314 P
1355 2292 1420 2322 950
1444 2282 1494 2312 vel

163 2338 215 2369 ΡΙ.
282 2337 316 2367 in
333 2347 399 2367 om.
414 2334 448 2365 P
547 2345 607 2374 951
633 2345 697 2365 om.
716 2333 749 2364 P
763 2333 822 2375 (iii.
843 2333 896 2373 ΙΙ)
1001 2342 1067 2372 952
1091 2331 1197 2371 prm]
1214 2330 1264 2361 vel
1279 2329 1330 2360 Pr.
1350 2330 1394 2370 (et
1408 2329 1496 2368 infra

164 2382 254 2413 ΡΗΑ.
272 2382 377 2419 erras)
425 2379 625 2410 cerebrosus
642 2384 693 2409 est
707 2378 739 2408 Ρ
825 2387 889 2417 953
913 2377 966 2407 hie
980 2375 1012 2406 P
1097 2385 1160 2414 955
1186 2375 1347 2404 molestus
1365 2374 1419 2412 (sc.
1433 2374 1494 2405 sis)

164 2426 220 2456 alii
305 2426 370 2465 956
393 2424 520 2454 haeitat
537 2433 587 2463 pr.
606 2426 642 2452 ut
658 2422 721 2454 vid.
735 2421 768 2451 P
784 2421 827 2462 <E
842 2427 902 2461 pro
922 2421 948 2450 B
964 2431 972 2458 ;
995 2421 1051 2450 vix
1060 2425 1122 2460 pro
1139 2419 1238 2449 habet
1255 2429 1334 2449 corr.
1350 2417 1494 2458 habitat)
