1783 2707
152 138 198 175 V.
222 136 250 172 ii
624 133 669 169 T.
704 130 885 169 MACCI
918 128 1123 166 PLAVTI

221 248 294 284 AG.
328 244 394 295 qui
416 243 519 282 scis?
577 244 649 280 M1.
682 241 803 279 uiden
824 239 952 278 o'mnis
975 238 1187 277 sarcinatos
1208 236 1426 288 consequi?

163 328 201 349 20
219 319 337 360 atque
358 317 398 347 ut
420 308 559 358 opinor
579 306 722 356 digitos
743 305 782 343 in
805 304 986 343 manibus
1007 316 1087 341 non
1108 303 1266 340 habent.
1564 301 1634 345 980

221 378 295 414 AG.
329 374 423 425 quid
445 374 552 411 iam?
610 373 681 409 M1.
716 371 808 421 quia
828 369 1019 408 incedunt
1040 381 1129 406 cum
1152 367 1320 405 anulatis
1339 366 1511 405 auribus.

224 443 304 478 HA.
336 439 456 478 adibo
484 438 487 489 Ι
513 439 633 475 hosce
653 444 772 486 atque
793 435 1002 485 appellabo
1025 432 1183 472 Punice.

192 500 195 503 ’
221 506 251 544 si
272 504 578 555 respondebunt,
605 501 753 539 Punice
774 513 932 550 pergam
954 498 1062 549 loqui
1078 513 1088 546 ;

221 571 252 609 si
273 584 364 616 non,
388 577 471 607 tum
492 569 543 606 ad
563 569 704 605 horum
727 579 854 604 mores
875 565 1048 615 linguam
1070 570 1237 601 uortero.

165 651 202 682 25
224 638 295 674 M1.
329 635 423 685 quid
444 633 499 672 ais
521 635 591 671 tu?
621 631 764 682 e'cquid
786 628 1091 669 commeministi
1115 627 1292 666 Punice?
1569 629 1635 674 985

223 703 296 739 AG.
330 699 427 737 nihil
449 699 601 748 edepol.
662 710 753 734 nam
775 695 842 746 qui
864 695 961 734 scire
983 694 1103 745 potui,
1128 693 1193 732 dic
1214 693 1320 740 mihi,

223 765 289 816 qui
312 764 406 802 illim
428 762 608 802 sexennis
630 761 810 813 perierim
833 759 1101 810 Carthagine?

224 832 306 868 HA.
337 842 407 880 pro
429 828 468 867 di
490 828 715 866 inmortales
734 830 739 864 l
771 826 965 876 plurumei
986 826 1037 863 ad
1058 824 1178 862 illunc
1199 824 1364 862 modum

224 895 371 945 periere
392 893 500 944 pueri
522 892 633 931 liberi
655 890 903 941 Carthagine.

166 974 204 1004 30
226 962 297 998 M1.
331 959 426 1009 quid
450 958 505 996 ais
527 959 598 996 tu?
654 959 728 995 AG.
761 955 857 1006 quid
884 954 973 994 uis?
1030 956 1103 993 M1.
1136 953 1203 992 uin
1230 954 1425 1004 appellem
1445 952 1552 990 hunc
1570 963 1641 998 990

1377 1017 1525 1055 Punice
1538 1018 1554 1055 ?

224 1092 299 1129 AG.
332 1103 382 1128 an
404 1088 507 1127 scis?
566 1089 638 1125 M1.
672 1088 802 1125 nullus
823 1099 887 1124 me
908 1092 965 1124 est
985 1084 1105 1124 hodie
1127 1086 1285 1123 Poenus
1306 1082 1485 1122 Poenior.

225 1157 299 1193 AG.
333 1153 421 1192 adei
441 1161 559 1203 atque
580 1154 735 1202 appella
755 1151 851 1201 quid
873 1150 978 1197 uelit,
1002 1150 1098 1200 quid
1119 1148 1279 1196 uenerit,

227 1220 292 1270 qui
315 1220 373 1266 sit,
397 1218 576 1268 quomis,
601 1218 708 1256 unde
730 1216 801 1255 sit:
832 1230 882 1254 ne
902 1215 1078 1265 parseris.

229 1287 300 1323 Mi.
333 1297 419 1322 auo.
481 1282 658 1333 quoiates
680 1281 771 1320 estis
792 1289 859 1319 aut
881 1294 960 1331 quo
981 1294 1027 1319 ex
1047 1279 1226 1330 oppido?

171 1363 208 1394 35
230 1352 310 1388 HA.
342 1346 1195 1399 annobynmytthymballebechaedreanech.
1576 1348 1641 1386 995

228 1417 302 1453 AG.
335 1414 432 1465 quid
453 1413 536 1452 ait?
594 1415 666 1451 M1.
702 1414 947 1450 Hannonem
969 1424 1010 1449 se
1031 1423 1116 1449 esse
1135 1409 1189 1448 ait
1211 1407 1459 1458 Carthagine,

228 1478 563 1529 Carthaginiensis
586 1477 905 1528 Mytthumballis
927 1466 1062 1514 filium.

228 1547 308 1582 HA.
341 1558 427 1582 auo.
490 1545 562 1581 M1.
597 1544 747 1581 salutat.
809 1544 889 1580 HA,
923 1540 1058 1580 donni.
1120 1542 1193 1578 M1.
1225 1538 1320 1579 doni
1341 1539 1424 1577 uolt
1444 1536 1515 1576 tibi

229 1612 321 1649 dare
342 1609 406 1648 hic
428 1607 671 1658 nescioquid.
732 1607 853 1646 audin
875 1606 1153 1658 pollicitarier?

272 1725 336 1754 979
359 1713 505 1744 hominis
522 1712 598 1742 ΡΒΕ
697 1713 762 1752 980
787 1712 904 1752 atqtfiue
924 1735 1041 1743 .....
1062 1711 1203 1751 ορόἰῐιοι·
1219 1710 1251 1739 A
1275 1710 1316 1749 (a.
1336 1709 1450 1740 hercle
1467 1719 1519 1748 op.
1534 1708 1561 1750 2)

230 1763 330 1797 atque
344 1762 379 1788 ut
397 1767 460 1796 ego
478 1757 581 1796 opino
600 1756 633 1787 in
652 1757 806 1787 manibus
826 1756 950 1795 digitos
971 1765 1039 1785 non
1058 1755 1184 1786 habent
1206 1752 1306 1784 Weise
1322 1753 1473 1793 rlzytlzmo
1490 1763 1563 1783 con·
1588 1748 1590 1751 ’

229 1803 340 1832 salens
453 1802 513 1840 981
541 1811 641 1839 quom
659 1800 747 1831 codd.
770 1800 1071 1840 (antiquafornsza)
1184 1799 1248 1838 982
1272 1797 1395 1827 audibo
1409 1796 1463 1826 P:
1478 1796 1559 1835 sort.

230 1846 351 1875 adibon
442 1843 549 1886 (ego)
566 1844 668 1875 hosce
685 1842 766 1875 Reiz
868 1848 971 1883 atque
992 1843 1095 1873 hosce
1113 1841 1191 1872 PCD
1209 1854 1215 1872 :
1240 1839 1326 1883 (ad)
1345 1841 1446 1870 hosce
1463 1845 1563 1879 atque

233 1889 446 1920 Camerarius
535 1889 598 1927 983
624 1888 652 1918 si
666 1898 733 1918 om.
747 1888 780 1918 A
899 1889 963 1927 984
989 1887 1138 1925 linguam
1157 1885 1206 1927 u.]
1226 1886 1341 1924 lingua
1356 1894 1395 1915 ac
1413 1894 1463 1914 ue.
1486 1881 1564 1913 ΡΒ(ἶ

233 1933 301 1971 (vix
316 1937 377 1972 pro
400 1933 549 1970 linguam
571 1937 752 1969 atuertem,
774 1932 794 1963 i.
811 1942 833 1963 e.
857 1931 948 1970 adu.)
1070 1931 1134 1970 985
1159 1929 1238 1969 quid
1273 1929 1344 1960 ais?
1377 1927 1497 1966 ecquid
1529 1932 1564 1957 tu

235 1976 341 2014 Goetz,
366 1975 497 2006 Loewe:
527 1976 607 2015 sort.
633 1976 712 2015 quid
738 1976 810 2007 ais?
831 1980 890 2006 tun
917 1974 1036 2014 ecquid
1181 1973 1246 2013 988
1273 1983 1318 2002 an
1351 1970 1564 2011 plurumein3

233 2020 274 2050 ad
303 2020 394 2049 illum
423 2020 521 2050 modo
547 2019 602 2050 A:
635 2021 676 2050 ad
705 2020 794 2050 hunc
823 2019 957 2049 modum
986 2018 1020 2048 Ρ
1046 2018 1152 2057 (hunc
1177 2022 1239 2057 pro
1261 2017 1351 2047 illum
1378 2015 1476 2053 hunc,
1501 2014 1520 2045 i.
1535 2024 1560 2044 e.

233 2064 332 2093 illunc
346 2064 370 2102 2)
505 2073 566 2102 991
594 2064 702 2094 denus
723 2065 815 2100 (corr.
834 2062 898 2103 ΒΖ)
917 2062 950 2092 Ρ
963 2066 1000 2092 ut
1016 2061 1078 2093 vid.
1191 2071 1255 2099 993
1280 2060 1357 2100 quid
1376 2058 1566 2088 Pm'scianus

237 2117 263 2147 1,
283 2116 345 2146 595
364 2110 392 2137 et
407 2117 436 2146 2,
467 2117 526 2137 122
617 2117 683 2146 quo
710 2108 798 2146 patis
824 2107 856 2137 P
881 2106 923 2147 (P
946 2111 1004 2146 pro
1033 2106 1061 2144 Ι)
1154 2104 1300 2144 parseris
1324 2102 1513 2133 Pn'scianus
1533 2111 1561 2140 2,

237 2161 297 2181 122
312 2162 318 2181 1
347 2151 478 2199 parsserit
508 2150 540 2181 A
560 2162 566 2181 :
591 2151 734 2190 parleris
752 2150 785 2180 Ρ
923 2160 987 2189 994
1012 2159 1077 2179 auo
1095 2149 1242 2188 quoiatis
1260 2148 1340 2186 estis
1358 2147 1445 2176 unde
1461 2146 1504 2176 sit
1522 2155 1564 2174 ne

234 2200 448 2249 p(a*=i·5(e)rit
477 2203 529 2241 (ex
547 2211 577 2231 v.
607 2200 687 2239 993)
722 2199 754 2229 Α
867 2199 947 2240 auo]
977 2199 1057 2237 quid
1090 2203 1142 2228 est
1174 2197 1366 2227 Priscianus
1395 2193 1567 2233 utrubique

233 2260 296 2290 995
320 2247 1038 2290 annobynmytthymballeudradaitannech
1077 2247 1109 2277 A
1131 2257 1138 2277 ι
1183 2256 1272 2276 anno
1304 2245 1454 2275 muthum
1478 2243 1565 2273 balle

234 2294 423 2325 bechaedre
441 2295 548 2324 anech
566 2294 598 2323 P
728 2293 794 2331 996
817 2303 854 2322 se
871 2291 964 2332 esse]
983 2300 1060 2321 Sese
1073 2290 1106 2320 P
1223 2299 1287 2328 997
1314 2286 1565 2328 mytthumbalis

234 2338 288 2369 A:
307 2339 459 2368 muthum
486 2338 589 2368 baslis
608 2335 642 2366 Ρ
662 2335 787 2375 (—ballis
812 2335 903 2375 PCD)
1039 2335 1103 2374 998
1127 2332 1206 2374 auo]
1226 2343 1268 2362 uo
1286 2332 1319 2362 P
1332 2331 1378 2372 (A
1395 2342 1469 2362 cum
1489 2334 1565 2360 nota

230 2387 389 2422 personae
416 2381 563 2421 confuso)
719 2389 784 2418 999
808 2379 886 2409 hinc
911 2378 945 2408 P
1053 2378 1145 2417 autin
1173 2377 1205 2406 A
1314 2375 1517 2415 polliciericr
1536 2373 1569 2402 P

237 2425 376 2465 (-cerie1·
393 2424 440 2463 D)
