1731 2713
608 137 1011 175 MOSTELLARIA
1392 137 1468 174 III.
1491 135 1505 172 i

147 243 201 282 ita
220 257 308 283 mea
327 244 488 283 consilia
508 245 708 295 perturbat
728 244 989 295 paenissume.

146 310 298 347 nullum
319 310 461 359 edepol
482 309 601 348 hodie
621 323 744 358 genus
765 317 822 348 est
843 309 1048 347 hominum
1072 308 1229 348 taetrius
1495 326 1555 358 125

146 387 220 412 nec
241 373 360 412 minu’
382 375 489 413 bono
509 388 599 413 cum
621 374 702 413 iurc
724 388 842 424 quam
863 374 1109 413 danisticum.

147 441 226 477 ΤΗ.
259 453 336 490 qua
356 440 396 478 in
416 440 574 490 regione
594 440 687 478 istas
707 440 815 478 aedis
837 440 930 478 emit
952 441 1082 479 filius?

58 508 128 543 660
147 506 222 542 ΤΡ.
255 518 347 543 ecce
366 513 499 543 autem
520 505 615 555 perii
634 509 640 543 !
699 507 777 543 ΤΗ.
807 506 958 544 dicisne
979 507 1054 545 hoc
1076 508 1183 556 quod
1206 514 1243 545 te
1264 506 1387 556 rogo?

147 571 221 607 TR.
255 569 394 608 dicam.
455 571 524 608 sed
546 584 691 609 nomen
714 570 865 609 domini
887 585 1032 621 quaero
1054 572 1149 621 quid
1171 572 1252 610 siet.

145 636 223 672 TH.
255 648 326 684 age
346 634 645 673 comminiscere
666 648 767 685 ergo.
827 637 902 673 TR.
936 635 1030 685 quid
1053 650 1125 686 ego
1146 650 1251 675 nunc
1271 649 1384 686 agam
1493 650 1554 683 130

144 698 217 736 nisi
238 707 279 737 ut
301 699 339 736 in
361 699 534 737 uicinum
557 700 662 738 hunc
684 713 918 750 proxumum
951 714 968 733 *
1029 715 1046 735 *
1069 731 1077 748 ‚

144 778 208 802 eas
229 763 369 801 emisse
389 763 498 802 aedis
519 763 649 802 huiius
671 764 800 803 dicam
822 765 975 803 filium?

55 832 121 876 665
144 828 314 867 calidum
336 829 466 867 hercle
487 842 572 867 esse
592 829 727 868 audiui
749 838 957 880 optumum
980 831 1243 871 mendacium.

55 901 122 944 667
144 893 338 943 quidquid
359 894 399 932 di
420 893 568 941 dicunt,
592 894 632 932 id
653 895 893 933 decretumst
913 895 1054 935 dicere.

143 960 221 996 ΤΗ.
254 958 350 1009 quid
389 958 532 1009 igitur?
579 959 656 997 iam
696 962 986 999 commentu's?
1041 963 1118 1000 TR.
1153 963 1195 1001 di
1233 962 1350 1002 istum
1389 977 1470 1015 per-
1494 980 1553 1014 135

1302 1029 1466 1069 duint—

144 1088 283 1139 (immo
304 1088 431 1128 istunc
452 1088 600 1140 potius)
622 1090 672 1129 de
693 1089 825 1129 uicino
846 1092 922 1129 hoc
943 1104 1135 1142 proxumo

53 1156 122 1198 670
141 1162 230 1193 tuos
251 1154 345 1193 emit
365 1155 473 1193 aedis
495 1154 607 1193 filius.
666 1157 745 1194 ΤΗ.
778 1156 912 1195 bonan
934 1159 1041 1196 fide?

140 1221 215 1257 TR.
249 1219 445 1270 siquidem
467 1227 509 1258 tu
529 1228 733 1270 argentum
756 1222 1000 1270 reddituru'S,
1024 1230 1106 1261 turn
1129 1223 1248 1274 bona,

139 1285 170 1322 si
191 1285 414 1324 redditurus
436 1299 517 1324 non
538 1299 592 1333 es,
614 1299 694 1324 non
716 1285 810 1324 emit
831 1286 946 1326 bona.

137 1349 215 1385 TH.
248 1362 329 1386 non
351 1349 390 1387 in
412 1351 500 1388 loco
522 1350 616 1388 emit
637 1351 827 1401 perbono.
873 1356 949 1392 TR.
982 1354 1106 1393 immo
1128 1355 1167 1393 in
1188 1364 1363 1406 optumo.
1488 1373 1551 1404 140

136 1414 215 1450 TH.
247 1413 365 1463 cupio
386 1415 516 1453 hercle
537 1414 729 1466 inspicere
750 1418 868 1456 hasce
889 1418 1010 1457 aedis.
1071 1422 1279 1469 pultadum
1300 1423 1401 1461 fores

53 1480 116 1525 675
139 1487 256 1529 atque
277 1479 402 1517 euoczi
422 1478 594 1527 aliquem
617 1477 721 1516 intus
741 1479 791 1516 ad
813 1486 860 1524 te,
884 1479 1042 1518 Tranio.

138 1546 214 1582 TR.
247 1557 339 1582 ecce
359 1551 491 1582 autem
513 1542 608 1592 perii
627 1545 633 1580 l
673 1556 778 1580 nunc
800 1543 895 1593 quid
916 1545 1045 1582 dicam
1067 1546 1212 1586 nescio.

138 1608 277 1647 iterum
298 1608 375 1646 iam
396 1609 447 1646 ad
469 1621 592 1646 unum
615 1620 750 1645 saxum
772 1621 835 1646 me
856 1609 997 1647 fluctus
1018 1611 1156 1649 ferunt.

137 1675 215 1712 TH.
249 1673 344 1724 quid
382 1674 518 1711 nunc?
575 1674 651 1710 TR.
684 1685 765 1711 non
800 1673 929 1712 hercle
968 1674 1064 1724 quid
1098 1689 1204 1716 nunc
1238 1678 1378 1718 faciam
1413 1693 1467 1720 re·
1488 1694 1548 1728 ¹45

1243 1739 1251 1744 ’
1332 1745 1465 1795 perio:

137 1793 359 1846 manufesto
380 1813 528 1845 teneor.
585 1807 665 1843 TH.
699 1805 921 1843 euocadum
943 1804 1113 1855 aliquem
1135 1807 1256 1855 ocius,

49 1871 116 1907 680
136 1883 227 1920 roga
247 1872 526 1909 circumducat.
587 1872 664 1908 TR.
698 1871 795 1908 heus
820 1876 872 1915 tu,
896 1877 935 1907 at
956 1869 1019 1907 hic
1040 1878 1130 1909 sunt
1151 1872 1357 1913 mulieres:

134 1934 390 1974 uidendumst
411 1935 580 1985 primum
603 1942 732 1973 utrum
756 1947 824 1972 eae
846 1934 1021 1973 uelintne
1041 1949 1090 1973 an
1112 1950 1192 1974 non
1214 1938 1348 1979 uelint.

176 2040 241 2078 656
265 2041 428 2079 peruortit
451 2041 642 2072 Priscianus
676 2052 703 2080 1,
737 2052 798 2081 99;
844 2052 874 2081 2,
913 2042 954 2081 67
986 2042 1033 2081 (A
1061 2053 1092 2073 n.
1130 2042 1168 2081 Ι.)
1259 2045 1461 2083 paenissime

133 2085 295 2114 testantur
309 2084 480 2115 Charisius
497 2086 567 2124 189,
589 2085 781 2116 Priscianus
798 2097 805 2116 ε
830 2086 1023 2125 plenissime
1040 2085 1079 2123 P,
1097 2086 1133 2115 »4
1147 2097 1177 2117 n.
1190 2086 1209 2117 l.
1397 2091 1461 2128 657

132 2125 234 2157 hodie
251 2138 315 2158 om.
334 2127 367 2157 A
496 2130 561 2167 659
585 2128 725 2169 qua[1·e7
744 2129 776 2158 A
797 2129 856 2167 (iv.
873 2130 909 2168 3)
1033 2131 1100 2160 660
1122 2129 1171 2160 vel
1185 2130 1273 2160 dicin
1397 2134 1462 2172 663

133 2170 305 2208 d—rdiem
335 2171 399 2211 (vel
423 2172 615 2211 -percitenm
644 2172 702 2202 A:
737 2173 942 2203 mendatium
970 2173 1004 2203 Ρ
1028 2175 1072 2213 (v,
1101 2184 1132 2214 p.
1162 2174 1219 2213 80)
1398 2177 1462 2214 665

133 2213 244 2244 audiui
263 2224 337 2245 esse
353 2214 387 2244 P
502 2216 567 2245 668
591 2220 809 2255 commentust
825 2215 858 2245 A
981 2218 1047 2257 669
1071 2218 1155 2249 istuc
1172 2217 1206 2248 P
1322 2219 1380 2257 671
1409 2219 1460 2259 tu]

131 2267 168 2288 es
184 2257 217 2288 P
301 2262 365 2299 673
388 2259 455 2291 ΤΗ.
473 2259 532 2291 del.
549 2258 684 2300 Seyffert
770 2261 821 2292 vel
840 2262 1011 2301 perbono?
1037 2265 1290 2305 (interrogative)
1378 2266 1460 2303 ΤΗΣ]

129 2301 195 2332 ΤΗ.
208 2301 343 2342 Seyffert
407 2303 439 2332 in
458 2313 522 2333 om.
536 2303 569 2332 P
653 2306 716 2342 675
734 2303 964 2348 euoca(dum)
980 2306 1114 2338 Guietus
1172 2309 1310 2350 Tranio]
1326 2315 1422 2341 terno
1433 2311 1466 2340 P

129 2345 194 2383 676
218 2346 319 2387 perii]
341 2347 459 2376 iterum
476 2346 509 2375 Ρ
637 2348 701 2385 678
725 2347 814 2386 Quid
838 2359 928 2380 nunc
951 2350 1111 2381 Tranioni
1132 2353 1298 2383 continuat
1312 2352 1345 2382 Ρ
1410 2364 1461 2383 re-

131 2388 220 2418 cerio
237 2388 270 2418 P
398 2391 463 2429 679
485 2390 594 2431 ocius]
614 2390 704 2421 foras
719 2390 753 2420 P
876 2394 938 2423 681
965 2394 1069 2425 uelint
1087 2400 1144 2425 aut
1161 2406 1230 2426 non
1249 2407 1277 2427 u.
1296 2397 1328 2426 A

174 2440 291 2462 PLAVT.
312 2442 338 2462 11
1352 2440 1372 2471 8
