1731 2713
126 416 187 454 Ι55

123 732 189 765 160

120 1058 181 1104 165

116 1458 182 1492 170

115 1784 176 1821 Ι75

113 2101 180 2136 180

709 97 1055 135 TRINVMMVS
1152 90 1156 93 i
1505 95 1534 131 Ι.
1556 94 1587 129 ii

265 210 348 247 ME.
382 217 546 248 nemost.
606 210 678 249 CA.
711 221 963 247 nummorum
981 206 1232 256 Philippeum
1253 206 1303 243 ad
1325 205 1396 242 tria
1416 204 1532 243 milia.
1558 216 1616 247 115

263 273 304 312 id
324 275 429 312 solus
450 275 577 312 solum
599 287 667 324 per
686 273 898 312 amicitiam
919 285 957 311 et
977 286 1046 323 per
1066 273 1185 310 sidem

263 339 360 377 flens
382 352 444 376 me
465 339 685 388 opsecrauit
705 352 776 377 suo
798 352 846 377 ne
867 345 986 388 gnato
1007 338 1206 375 crederem

263 417 339 441 neu
360 403 575 453 quoiquam
597 405 702 442 unde
722 405 772 442 ad
793 416 882 441 eum
905 402 944 440 id
966 410 1097 451 posset
1118 413 1423 451 permanascere.

262 481 367 506 nunc
388 468 419 506 si
440 468 503 507 ille
525 470 602 506 huc
622 470 752 506 saluos
773 467 934 514 reuenit‚
958 467 1121 505 reddam
1142 479 1255 504 suom
1277 465 1377 512 sibi3

261 533 292 571 si
313 533 408 583 quid
430 547 478 572 eo
499 533 621 579 fuerit,
645 541 749 571 certe
770 533 871 570 illius
893 531 1008 579 filiae,
1556 547 1619 569 120

260 611 361 648 quae
383 598 478 636 mihi
499 600 731 645 mandatast,
755 597 883 636 habeo
905 598 1039 635 dotem
1066 594 1070 647 Ι
1098 596 1203 633 unde
1224 596 1328 641 dem,

260 670 302 701 ut
323 676 409 701 eam
430 663 469 700 in
491 676 532 701 se
552 663 711 713 dignam
732 662 1010 701 condicionem
1032 662 1249 699 conlocem.

263 729 345 765 ME.
378 741 448 778 pro
468 727 507 766 di
529 727 765 775 inmortales,
787 727 917 766 uerbis
938 725 1072 777 paucis
1094 739 1212 776 quam
1234 724 1313 763 cito

259 792 379 830 alium
400 792 524 831 fecisti
545 806 618 840 me,
641 792 739 831 alius
760 793 810 831 ad
832 800 870 831 te
890 805 1076 831 ueneram
1094 793 1100 829 !

259 859 330 896 sed
350 865 392 895 ut
412 857 609 908 occepisti,
633 871 749 908 perge
770 870 885 907 porro
906 855 1097 906 proloqui.
1554 869 1614 901 125

260 923 332 962 CA.
364 922 460 972 quid
481 922 552 960 tibi
573 935 645 972 ego
666 922 795 961 dicam
817 921 885 972 qui
906 921 1007 959 illius
1029 919 1261 970 sapientiam

258 995 296 1026 et
318 1001 446 1026 meam
468 988 696 1026 fidelitatem
718 996 756 1026 et
777 989 902 1026 celata
922 986 1056 1025 omnia

257 1067 384 1104 paene
404 1053 468 1092 ille
488 1053 652 1104 ignauos
672 1052 849 1091 funditus
870 1065 1029 1102 pessum
1051 1051 1191 1090 dedit?

258 1121 342 1158 ME.
374 1118 571 1170 quidum?
631 1119 703 1159 CA.
736 1117 839 1169 quia,
871 1117 948 1156 ruri
979 1118 1075 1156 dum
1107 1130 1195 1155 sum
1227 1130 1300 1167 ego
1334 1130 1434 1155 unos
1464 1131 1531 1155 sex

1433 1182 1528 1230 dies,

256 1263 320 1288 me
339 1257 503 1300 apsente
522 1257 641 1300 atque
661 1248 863 1297 insciente,
887 1248 1113 1287 inconsultu
1134 1261 1238 1295 meo,
1553 1262 1614 1294 130

254 1315 362 1354 aedis
384 1315 533 1354 uenalis
555 1317 672 1354 hasce
693 1314 870 1353 inscribit
890 1313 1038 1352 litteris.

256 1383 339 1420 ME.
372 1381 605 1420 adessuriuit
626 1381 759 1431 magis,
785 1378 856 1433 [et]
878 1379 1044 1417 inhiauit
1063 1378 1190 1417 acrius

254 1449 379 1497 lupus,
403 1446 628 1497 opseruauit
649 1447 744 1484 dum
766 1444 1021 1483 dormitarent
1041 1457 1182 1482 canes:

253 1526 407 1563 gregem
430 1511 661 1550 uniuorsum
682 1510 807 1549 uoluit
828 1518 956 1548 totum
976 1516 1165 1547 auortere.

254 1579 325 1617 CA.
359 1577 513 1616 fecisset
533 1578 689 1627 edepol,
709 1575 750 1613 ni
770 1576 868 1614 haec
888 1574 1166 1625 praesensisset
1187 1587 1316 1612 canes.
1549 1589 1610 1621 135

252 1644 321 1682 sed
343 1656 447 1681 nunc
468 1655 602 1692 rogare
622 1655 695 1691 ego
715 1640 887 1679 uicissim
910 1648 947 1678 te
967 1641 1060 1678 uolo
1078 1655 1086 1678 :

252 1707 349 1758 quid
369 1707 440 1745 fuit
461 1707 633 1746 officium
654 1719 787 1744 meum
809 1719 872 1744 me
893 1706 1049 1743 facere?
1077 1706 1162 1742 face
1183 1703 1329 1752 sciam3

251 1781 381 1811 utrum
402 1773 574 1811 indicare
596 1785 658 1810 me
679 1771 714 1810 ei
735 1772 990 1810 thensaurum
1010 1784 1180 1820 aequom
1201 1769 1284 1817 fuit,

250 1840 462 1877 aduorsum
484 1851 602 1888 quarn
624 1837 706 1876 eius
727 1851 791 1875 me
811 1835 1095 1887 opsecrauisset
1115 1843 1234 1885 pater,

249 1917 300 1942 an
321 1917 393 1955 ego
413 1903 532 1942 aliurn
553 1902 760 1941 dominum
781 1910 934 1953 paterer
953 1900 1034 1940 fieri
1055 1900 1162 1939 hisce
1182 1900 1377 1939 aedibus?
1545 1916 1610 1949 140

250 1968 318 2019 qui
338 1968 506 2016 emisset,
530 1968 627 2006 eiius
648 1976 802 2006 essetne
822 1981 869 2006 ea
887 1966 1084 2018 pecunia?

250 2033 327 2072 emi
348 2041 503 2084 egomet
523 2033 654 2084 potius
673 2032 793 2080 aedis,
815 2039 1020 2082 argentum
1041 2030 1134 2070 dedi

249 2098 450 2138 thensauri
471 2111 618 2145 caussa,
642 2105 684 2135 ut
705 2098 857 2135 saluom
878 2095 1007 2134 amico
1028 2097 1235 2134 traderem.

242 2213 301 2242 157
328 2207 420 2233 certe
430 2201 534 2232 Bothe
550 2213 556 2232 :
581 2206 674 2232 certo
687 2200 767 2239 cod.,
781 2203 890 2231 contra
904 2210 1028 2230 morem
1041 2199 1238 2230 Plautinum
1287 2200 1348 2238 158
1371 2200 1521 2231 habuero

195 2246 335 2277 Mueller
353 2245 487 2286 (Rlzein.
513 2245 602 2275 Mus.
630 2254 682 2283 54,
709 2245 788 2283 539)
878 2244 919 2274 ab
941 2254 993 2281 eo,
1018 2244 1131 2273 dotem
1151 2242 1305 2284 (habeo)
1326 2243 1376 2273 vel
1397 2244 1520 2281 habeo,

193 2290 282 2321 dotis
296 2289 422 2321 Sclzoell
512 2289 571 2319 168
588 2288 759 2327 inscripsit
770 2286 858 2318 codd.
871 2287 975 2317 Nonii
983 2295 1046 2325 525
1061 2286 1245 2326 (neglegens
1253 2287 1370 2325 citatio,
1388 2291 1425 2317 ut
1440 2287 1521 2323 vid.)

197 2336 257 2373 169
273 2344 370 2372 mage
381 2332 559 2364 Hermann
575 2343 582 2362 z
604 2331 662 2362 del.
680 2331 807 2361 Ritschl
879 2335 912 2360 et
929 2329 986 2360 del.
999 2329 1177 2359 Hermann
1252 2330 1432 2361 inebriauit
1448 2330 1523 2360 PCD

195 2377 444 2451 (przinpqiauin
468 2376 489 2406 b
500 2381 563 2418 pro
579 2375 672 2414 h‚·vi.
696 2375 729 2414 1)
855 2383 916 2412 170
938 2373 1134 2404 dormitaret
1149 2371 1339 2404 Lambinus
1462 2384 1522 2413 172

193 2431 259 2451 acce
283 2422 306 2451 it
