1731 2713
714 105 1034 144 PSEVDOLVS
1506 102 1535 139 Ι.
1557 101 1587 138 ii

180 249 183 251 >
211 221 381 258 natalem
408 219 513 258 scitis
543 218 593 257 mi
615 232 699 257 esse
720 218 824 256 diem
853 219 982 255 hunc:
1013 215 1080 254 ubi
1111 215 1172 253 isti
1203 222 1292 253 sunt
1313 214 1447 264 quibu'
1468 226 1539 251 uos

1311 278 1413 317 oculi
1435 277 1536 324 estis,

128 351 192 384 180
211 350 344 400 quibu’
374 350 488 397 uitae,
521 349 655 400 quibu'
685 347 849 387 deliciae
884 347 986 394 estis,
1020 346 1153 396 quibu⁷
1187 344 1307 389 sauia,
1341 343 1536 389 mummia,

1330 408 1510 448 mellillae
1524 409 1541 445 ?

210 480 453 530 maniplatim
468 479 561 518 mihi
578 477 853 529 munerigeruli
868 477 982 516 facite
996 484 1086 515 ante
1101 475 1209 515 aedis
1223 475 1299 514 iam
1315 474 1378 513 hic
1394 473 1535 513 adsint.

208 559 281 596 qur
311 559 383 596 ego
418 553 579 592 uestem,
612 558 750 582 aurum
784 551 903 593 atque
935 556 980 581 ea
1011 541 1155 592 quibus
1190 548 1248 579 est
1282 540 1396 578 uobis
1431 553 1535 585 usuS,

1010 608 1209 658 praebeo?
1242 604 1343 659 [aut]
1367 605 1462 656 quid
1484 604 1537 642 mi
1560 606 1565 653 ξ

208 676 317 716 domi
338 675 412 714 nisi
434 677 580 714 malum
597 683 729 714 uostra
742 682 897 725 operast
913 673 1062 713 hodie?
1092 672 1281 723 inprobae
1298 671 1393 710 uino
1415 672 1536 710 modo
1556 681 1599 712 50

1233 736 1401 787 cupidae
1422 736 1513 775 estis
1531 751 1537 773 :

208 821 256 846 eo
290 821 361 846 uos
396 814 549 845 uostros
584 805 839 856 panticesque
873 805 975 844 adeo
1006 802 1289 850 madefactatis‚
1314 816 1435 853 quom
1466 815 1539 852 ego

1221 868 1293 906 sim
1316 867 1379 905 hic
1400 866 1537 906 siccus.

126 976 188 1020 185
209 984 314 1009 nunc
342 972 444 1010 adeo
473 972 549 1010 hoc
579 972 720 1009 factust
750 978 957 1021 optumum
988 976 1030 1007 ut
1060 968 1221 1007 nomine
1248 981 1448 1018 quemque
1476 981 1540 1018 ap-

1288 1034 1431 1084 pellem
1454 1047 1536 1079 suo,

208 1115 257 1140 ne
270 1101 419 1140 dietum
434 1114 518 1140 esse
531 1108 707 1140 actutum
722 1100 796 1139 sibi
813 1098 1022 1150 quaepiam
1044 1106 1263 1138 nostrarum
1287 1098 1382 1136 mihi
1404 1106 1538 1148 neget:

528 1165 724 1205 aduortite
744 1165 921 1204 animum
943 1172 1118 1203 cunctae.

208 1231 410 1282 principio,
430 1231 659 1281 Hedylium,
678 1239 809 1269 tecum
830 1244 915 1281 ago,
931 1243 1033 1281 quae
1053 1229 1180 1268 amica
1201 1243 1241 1268 es
1263 1227 1534 1275 frumentariis,
1557 1238 1597 1273 55

208 1297 342 1348 quibu’
363 1297 514 1336 cunctis
536 1305 690 1335 montes
712 1296 884 1334 maxumi
906 1295 1091 1335 frumenti
1110 1294 1239 1334 acerui
1262 1302 1352 1333 sunt
1373 1294 1482 1334 domi
1500 1309 1506 1332 ε

126 1373 190 1407 190
208 1363 269 1401 fac
290 1362 340 1401 sis
362 1362 410 1400 sit
430 1363 604 1401 delatum
633 1363 710 1401 huc
737 1361 833 1400 mihi
854 1363 1105 1408 frumentum,
1129 1350 1234 1399 hunc
1260 1373 1407 1399 annum
1431 1359 1540 1409 quod

1434 1423 1536 1471 satis,

207 1491 303 1530 mihi
332 1499 370 1532 et
400 1492 568 1532 familiae
603 1492 712 1531 omni
747 1491 796 1531 sit
830 1491 951 1539 meae,
983 1500 1102 1542 atque
1135 1492 1236 1530 adeo
1271 1498 1313 1529 ut
1343 1491 1539 1529 frumento

1379 1557 1535 1603 afluam,

208 1631 249 1662 ut
270 1623 406 1662 ciuitas
427 1637 573 1662 nomen
596 1623 691 1661 mibi
712 1630 930 1662 commutet
951 1636 1094 1673 meque
1115 1630 1157 1660 ut
1177 1621 1376 1672 praedicet

206 1691 349 1729 lenone
370 1704 416 1729 ex
438 1689 616 1729 Ballione
643 1703 774 1739 regem
797 1691 994 1728 Iasonem.
1055 1690 1169 1728 (ΞΛΜ.
1202 1687 1353 1726 audin?
1382 1686 1536 1726 furcifer
1555 1689 1598 1722 60

1180 1743 1298 1805 [quae
1319 1751 1490 1802 loquitur
1503 1750 1535 1804 ?]

259 1820 359 1859 satin
381 1821 624 1870 magnuficus
646 1819 716 1859 tibi
738 1819 922 1859 uidetur?
981 1821 1042 1857 Ps.
1077 1819 1142 1869 pol
1171 1817 1242 1856 iste
1271 1824 1389 1867 atque
1419 1816 1535 1856 etiam

1332 1881 1533 1921 malificus.

253 1983 314 2012 179
338 1973 386 2004 vel
399 1972 484 2005 sciti*
503 1974 583 2004 mihi
701 1975 762 2005 180
785 1974 931 2005 mamilla
944 1973 976 2004 Ρ
994 1975 1069 2015 (pro
1083 1973 1217 2005 marniia
1229 1973 1252 2003 ἴ)
1345 1970 1492 2001 mellitae
1506 1970 1540 2000 P

209 2016 255 2056 (A
273 2017 393 2051 iucerl.)
521 2019 580 2049 182
605 2028 684 2058 usus
701 2019 733 2048 A
750 2030 755 2049 :
782 2019 855 2050 usui
874 2018 907 2048 Ρ
995 2018 1177 2058 praehibeo
1195 2016 1260 2047 cod.
1283 2016 1315 2048 (i.
1329 2026 1352 2045 e.
1373 2014 1535 2054 prehibeo

208 2064 244 2090 nt
265 2061 440 2100 prehendo
453 2061 476 2101 ἓ)
583 2067 640 2092 aut
663 2073 729 2094 om.
757 2062 789 2092 P
937 2063 996 2101 183
1021 2062 1070 2092 vel
1086 2065 1164 2102 post
1187 2059 1350 2100 inprobae
1374 2058 1537 2098 distingue

210 2105 269 2143 184
294 2105 526 2136 madefactatis
549 2105 636 2136 codd.
662 2105 769 2136 Nonii
784 2116 870 2146 395:
904 2105 1132 2137 madefecistis
1152 2105 1209 2135 A:
1240 2102 1448 2134 madesacitis
1471 2102 1532 2143 (Β)

206 2148 255 2178 vel
281 2148 476 2179 madefactis
502 2148 604 2186 (PCD)
630 2149 664 2179 P
770 2150 901 2180 simihic
925 2149 958 2179 A
1097 2150 1156 2188 185
1181 2148 1304 2179 factust
1328 2146 1533 2177 Lambinus:

207 2191 329 2222 sactum
354 2197 405 2223 est
422 2192 509 2223 codd.
601 2203 768 2232 quamque
783 2194 918 2224 nomine
935 2193 968 2222 A
1085 2193 1155 2230 186,
1181 2194 1239 2231 187
1265 2191 1430 2222 cohaerent
1444 2189 1530 2220 codd.

211 2236 270 2265 186
293 2246 355 2266 nec
380 2235 414 2266 Ρ
570 2237 631 2266 188
654 2237 828 2276 hedyllum
853 2237 886 2267 Ρ
907 2238 978 2275 (tle.
1008 2236 1192 2275 Hedylium
1207 2236 1231 2275 3)
1250 2246 1256 2265 :
1290 2234 1473 2275 (edyspium
1498 2232 1531 2263 A

206 2278 331 2309 amices
357 2279 390 2309 Ρ
413 2279 487 2320 (pro
513 2282 618 2313 -caesl
757 2281 818 2319 189
841 2280 952 2311 acerui
973 2279 1131 2310 frumenti
1157 2279 1190 2309 Ρ
1276 2278 1387 2309 acerui
1412 2278 1531 2318 impro-

206 2322 261 2352 bat
277 2323 472 2363 utglossam
489 2322 662 2353 Acidalt'us
819 2333 873 2363 191
900 2324 1001 2361 etiam
1027 2323 1171 2354 familiae
1196 2323 1247 2353 P:
1272 2327 1305 2353 et
1330 2320 1475 2352 malitiae
1499 2320 1531 2349 ⁴l

206 2365 330 2397 velsiet
443 2376 502 2406 193
522 2377 593 2406 sqq.
606 2367 651 2397 sic
661 2366 742 2407 disp.
756 2367 861 2398 Bothe
874 2366 1225 2398 Lenone—Iasonem
1241 2366 1373 2407 (ictmb.)
1395 2363 1400 2406 1
1420 2363 1532 2395 Audin

207 2408 226 2439 f.
244 2419 330 2448 quae
349 2407 495 2449 loquitur
510 2434 517 2441 .
538 2434 544 2440 .
565 2433 572 2440 .
595 2411 729 2441 uidetur
749 2410 876 2449 (troclz.)
894 2410 897 2452 Ι
918 2410 1193 2441 Pol—malificus
1212 2409 1344 2450 (tt-och.)
1475 2418 1534 2447 193

206 2453 374 2492 exbaliato
392 2463 503 2492 regem
522 2463 637 2493 regem
656 2454 806 2485 iasonem
824 2454 856 2484 A
947 2465 1032 2493 quae
1050 2454 1198 2493 loquitur
1213 2463 1278 2484 om.
1297 2453 1329 2482 A
1347 2452 1403 2494 μίν.
1419 2453 1450 2493 1)
