1783 2707
152 116 223 154 IV.
245 114 276 151 ii
663 111 709 147 T.
742 108 924 148 MACCI
955 107 1161 145 PLAVTI

250 227 320 263 ΕΡ.
352 236 469 274 posse
491 223 634 272 edepol
655 221 726 260 tibi
747 221 888 270 opinor
909 219 1027 258 etiam
1049 218 1116 256 uni
1136 219 1269 255 locum
1285 216 1405 255 condi
1425 229 1451 266 p
1474 230 1492 251 *
1510 229 1577 254 um

189 308 231 339 40
249 289 317 328 ubi
351 289 530 327 accubes.
603 289 708 325 PAM.
740 299 834 324 sane
867 284 1097 323 faciundum
1128 295 1282 321 censeo.
1355 283 1428 320 GE.
1461 294 1485 319 o
1513 282 1579 318 lux

1418 344 1554 395 oppidi
1572 347 1577 382 ἶ

251 423 321 460 ΕΡ.
355 419 385 459 si
406 428 486 459 arte
506 417 652 470 poteris
674 417 877 456 accubare.
938 416 1012 453 GE.
1036 415 1099 452 uel
1121 413 1221 451 inter
1242 425 1389 450 cuneos
1411 413 1554 449 ferreos
1570 424 1580 458 3

249 486 444 525 tantillum
466 484 584 523 loculi
605 483 672 522 ubi
693 484 855 521 catellus
876 481 1005 527 cubet,
1028 479 1069 517 id
1090 478 1142 516 mi
1165 486 1222 516 sat
1244 491 1264 515 e
1285 477 1362 515 re'st
1382 476 1468 515 loci.
1598 481 1668 515 620

251 555 322 592 ΕΡ.
345 553 515 592 exorabo
535 551 668 601 aliquo
690 550 822 588 modo.
873 547 978 586 ueni.
1028 548 1101 584 GE.
1125 545 1302 583 hucine?
1360 545 1429 581 ΕΡ.
1457 542 1579 580 immo

1299 609 1339 646 in
1361 621 1555 646 carcerem
1573 621 1582 654 3

251 697 343 722 nam
358 683 420 721 hic
435 682 596 732 quidem
610 680 767 730 genium
784 678 985 717 meliorem
1000 685 1109 715 tuom
1125 689 1204 713 non
1221 674 1350 712 facies.
1374 674 1511 720 eamu’,
1527 680 1578 710 tu.

189 765 230 798 45
254 752 357 787 PAM.
391 750 487 787 deos
509 747 688 785 salutabo
710 746 843 791 modo,
864 751 978 794 poste
999 744 1050 781 ad
1070 750 1108 780 te
1129 741 1319 779 continuo
1342 747 1564 777 transeo.—

255 816 328 853 GE.
361 813 458 864 quid
478 812 620 863 igitur?
679 813 747 850 ΕΡ.
781 809 859 849 dixi
881 809 1067 859 equidem
1089 807 1128 845 in
1149 819 1343 845 carcerem
1366 805 1450 843 ires.
1505 805 1579 842 GE.

1246 871 1341 921 quin
1363 870 1394 908 si
1414 868 1580 916 iusseris,

253 961 301 986 eo
318 959 477 997 quoque
490 944 567 983 ibo.
629 946 700 982 ΕΡ.
723 942 762 982 di
778 942 1005 980 inmortales
1023 943 1028 978 Ι
1059 937 1289 988 hicquidem
1306 937 1372 986 pol
1387 947 1582 973 summam
1602 938 1668 983 625

1366 1001 1406 1039 in
1427 1013 1584 1039 crucem

254 1091 353 1116 cena
373 1084 439 1115 aut
459 1075 626 1126 prandio
641 1073 804 1125 perduci
819 1079 961 1124 potest.
1002 1071 1076 1109 GE.
1098 1069 1153 1108 ita
1173 1067 1374 1118 ingenium
1390 1072 1560 1104 meumst
1577 1079 1584 1103 :

255 1142 478 1193 quicumuis
500 1143 686 1191 depugno
707 1141 832 1178 multo
852 1137 1003 1176 facilius
1024 1149 1143 1186 quam
1165 1148 1256 1172 cum
1277 1135 1393 1171 fame.

197 1226 236 1258 50
258 1211 327 1246 ΕΡ.
360 1209 455 1246 dum
477 1206 667 1256 parasitus
690 1204 785 1243 mihi
805 1211 924 1254 atque
944 1201 1050 1240 fratri
1072 1199 1188 1247 fuisti,
1207 1212 1289 1237 rem
1310 1197 1583 1247 confregimus.

257 1276 332 1313 GE.
364 1287 445 1311 non
466 1286 538 1323 ego
560 1271 623 1310 isti
645 1271 752 1322 apud
773 1271 894 1308 te—?
961 1269 1030 1306 ΕΡ.
1055 1266 1138 1305 sati'
1160 1270 1371 1316 spectatast
1392 1263 1486 1301 mihi
1509 1262 1586 1300 iam

1309 1337 1376 1367 tua
1396 1328 1558 1367 felicitas
1576 1342 1587 1375 3

255 1418 361 1443 nunc
383 1417 455 1454 ego
476 1405 569 1442 nolo
591 1416 637 1441 ex
659 1400 859 1440 Gelasimo
880 1399 933 1437 mi
954 1397 1036 1451 fieri
1056 1405 1094 1435 te
1116 1394 1515 1445 Catagelasimum—
1604 1396 1717 1440 63o—1

258 1473 331 1510 GE.
356 1470 487 1508 iamne
515 1468 727 1507 abierunt?
776 1464 986 1511 Gelasimo,
1010 1463 1113 1510 uide,
1148 1474 1253 1499 nunc
1275 1458 1440 1499 consilio
1470 1465 1586 1507 capto

1457 1529 1582 1573 opust.

259 1602 416 1652 egone?
446 1608 551 1638 tune.
612 1597 790 1636 mihine?
821 1595 955 1634 tibine.
1016 1593 1128 1631 uides
1149 1599 1191 1630 ut
1212 1597 1407 1629 annonast
1427 1587 1566 1639 grauis.
1606 1593 1719 1636 633-5

199 1681 240 1714 55
259 1666 409 1705 uiden?
444 1663 706 1714 benignitates
727 1660 936 1700 hominum
957 1658 1104 1708 periere
1126 1664 1163 1695 et
1184 1654 1439 1706 prothymiae.

259 1730 379 1769 uiden
402 1729 587 1768 ridiculos
608 1726 719 1765 nihili
740 1725 822 1764 fieri
843 1732 961 1774 atque
983 1723 1087 1773 ipsos
1109 1719 1384 1772 parasitarier?

303 1836 365 1873 617
384 1835 432 1864 vel
443 1833 543 1873 opino
591 1832 689 1863 condi
702 1841 722 1870 p
728 1853 842 1862 ......
860 1839 912 1859 um
927 1828 975 1859 A:
993 1826 1169 1866 conspicor
1182 1825 1225 1855 P:
1245 1836 1273 1856 c.
1286 1824 1531 1864 propemodum
1547 1822 1588 1862 (2)

260 1878 386 1909 Sclzoell
516 1877 580 1906 618
604 1876 659 1905 ubi
685 1875 786 1905 cubes
804 1872 939 1910 Rz'tsclzl⁷
960 1882 1042 1901 nam
1069 1871 1124 1900 ubi
1150 1869 1294 1900 accubes
1318 1868 1479 1908 displicet:
1504 1867 1586 1906 fort.

261 1923 315 1952 ubi
332 1922 446 1961 infime
463 1931 491 1951 v.
508 1920 626 1960 prioris
642 1917 815 1948 collocand.
920 1917 985 1946 620
1003 1914 1118 1955 loculi]
1135 1913 1197 1943 loci
1209 1912 1243 1942 P
1327 1912 1451 1951 saeeris
1465 1915 1517 1941 est
1529 1909 1561 1939 A
1580 1921 1586 1939 :

261 1971 312 1997 sat
330 1966 391 1996 erit
409 1965 511 1995 Bothe
613 1963 677 1991 622
702 1962 874 1992 meliorem
893 1960 1028 1999 genium
1046 1958 1078 1988 P
1183 1958 1246 1995 623
1271 1956 1369 1986 domo
1385 1955 1418 1984 A
1524 1954 1588 1992 624

262 2010 353 2040 dixis
378 2019 455 2039 corr.
486 2007 569 2038 dixti
597 2007 681 2045 (sine
705 2009 781 2035 nota
810 2004 978 2044 personae)
1008 2002 1041 2032 A
1132 2001 1159 2031 si
1189 2011 1253 2031 om.
1283 2000 1315 2030 P
1444 1998 1508 2036 625
1533 1996 1589 2036 pol

262 2051 439 2091 summam]
467 2052 497 2081 iu
526 2051 572 2080 sui
594 2050 681 2089 PCD)
700 2059 829 2080 summa
851 2049 883 2078 P
1034 2046 1099 2076 626
1122 2045 1194 2085 aut]
1213 2049 1249 2075 ut
1265 2043 1297 2073 A
1431 2043 1506 2079 628,
1525 2042 1590 2080 629

262 2098 389 2127 inverso
406 2095 516 2126 ordine
529 2095 562 2125 P
691 2095 755 2132 629
780 2103 842 2131 ego
859 2090 964 2122 istaA
981 2101 986 2120 :
1013 2100 1102 2128 nego
1121 2089 1185 2119 ista
1202 2086 1268 2118 Leo
1288 2087 1358 2118 (wir
1373 2086 1589 2124 Plautimmz)

263 2141 315 2181 <cf
336 2141 355 2179 i,
375 2150 405 2179 p.
425 2139 484 2177 28)
603 2139 678 2176 630,
698 2139 757 2176 631
786 2136 858 2166 fieri
875 2145 939 2166 om.
957 2134 990 2164 P
1105 2134 1168 2171 632
1193 2131 1291 2162 abisti
1309 2130 1342 2160 P
1406 2139 1493 2159 nunc
1515 2139 1591 2159 con-

262 2184 369 2225 sil(io)
402 2193 478 2223 caro
509 2182 573 2217 <vel
601 2182 715 2220 capto)
748 2183 848 2220 opust
880 2178 940 2208 A:
979 2177 1059 2216 quid
1087 2186 1124 2206 es
1156 2180 1316 2215 capturus
1345 2173 1475 2205 consilii
1511 2172 1546 2211 (i.
1563 2182 1588 2202 e.

264 2228 315 2267 di)
333 2227 371 2258 P.
433 2227 489 2257 vix
509 2227 554 2256 sic
578 2224 762 2264 reficiendus
788 2223 876 2253 locus
895 2222 945 2261 cf.
968 2220 1014 2251 ad
1028 2219 1123 2250 Merc.
1142 2220 1221 2259 319)
1236 2230 1245 2250 t-
1280 2218 1395 2248 Iamne
1414 2217 1591 2247 abierunt?

264 2271 446 2310 Gelasime,
473 2270 564 2309 uide,
590 2279 678 2299 nune
703 2267 846 2298 consilio
870 2270 967 2305 capto
993 2264 1056 2298 (vel
1078 2268 1171 2301 caro)
1195 2268 1303 2302 opust.
1332 2262 1398 2292 Iam
1423 2260 1593 2290 abierunt.

264 2315 443 2353 Gelasime,
466 2314 542 2344 uide
564 2313 643 2352 quid
668 2322 705 2342 es
729 2316 888 2351 capturus
908 2308 1028 2339 consili
1161 2308 1269 2345 633-5
1294 2306 1396 2335 uiden
1421 2303 1592 2334 Fleckeisen

262 2361 326 2398 636
350 2359 445 2389 uides
470 2358 502 2388 P
632 2361 667 2387 ut
684 2355 845 2395 perierint
867 2351 918 2382 A¹
943 2354 993 2394 (ut
1017 2351 1076 2383 del.
1093 2350 1175 2391 A2),
1196 2349 1281 2380 mule
1302 2354 1337 2380 ut
1362 2348 1495 2389 periere
1520 2345 1588 2377 edd.

264 2405 325 2442 637
352 2403 446 2432 uides
467 2401 500 2430 P

968 2513 991 2524 l
