1783 2707
156 135 208 171 II.
231 145 276 169 lv
647 133 693 169 T.
728 132 907 170 MACCI
941 131 1144 168 PLAVTI

230 246 311 281 AM.
345 242 440 292 quid
462 241 655 280 sacerdoti
678 255 739 279 me
760 241 890 279 dicam
912 240 976 278 hic
997 241 1241 278 demoratam
1263 246 1342 277 tam
1363 238 1459 278 diu?
1579 249 1648 280 440

230 315 272 346 ut
292 307 409 346 etiam
431 320 536 344 nunc
559 306 698 344 misera
720 305 840 343 timeo
862 304 929 343 ubi
951 304 1074 342 oculis
1096 304 1250 342 intueor
1271 318 1376 342 mare
1394 307 1400 341 !

338 435 408 473 sed
429 433 525 484 quid
546 447 618 484 ego
641 433 780 472 misera
802 434 920 471 uideo
941 434 1077 483 procul
1099 432 1138 470 in
1159 432 1298 470 litore?
1579 444 1712 480 442-50

170 516 212 547 30
341 513 472 538 meum
494 512 603 537 erum
625 500 809 537 lenonem
832 498 1156 547 Siciliensemque
1178 496 1386 546 hospitem,

340 578 439 615 quos
460 563 621 614 periisse
641 564 780 602 ambos
804 563 944 602 misera
965 563 1176 601 censebam
1198 561 1237 600 in
1259 561 1364 599 mari.

339 630 417 668 iam
438 629 534 668 illud
557 628 647 666 mali
669 630 756 679 plus
778 628 893 666 nobis
915 627 1013 665 uiuit
1034 641 1152 677 quam
1174 635 1289 665 ratae.

339 696 410 733 sed
431 693 526 744 quid
548 707 621 743 ego
642 707 753 732 cesso
775 695 906 743 fugere
928 692 967 730 in
988 694 1124 730 fanum
1145 705 1191 729 ac
1211 691 1342 730 dicere
1361 691 1460 729 haec

341 761 572 805 Palaestrae,
596 758 635 796 in
657 772 763 796 aram
786 765 827 795 ut
849 756 1121 807 confugiamus
1142 756 1238 807 priu'
1259 769 1379 806 quam
1400 756 1479 794 huc
1581 769 1646 805 455

172 839 210 871 35
339 826 527 863 scelestus
548 825 639 862 leno
660 822 793 861 ueniat
814 836 966 872 nosque
988 821 1051 860 hic
1072 820 1297 872 opprimat?

339 888 564 940 confugiam
586 890 675 936 huc,
699 888 751 926 ita
773 902 832 927 res
854 886 1037 938 suppetit,
1062 886 1191 926 subita
1211 886 1286 925 uia.

183 1008 213 1033 V
736 1000 1061 1037 SCEPARNIO

342 1084 417 1121 Pro
437 1082 477 1121 di
499 1081 726 1120 inmortales
745 1083 750 1118 l
782 1080 820 1118 in
842 1093 945 1130 aqua
966 1092 1183 1129 numquam
1204 1077 1354 1118 credidi

340 1147 585 1197 uoluptatem
609 1146 736 1184 inesse
758 1153 918 1183 tantam.
978 1152 1020 1182 ut
1041 1145 1142 1182 hanc
1164 1143 1260 1182 traxi
1279 1143 1444 1181 lubens!

341 1211 465 1250 nimio
487 1211 617 1249 minus
637 1212 739 1249 altus
761 1217 903 1260 puteus
925 1209 1049 1247 uisust
1071 1222 1189 1259 quam
1210 1207 1326 1258 prius.
1585 1211 1654 1254 460

343 1285 384 1315 ut
406 1277 489 1315 sine
509 1277 642 1315 labore
665 1277 766 1314 hanc
788 1274 933 1313 extraxi
951 1278 957 1313 l
990 1273 1219 1325 praefiscine
1237 1276 1243 1311 !

195 1360 212 1393 5
343 1342 425 1380 sati’
446 1355 617 1392 nequam
639 1355 738 1388 sum,
762 1347 899 1390 utpote
921 1339 987 1390 qui
1008 1338 1128 1378 hodie
1147 1351 1278 1376 amare
1302 1336 1526 1388 inceperim.

344 1421 406 1446 em
427 1407 497 1446 tibi
519 1420 675 1457 aquam,
700 1420 787 1444 mea
809 1413 850 1444 tu
872 1404 1039 1444 belliata.
1100 1417 1163 1442 em
1185 1403 1239 1442 sic
1260 1404 1353 1442 uolo

345 1480 382 1511 te
403 1473 500 1511 ferre
521 1473 687 1510 honeste
709 1479 750 1509 ut
772 1484 845 1521 ego
866 1471 959 1518 fero,
983 1477 1024 1508 ut
1046 1470 1200 1520 placeas
1221 1467 1328 1506 mihi.

345 1539 415 1576 sed
436 1537 503 1575 ubi
525 1545 566 1575 tu
587 1551 639 1583 es,
663 1536 861 1575 delicata?
899 1548 997 1585 cape
1018 1548 1162 1585 aquam
1183 1535 1285 1572 hanc
1306 1532 1368 1571 sis.
1409 1532 1477 1571 ubi
1498 1534 1569 1571 es?
1587 1535 1652 1579 465

345 1610 450 1641 amat
472 1603 601 1640 hercle
624 1616 697 1648 me,
722 1609 764 1639 ut
785 1615 858 1651 ego
880 1600 1030 1651 opinor.
1091 1598 1245 1638 delituit
1266 1600 1377 1637 mala.

181 1685 220 1708 10
347 1668 414 1706 ubi
436 1676 476 1706 tu
498 1669 568 1706 es?
597 1667 768 1706 etiamne
789 1668 892 1705 hanc
914 1679 1052 1704 urnam
1073 1665 1345 1715 acceptura's?
1373 1663 1441 1703 ubi
1462 1665 1533 1702 es?

348 1734 601 1772 commodule
623 1732 790 1770 meliust.
851 1733 1013 1770 tandem
1035 1744 1129 1769 uero
1150 1729 1261 1777 serio,

347 1798 463 1837 etiam
485 1806 694 1849 acceptura
715 1812 756 1837 es
778 1811 915 1836 urnam
939 1798 1070 1835 hanc?
1099 1795 1167 1835 ubi
1188 1803 1229 1834 tu
1251 1809 1291 1834 es
1311 1793 1516 1846 gentium?

348 1878 543 1915 nusquam
564 1866 694 1903 hercle
717 1863 903 1914 equidem
925 1863 1030 1901 illam
1053 1862 1181 1901 uideo.
1241 1862 1356 1900 ludos
1378 1874 1441 1899 me
1465 1859 1568 1898 facit.
1589 1869 1658 1904 47ο

347 1931 547 1981 adponam
568 1931 699 1968 hercle
720 1943 859 1968 urnam
881 1928 957 1967 iam
980 1942 1052 1979 ego
1073 1929 1175 1966 hanc
1196 1926 1235 1965 in
1257 1925 1387 1965 media
1407 1925 1481 1964 uia.

183 2009 220 2043 ¹5
349 1997 418 2034 sed
438 2002 581 2042 autem,
605 1995 701 2045 quid
723 1995 753 2033 si
775 1996 877 2033 hanc
898 1994 991 2033 hinc
1011 1992 1213 2044 apstulerit
1233 1991 1440 2042 quispiam,

349 2074 497 2100 sacram
520 2074 657 2099 urnam
679 2060 874 2099 Veneris?
900 2060 951 2097 mi
973 2059 1155 2098 exhibeat
1175 2056 1389 2109 negotium.

349 2134 483 2165 metuo
504 2127 634 2165 hercle
655 2140 704 2165 ne
726 2125 791 2164 illa
811 2126 950 2164 mulier
971 2124 1024 2162 mi
1045 2123 1206 2162 insidias
1227 2125 1341 2170 locet,

284 2231 349 2260 440
372 2221 580 2251 demoratum
599 2218 737 2249 Mueller
866 2227 929 2256 453
954 2216 1090 2248 velilluc
1192 2216 1268 2256 plus
1293 2214 1369 2246 mali
1388 2213 1472 2246 cod.:
1499 2214 1569 2246 irai.

243 2264 454 2295 Camerarius
585 2272 648 2302 455
674 2263 769 2302 prius
789 2265 864 2292 aule
885 2262 918 2291 in
944 2260 1071 2292 collocat
1091 2259 1227 2299 Scleoell,
1251 2270 1332 2290 nam
1356 2269 1457 2297 neque
1480 2258 1568 2297 priu'

241 2308 371 2348 φιφτη)
399 2319 454 2339 nec
469 2317 567 2345 quam
587 2306 592 2348 1
614 2307 679 2337 huc
701 2306 782 2336 satis
796 2305 927 2346 placent
943 2305 993 2343 (εἰ
1014 2305 1094 2343 494)
1243 2312 1304 2342 457
1329 2312 1383 2333 res
1404 2302 1505 2341 (PBC)
1525 2301 1575 2332 vel

241 2362 295 2382 me
321 2351 380 2392 (mi
393 2353 416 2391 ἕ)
444 2350 504 2391 (T)
524 2350 589 2381 cod.
679 2349 791 2381 subita
808 2349 862 2379 uia
884 2348 1001 2388 scrfpsi
1017 2347 1224 2378 dubitanter:
1248 2346 1358 2377 subita
1379 2345 1511 2376 ueniam
1537 2348 1574 2375 ut

241 2395 304 2427 vid.
322 2394 387 2426 cod.
407 2405 413 2424 :
437 2394 602 2425 subitaria
619 2393 742 2434 Ussing
864 2393 925 2430 461
953 2391 1186 2431 praeficiscine
1203 2390 1269 2421 coel.
1398 2391 1460 2428 462
1485 2389 1570 2419 satin

241 2439 347 2470 Bothe
487 2442 623 2477 utprote
659 2435 724 2468 cod.
869 2435 1053 2475 inceperim
1079 2444 1192 2465 amare
1211 2433 1298 2464 cod.:
1336 2434 1407 2464 trat'.
1435 2433 1573 2472 Pylades

231 2482 313 2522 fort.
334 2481 434 2513 hodie
452 2486 487 2512 ut
505 2485 585 2521 pete
601 2480 658 2520 qui
792 2480 857 2518 466
881 2480 930 2509 vel
944 2478 1048 2529 opan
1180 2478 1244 2516 468
1268 2477 1386 2508 melius
1404 2476 1468 2508 cod.
