1731 2713
86 383 155 425 670

24 1062 27 1065 .
86 1033 156 1068 680

67 1096 155 1131 680²

68 1233 157 1268 681a

90 1555 134 1591 68
139 1563 155 1601 5

710 135 782 171 RV
792 134 933 171 DENS
1418 131 1494 168 III.
1518 131 1564 167 iii

1002 255 1112 280 „imus
1131 242 1284 287 ambae,

280 315 376 366 (ta...
932 307 1070 346 iniuria

281 388 365 418 orta
385 379 423 416 in
445 392 494 415 nc
819 391 822 395 ·
844 374 947 411 intus
967 373 1017 410 ab
1038 379 1172 410 nostro
1193 385 1270 417 ero,

282 444 375 495 quin
398 444 584 481 scelestus
925 451 991 475 um
1012 435 1214 487 praecipes

282 508 459 559 reppulit,
483 505 653 556 propulit
676 533 693 555 ,γ
861 528 864 538 ι
896 501 1055 552 ‹ndignis
1073 500 1206 539 ‘modis

280 587 432 623 nosque
452 573 502 611 ab
523 571 635 622 signo
655 570 809 608 intumo
830 568 869 606 ui
890 567 1058 617 deripuit
1079 580 1159 604 sua.

227 641 297 678 sed
319 652 424 676 nunc
445 652 529 676 sese
550 644 592 674 ut
613 637 741 674 ferunt
762 648 821 672 res
842 635 1100 682 fortunaeque
1121 639 1289 677 nostrae,

281 718 348 755 par
370 702 499 741 moriri
520 710 588 741 est.
648 713 778 750 neque
799 706 857 737 est
877 697 1016 736 melius
1037 704 1163 735 morte
1186 695 1225 735 in
1246 695 1358 733 malis

281 769 396 807 rebus
418 767 577 806 miseris.
637 767 713 803 TR.
746 763 842 815 quid
863 764 950 801 est?
979 761 1079 812 quae
1100 760 1211 799 illaec
1232 760 1422 799 oratiost?

227 847 339 873 cesso
360 846 432 883 ego
453 834 522 870 has
539 830 744 870 consolari.
786 830 884 867 heus
903 828 1098 865 Palaestra
1115 829 1122 864 1
1180 827 1248 863 ΡΑ.
1273 825 1339 874 qui
1357 826 1503 863 uocat?

281 901 356 937 TR.
390 897 626 948 Ampelisca.
672 898 754 934 AM.
788 906 963 944 opsecro,
987 891 1073 942 quis
1094 898 1152 930 est
1172 890 1238 941 qui
1260 891 1405 928 uocat?

284 967 351 1002 ΡΑ.
384 963 470 1014 quis
492 963 522 1001 is
544 970 601 1001 est
622 960 689 1012 qui
710 959 917 999 nominat?
973 959 1048 995 TR.
1082 956 1113 994 si
1134 954 1314 1006 respexis,
1339 954 1447 993 scies.

284 1032 350 1067 ΡΑ.
385 1043 409 1067 o
430 1028 562 1066 salutis
584 1039 696 1065 meae
716 1038 815 1075 spes,
886 1025 961 1060 TR.
994 1029 1080 1060 tace
1100 1034 1146 1059 ac
1166 1021 1274 1059 bono
1295 1019 1428 1058 animo
1450 1032 1502 1057 es.

283 1108 346 1133 me
366 1094 469 1133 uide.
530 1095 596 1131 ΡΑ.
630 1092 660 1130 si
682 1092 803 1130 modo
824 1089 864 1128 id
884 1088 1009 1135 liceat,
1032 1086 1092 1125 uis
1113 1100 1162 1125 ne
1183 1085 1389 1135 opprimat,

283 1173 384 1211 quae
405 1158 464 1198 uis
484 1157 566 1197 uim
588 1157 641 1196 mi
661 1157 835 1195 adferam
856 1154 941 1205 ipsa
960 1152 1091 1204 adigit.
1141 1153 1217 1189 TR.
1250 1151 1300 1190 ah
1318 1153 1323 1188 l
1354 1148 1505 1197 desine,

604 1221 720 1261 nimis
741 1220 875 1271 inepta
894 1232 946 1259 es.

176 1357 244 1394 ΡΑ.
278 1354 422 1394 desiste
442 1352 557 1393 dictis
578 1350 764 1391 nunciam
785 1349 967 1388 miseram
989 1361 1052 1386 me
1073 1344 1267 1386 consolari
1282 1360 1292 1393 3

175 1421 249 1459 nisi
267 1420 362 1470 quid
382 1433 422 1458 re
443 1417 682 1469 praesidium
702 1428 877 1466 apparas,
896 1412 1117 1459 Trachalio,
1135 1419 1223 1450 acta
1242 1412 1340 1449 haec
1361 1422 1420 1448 res
1437 1416 1505 1447 est.

175 1488 258 1524 AM.
281 1491 468 1524 certumst
485 1482 615 1521 moriri
632 1495 750 1532 quam
767 1482 873 1518 hunc
888 1478 967 1529 pati
980 1475 1164 1529 (saeuire)
1178 1478 1364 1514 lenonem
1378 1475 1418 1512 in
1433 1487 1506 1512 me.

177 1551 246 1590 sed
276 1548 457 1588 muliebri
485 1547 619 1586 animo
648 1559 736 1585 sum
765 1552 922 1584 tamen:
952 1543 1116 1582 miserae
1143 1540 1284 1594 <quom
1313 1537 1440 1590 uenit)
1468 1538 1508 1577 in

1331 1612 1506 1644 mentem

177 1680 273 1720 mihi
307 1679 453 1727 mortis,
486 1679 604 1717 metu'
634 1676 812 1716 membra
845 1680 1024 1725 occupat.
1083 1673 1226 1724 edepol
1260 1671 1366 1711 diem
1400 1672 1506 1708 hunc

1253 1744 1260 1748 ’
1295 1736 1507 1774 acerbum!

176 1813 256 1851 TR.
303 1811 453 1850 bonum
492 1808 670 1848 animum
704 1806 858 1846 habete.
933 1807 1002 1843 PA.
1048 1816 1151 1850 nam,
1189 1814 1367 1852 opsecro,
1401 1801 1508 1838 unde

942 1870 1014 1909 iste
1033 1868 1189 1908 animus
1209 1867 1263 1905 mi
1283 1865 1509 1905 inuenitur?

220 1982 284 2013 668
307 1982 432 2012 scimus
448 1980 579 2022 scripsi:
606 1978 753 2010 sciamus
771 1974 839 2007 cod.
936 1975 1001 2014 669
1025 1977 1119 2004 tanta
1135 1970 1242 2011 suppl.
1262 1969 1348 2001 Valla
1445 1971 1507 2008 671

176 2026 233 2066 qui
249 2024 434 2056 saracenus
452 2025 504 2065 (cs.
525 2023 601 2063 760)
715 2023 779 2060 673
803 2020 859 2051 vix
874 2019 930 2050 uid
948 2028 995 2050 er.
1116 2016 1181 2055 674
1205 2013 1297 2054 sese]
1317 2023 1354 2044 se
1373 2013 1510 2044 Guietus

179 2069 296 2108 (bacch.
317 2068 459 2105 tetram.)
561 2064 716 2105 nostrae]
737 2074 799 2095 nos
819 2064 860 2104 (2)
878 2063 944 2093 Leo
1032 2061 1096 2100 675
1121 2064 1172 2090 est
1190 2057 1306 2089 moriri
1320 2056 1384 2088 cod.
1403 2068 1410 2088 ε
1434 2056 1506 2088 trai.

177 2113 259 2143 Reiz
277 2124 284 2143 ε
306 2112 357 2143 vel
370 2110 517 2142 moririst
642 2110 706 2148 676
730 2108 861 2139 miseris
877 2104 1018 2146 Pylades
1033 2116 1039 2135 :
1066 2102 1234 2134 meiseriis
1250 2100 1316 2132 cod.
1444 2101 1509 2138 678

177 2158 235 2187 vix
260 2155 348 2198 (oh)
375 2155 451 2194 quis
476 2159 537 2193 est,
561 2156 598 2184 ut
619 2153 742 2193 integer
765 2154 950 2182 tetrameter
964 2149 1057 2189 fiat:
1089 2147 1166 2186 quis
1191 2144 1265 2188 (is)
1294 2148 1346 2175 est
1373 2142 1412 2184 (ἲ)
1442 2141 1508 2174 Leo

177 2200 243 2240 679
267 2208 430 2239 respexes
447 2197 514 2229 cod.
605 2197 671 2226 682
695 2195 791 2226 dictis
807 2193 969 2234 Pylades:
993 2192 1102 2223 dictus
1119 2189 1184 2221 cod.
1273 2189 1337 2227 683
1359 2186 1508 2227 praesidi

178 2243 353 2275 Fleckeisen
466 2241 531 2280 684
554 2250 628 2280 sqq.
647 2238 748 2270 medii
759 2247 871 2269 versus
889 2235 1035 2268 mutilati
1041 2246 1053 2273 ;
1078 2235 1195 2266 lacuna
1212 2233 1246 2263 in
1262 2232 1328 2263 cod.
1443 2231 1508 2268 684

178 2286 334 2318 moreirei
353 2284 419 2317 cod.
441 2285 593 2324 (antiqua
599 2283 735 2324 forma)
824 2280 958 2312 saeuire
974 2278 1082 2320 suppl.
1096 2276 1223 2309 Schoell
1318 2275 1383 2313 685
1405 2283 1508 2312 quom

178 2331 275 2361 uenit
299 2329 403 2370 suppl.
427 2327 603 2359 Fleckeisen
626 2329 701 2366 post
728 2324 959 2357 camerarium
1134 2321 1200 2351 686
1222 2318 1273 2350 vel
1293 2318 1356 2349 ΤΚ.
1386 2315 1507 2356 edepol

177 2373 242 2412 687
268 2374 351 2404 istec
379 2371 444 2402 cod.
466 2375 504 2402 ut
518 2370 581 2403 vid.
603 2370 653 2412 (cf
673 2380 701 2400 v.
720 2369 800 2407 688)
820 2367 903 2409 (nisi
921 2365 1053 2406 quidem
1076 2365 1168 2396 unde
1191 2363 1321 2394 animus
1345 2361 1414 2392 sine
1430 2365 1507 2402 pro·

179 2416 312 2447 nomine
325 2415 471 2447 exhibuit
485 2413 566 2455 cod.)
657 2413 713 2444 vix
728 2422 806 2443 nam
823 2420 966 2451 opsecro
982 2409 1073 2441 {inde
1091 2408 1167 2439 istic
1183 2417 1212 2438 a.

224 2480 342 2502 ΡιΑντ.
362 2479 388 2500 11
1377 2459 1420 2490 23

1527 574 1564 596 10

1526 899 1564 931 15

1527 1230 1567 1253 20

1527 1685 1567 1718 ²5
