1783 2707
151 154 233 190 IV.-

188 277 226 310 75

187 664 227 694 80

191 1395 234 1427 90

197 2083 237 2117 95

244 152 273 189 ii
660 151 706 188 T.
741 149 919 188 MACCI
953 147 1155 185 PLAVTI

247 265 296 302 de
317 265 515 314 praedone
536 262 678 300 Siculo.
731 262 803 298 M1.
837 257 1002 309 quanti?
1054 259 1117 296 SY.
1150 254 1423 305 duodeuiginti
1445 241 1571 301 minis,

246 331 343 368 duas
365 329 447 366 illas
469 336 505 366 et
528 326 805 366 Giddenenem
828 323 1019 362 nutricem
1041 336 1172 360 earum
1195 321 1358 360 tertiam.

246 402 284 432 et
305 394 367 432 ille
389 393 455 443 qui
477 406 541 431 eas
562 392 762 430 uendebat
783 389 879 427 dixit
900 402 940 426 se
961 387 1123 425 furtiuas
1144 387 1339 424 uendere:

248 460 436 509 ingenuas
458 456 695 507 Carthagine
715 455 820 493 aibat
841 468 935 492 esse.
998 454 1069 490 M1.
1103 451 1142 490 di
1164 459 1336 489 nostram
1358 452 1476 489 fidem
1494 453 1500 488 !
1593 462 1662 496 900

248 524 413 564 nimium
441 523 616 573 lepidum
642 533 836 559 memoras
863 518 1025 558 facinus.
1086 530 1177 555 nam
1200 518 1277 555 eru'
1299 530 1408 554 meus
1429 518 1573 565 Agora—

1434 583 1575 620 stocles

248 655 395 694 ibidem
416 661 584 705 gnatust,
607 653 686 692 ind'
708 660 909 702 surruptus
930 652 1009 689 fere
1031 649 1222 695 sexennis,
1245 647 1390 699 postibi

249 722 315 772 qui
337 735 426 759 eum
444 719 640 770 surrupuit
656 721 734 757 huc
750 717 906 756 deuexit
928 730 1097 766 meoque
1114 716 1179 753 erc')
1197 728 1286 752 eum
1304 714 1367 751 hic
1384 711 1574 751 uendidit.

250 787 280 826 is
302 787 340 824 in
362 786 518 825 diuitias
540 787 661 823 homo
681 783 886 834 adoptauit
907 784 1012 820 hunc
1034 794 1156 831 quom
1177 780 1283 818 diem
1305 779 1402 818 obiit
1422 791 1547 816 suom.

250 854 313 890 Sx'.
346 851 479 889 onmia
500 864 693 889 memoras
715 862 794 898 quo
815 848 855 886 id
877 847 1026 886 facilius
1048 848 1138 884 fiat:
1168 858 1287 883 manu
1308 857 1372 882 eas
1393 844 1556 889 adserat,
1597 853 1662 890 905

251 931 340 956 suas
362 916 570 967 popularis,
594 914 744 954 liberali
765 927 911 952 caussa.
954 912 1134 951 tacitu’s?
1193 913 1265 948 Mr.
1298 917 1384 947 tace
1405 910 1537 947 modo.

252 985 314 1022 Sv.
348 983 524 1032 profecto
544 982 595 1019 ad
616 979 754 1018 incitas
775 981 961 1017 lenonem
982 977 1144 1026 rediget,
1165 975 1197 1014 si
1218 989 1282 1014 eas
1302 973 1518 1012 abduxerit.

253 1050 324 1086 M1.
358 1046 453 1097 quin
475 1046 570 1096 priu'
592 1044 796 1095 disperibit
816 1045 904 1082 faxo
925 1056 1044 1093 quam
1066 1055 1189 1080 unum
1210 1042 1358 1079 calcem
1380 1038 1524 1078 ciuerit.

252 1113 304 1151 ita
333 1119 558 1163 paratumst.
619 1113 681 1149 Sv.
714 1110 767 1148 ita
801 1109 841 1148 di
875 1108 996 1147 faxint
1030 1121 1080 1146 ne
1113 1107 1219 1157 apud
1253 1107 1438 1144 lenonem
1473 1105 1579 1142 hunc

1388 1169 1555 1208 seruiam
1572 1173 1579 1208 1

255 1246 326 1282 M1.
361 1243 427 1294 qui
448 1244 578 1281 hercle
599 1241 839 1281 conlibertus
860 1241 962 1278 meu'
983 1240 1072 1277 faxo
1092 1246 1134 1276 tu
1155 1237 1240 1284 eris,
1263 1236 1319 1275 sei
1339 1236 1380 1274 di
1400 1237 1545 1274 uolent.
1599 1245 1668 1280 910

254 1312 316 1349 Sv.
350 1310 402 1347 ita
423 1309 463 1347 di
484 1308 605 1346 faxint
623 1311 628 1345 1
667 1305 862 1356 numquid
882 1305 990 1343 aliud
1011 1318 1074 1342 me
1095 1317 1257 1350 morare,
1282 1301 1482 1351 Milphio?

256 1378 327 1414 M1.
361 1377 491 1413 ualeas
521 1375 704 1423 beneque
734 1380 776 1410 ut
803 1371 874 1410 tibi
901 1371 958 1408 sit.
1021 1372 1083 1409 SV.
1116 1371 1184 1420 pol
1205 1368 1305 1407 istuc
1325 1367 1396 1405 tibi
1417 1374 1455 1405 et
1475 1373 1581 1404 tuost

1301 1446 1367 1472 ero
1387 1432 1427 1470 in
1447 1445 1577 1470 manu.

253 1508 339 1545 uale
371 1513 408 1545 et
437 1506 535 1543 haec
565 1517 658 1542 cura
686 1503 911 1542 clanculum
941 1508 983 1540 ut
1013 1500 1090 1539 sint
1119 1499 1234 1539 dicta.
1296 1500 1368 1536 Mr.
1401 1511 1482 1536 non
1503 1497 1581 1536 dic-

1291 1571 1423 1602 tumst.
1481 1565 1580 1601 uale.

253 1640 315 1677 Sv.
348 1645 386 1675 at
425 1636 531 1676 enim
570 1634 667 1673 nihil
706 1641 774 1681 est,
810 1632 886 1671 nisi
924 1633 1020 1671 dum
1058 1633 1159 1670 calet
1197 1632 1273 1669 hoc
1312 1629 1445 1679 agitur.
1508 1630 1580 1666 M1.

1104 1695 1269 1746 lepidu's
1290 1708 1411 1745 quom
1432 1707 1580 1732 mones.

254 1775 292 1807 et
321 1767 375 1805 ita
404 1769 480 1805 hoc
510 1767 585 1804 fiet.
647 1767 710 1804 Sv.
743 1764 867 1815 proba
901 1761 1082 1801 materies
1117 1763 1209 1800 data
1242 1768 1310 1806 est,
1348 1759 1379 1797 si
1413 1759 1585 1809 probum
1603 1773 1667 1809 915

1228 1824 1394 1863 adhibes
1414 1824 1579 1862 fabrum.

257 1900 332 1937 M1.
362 1897 473 1949 potin
511 1904 554 1935 ut
592 1889 752 1935 taceas?
807 1896 870 1933 SV.
903 1901 1015 1932 taceo
1053 1900 1171 1942 atque
1209 1891 1453 1929 abeo—Ml.
1486 1888 1583 1926 mihi

1118 1955 1443 1996 commoditatem
1464 1967 1581 1993 creas.

260 2068 338 2107 illic
359 2067 451 2107 hinc
472 2066 576 2106 abiit.
636 2065 676 2105 di
696 2065 923 2103 inmortales
945 2077 1077 2102 meum
1099 2076 1208 2101 erum
1230 2069 1426 2100 seruatum
1447 2061 1587 2099 uolunt

260 2142 298 2173 et
319 2136 425 2172 hunc
446 2131 705 2183 disperditum
726 2132 911 2169 lenonem
930 2145 936 2167 :
966 2136 1119 2167 tantum
1141 2141 1231 2166 eum
1253 2127 1370 2165 instat
1391 2125 1492 2165 exiti.

260 2199 384 2238 satine
398 2199 493 2250 priu'
508 2211 626 2248 quam
644 2203 804 2235 unumst
821 2195 1009 2233 iniectum
1026 2196 1158 2240 telum,
1176 2193 1252 2231 iam
1270 2192 1387 2230 instat
1399 2192 1587 2230 alterum?

302 2288 366 2327 898
390 2285 616 2326 giddeminem
637 2284 670 2315 P
695 2287 733 2315 ut
755 2282 818 2314 vid.
963 2292 1027 2321 903
1053 2280 1144 2321 eum]
1170 2285 1239 2311 tum
1267 2279 1300 2310 P
1394 2277 1486 2318 eum]
1504 2278 1588 2316 sort.

259 2336 328 2362 tum
482 2331 548 2370 906
573 2329 632 2359 M1.
664 2328 786 2359 tacitus
825 2332 899 2358 tace
941 2336 984 2357 m.
1020 2325 1230 2356 Camerarius
1384 2322 1448 2362 908
1484 2332 1587 2352 unum

259 2373 537 2406 testaturNonz'zfcs
557 2384 618 2412 199
635 2383 641 2402 :
668 2382 768 2402 unam
786 2370 874 2402 codd.
985 2380 1051 2408 909
1075 2369 1183 2407 16116111
1202 2367 1235 2396 A
1349 2376 1415 2405 910
1438 2365 1520 2404 quin
1536 2365 1583 2404 A,

258 2418 316 2449 sed
329 2418 432 2448 hercl⁷
452 2417 593 2458 displicet
682 2420 717 2446 tu
729 2425 795 2446 om.
812 2414 846 2444 P
930 2423 969 2453 91
980 2423 991 2443 1
1020 2422 1109 2442 nunc
1126 2412 1204 2450 quid
1223 2411 1256 2441 P
1341 2409 1390 2440 vel
1403 2408 1515 2440 aliud?
1533 2418 1586 2438 me

258 2472 323 2502 912
348 2467 406 2492 tuo
419 2466 510 2491 erost
527 2460 560 2491 P
575 2459 626 2501 (cf.
646 2459 693 2489 ad
707 2458 802 2489 Merc.
820 2457 900 2498 330)
1009 2465 1073 2496 913
1099 2455 1185 2486 dicia
1202 2453 1234 2484 P
1248 2453 1276 2492 (1
1289 2458 1351 2494 pro
1366 2453 1409 2492 T)
1522 2461 1585 2492 917

259 2505 351 2537 illinc
369 2505 448 2536 hinc
465 2504 497 2539 P
627 2513 691 2542 919
715 2502 797 2543 iam]
816 2506 882 2531 tam
900 2503 937 2531 ut
951 2499 1014 2532 m‘d.
1033 2499 1067 2530 P
1151 2497 1313 2537 alterum]
1332 2497 1454 2527 iterum
1470 2495 1504 2525 P
