1731 2713
544 123 714 160 MILES
746 119 1058 159 GLORIOSVS
1396 116 1464 152 IV.
1488 113 1533 151 vi

36 250 74 276 12
82 248 119 285 55
143 238 214 277 Ac.
237 234 329 286 quia
350 247 429 273 non
451 241 508 272 est
529 232 633 271 intus
654 244 772 282 quem
794 243 867 281 ego
887 230 991 268 uolo.
1043 229 1116 266 M1.
1141 226 1207 277 qui
1229 225 1336 265 scis?
1391 226 1463 263 Ac.
1487 238 1529 269 40

1095 291 1176 330 scio
1197 292 1247 330 de
1269 291 1438 329 olefactu
1460 303 1469 336 3

141 377 231 402 nam
253 365 375 403 odore
396 375 534 401 nasum
557 360 708 407 sentiat,
729 360 758 398 si
780 359 885 398 intus
906 358 964 397 sit.
1027 359 1094 395 ΡΥ.
1127 355 1348 394 hariolatur.

141 429 232 479 quia
253 428 316 466 me'
336 436 451 474 amat,
476 434 681 478 propterea
702 427 839 463 Venus
861 423 951 462 fecit
973 435 1059 461 eam
1081 429 1123 460 ut
1144 420 1349 459 diuinaret.

142 496 213 533 Ac.
246 493 380 532 nescio
408 492 475 532 ubi
500 492 563 530 hic
591 504 712 542 prope
742 491 853 528 adest
883 501 1002 539 quem
1033 493 1174 537 expeto
1204 485 1362 524 uidere:
1393 485 1472 523 olet

1281 550 1469 600 profecto.

145 627 211 663 ΡΥ.
245 637 342 663 naso
363 624 428 675 pol
450 623 526 662 iam
548 620 810 672 haecquidem
832 620 919 670 plus
940 618 1049 658 uidet
1066 630 1184 668 quam
1207 615 1341 655 oculis.
1401 616 1470 652 ΡΑ.

1112 694 1229 720 caeca
1248 693 1382 719 amore
1402 685 1470 717 est.

39 759 126 795 1260
146 757 218 794 Ac.
250 764 340 794 tene
372 768 435 793 me
467 754 641 804 opsecro.
714 753 786 789 M1.
819 750 924 800 qur?
981 750 1053 786 Ac.
1086 760 1136 785 ne
1170 746 1321 785 cadam.
1397 745 1470 782 M1.
1495 754 1534 786 45

711 815 808 866 quid
829 815 911 853 ita?
966 815 1038 851 Ac.
1071 811 1163 862 quia
1184 819 1284 849 stare
1305 821 1472 860 nequeo,

146 885 198 924 ita
218 885 373 924 animus
399 898 467 935 per
489 884 625 923 oculos
647 895 756 920 meos
777 878 915 932 (meis)
938 879 1043 918 defit.
1105 878 1178 915 M1.
1212 874 1375 914 militem
1397 874 1463 924 pol

147 960 187 990 tu
225 949 419 1001 aspexisti.
492 951 568 987 Ac.
598 947 660 986 ita.
736 947 808 984 M1.
841 958 922 984 non
957 943 1086 982 uideo.
1146 940 1214 980 ubi
1248 941 1335 979 est?
1403 940 1475 977 AC.

986 1008 1141 1047 uideres
1161 1007 1238 1057 pol,
1263 1005 1293 1044 si
1313 1017 1474 1043 amares.

148 1084 220 1120 M1.
253 1095 333 1120 non
366 1080 508 1130 edepol
538 1086 580 1117 tu
607 1077 717 1116 illum
753 1075 875 1126 magis
909 1087 1017 1113 amas
1046 1085 1165 1123 quam
1200 1084 1287 1121 ego,
1317 1083 1414 1116 mea,
1448 1067 1479 1107 si

1202 1150 1271 1187 per
1292 1143 1330 1174 te
1351 1134 1478 1174 liceat.

150 1214 219 1250 ΡΑ.
252 1224 389 1251 omnes
410 1210 586 1261 profecto
608 1207 788 1246 mulieres
810 1213 847 1245 te
867 1210 1011 1251 amant,
1035 1210 1078 1242 ut
1098 1214 1279 1253 quaeque
1301 1199 1458 1251 aspexit.

45 1283 129 1330 1265
152 1280 220 1316 ΡΥ.
252 1276 386 1316 nescio
420 1283 461 1314 tu
496 1289 542 1313 ex
576 1287 639 1312 me
670 1274 747 1312 hoc
778 1270 975 1311 audiueris
1009 1283 1059 1308 an
1091 1282 1198 1307 non:
1237 1279 1361 1317 nepos
1392 1278 1479 1304 sum
1500 1275 1542 1309 50

1301 1330 1478 1370 Veneris.

152 1410 224 1447 Ac.
257 1420 345 1446 mea
375 1404 653 1456 Milphidippa,
683 1402 748 1442 adi
773 1414 939 1452 opsecro
967 1408 1006 1440 et
1030 1398 1279 1449 congredere.
1340 1398 1408 1434 ΡΥ.
1440 1402 1484 1434 ut

1220 1476 1283 1501 me
1304 1463 1483 1500 uereturl

152 1542 220 1578 ΡΑ.
252 1538 317 1576 illa
336 1538 387 1577 ad
408 1549 480 1575 nos
501 1534 635 1586 pergit.
697 1535 770 1572 Mi.
795 1545 867 1571 uos
888 1531 992 1571 uolo.
1054 1531 1122 1568 ΡΥ.
1146 1535 1184 1567 et
1205 1541 1277 1566 nos
1298 1534 1346 1566 te.
1408 1527 1481 1564 M1.

1264 1594 1306 1630 iit
1327 1589 1482 1637 iussisti,

153 1684 257 1711 eram
279 1683 408 1708 meam
429 1666 547 1707 eduxi
567 1667 681 1705 foras.
741 1667 808 1703 ΡΥ.
841 1663 970 1702 uideo.
1032 1663 1105 1699 Mi.
1139 1659 1231 1698 iube
1252 1670 1344 1708 ergo
1363 1655 1484 1696 adire.

155 1738 222 1775 ΡΥ.
254 1733 391 1774 induxi
427 1733 466 1772 in
500 1731 677 1771 animum
711 1744 760 1770 ne
792 1730 943 1769 oderim
977 1727 1070 1766 item
1106 1733 1148 1764 ut
1183 1724 1289 1771 alias,
1323 1722 1484 1774 quando

1353 1786 1482 1827 orasti.

48 1882 136 1918 1270
156 1869 229 1906 Mi.
262 1866 427 1905 uerbum
460 1864 602 1914 edepol
637 1863 763 1901 facere
798 1874 878 1900 non
912 1858 1027 1911 potis,
1060 1857 1091 1896 si
1121 1853 1328 1896 accesserit
1363 1866 1484 1904 prope
1504 1864 1545 1898 55

1362 1919 1412 1957 ad
1434 1924 1482 1956 te.

157 1999 252 2038 dum
274 2004 311 2036 te
331 2004 525 2047 optuetur‚
550 1994 704 2033 interim
726 1993 899 2044 linguam
923 1989 1026 2031 oculi
1049 1987 1334 2041 praeciderunt.

204 2111 286 2142 1255
311 2102 353 2133 de
375 2100 518 2132 olefactu
543 2098 679 2130 Skutsch
709 2097 841 2131 (Pln'lol.
868 2106 919 2136 59,
946 2095 1046 2135 504):
1077 2091 1197 2132 edepol
1222 2089 1308 2121 facio
1332 2087 1417 2127 (scio
1439 2084 1486 2125 Β)

158 2147 224 2179 cod.
245 2159 252 2178 z
277 2145 330 2186 pol
349 2145 390 2176 de
407 2144 531 2175 olfactu
547 2142 687 2173 Mueller
703 2141 834 2178 (erec'n.
855 2139 942 2170 Mus.
964 2148 1017 2178 54,
1035 2139 1112 2178 400)
1131 2148 1139 2168 τ
1165 2136 1235 2167 scio
1253 2131 1374 2173 edepol
1392 2130 1489 2162 facile

157 2191 279 2222 Bothe:
303 2189 372 2221 scio
386 2188 442 2228 pol
459 2197 534 2226 ego,
548 2186 670 2217 olfacio
687 2184 754 2216 Leo
890 2193 973 2223 1259
997 2193 1024 2213 c.
1044 2191 1160 2212 amore
1181 2179 1358 2210 Gruterus:
1382 2185 1410 2205 c.
1429 2183 1488 2205 ore

158 2234 225 2266 cod.
246 2235 327 2274 (pro
338 2232 512 2270 caeciore)
606 2230 690 2259 1260
713 2238 799 2268 quor
811 2227 877 2258 cod.
974 2227 1052 2256 1261
1081 2234 1174 2255 meus
1188 2221 1265 2253 add.
1281 2220 1401 2260 Haupt
1454 2216 1486 2247 d.

159 2275 384 2320 (mi)Sclzoell
517 2275 600 2312 1263
625 2283 698 2303 mea
717 2271 775 2312 (Β)
792 2271 841 2302 vel
856 2281 910 2301 me
925 2269 1028 2310 (PCD)
1042 2267 1108 2299 cod.
1127 2278 1132 2297 :
1155 2275 1264 2298 amem
1279 2261 1492 2294 Camerarius

164 2322 247 2361 1265
273 2331 326 2351 me
346 2330 390 2351 ex
415 2316 504 2350 cod.:
536 2317 609 2348 irai.
635 2316 817 2346 Hermann
886 2313 1034 2344 audieris
1058 2309 1124 2342 cod.
1265 2309 1345 2346 1267
1366 2305 1416 2337 vel
1433 2304 1491 2336 ted

159 2365 209 2396 vel
223 2361 273 2395 'uti
386 2363 470 2393 1268
487 2361 570 2392 foris
586 2360 618 2391 Β
729 2360 813 2398 1269
837 2357 870 2388 in
884 2356 994 2388 omsB
1081 2353 1211 2385 odorim
1225 2351 1292 2383 cod.
1409 2357 1492 2387 1270

160 2407 283 2448 edepol
302 2407 362 2449 (Β)
379 2406 428 2437 vel
442 2404 556 2436 hercle
572 2403 673 2444 (1³ch
690 2402 756 2433 cod.
896 2410 975 2439 1271
1002 2399 1218 2430 inter-imvm.
1238 2394 1314 2426 ΡΠ)
