1783 2707
162 122 215 159 II.
236 122 281 158 iv
651 124 695 162 T.
733 125 911 163 MACCI
944 125 1148 162 PLAVTI

237 231 422 282 dispessis
441 233 633 280 manibus,
654 234 873 283 patibulum
892 247 1015 284 quom
1034 234 1208 272 habebis.
1258 236 1319 272 SC.
1353 248 1565 284 quamnam
1586 238 1656 282 360

1353 298 1356 350 ξ
1382 300 1434 338 ob
1456 301 1567 338 rem?

240 364 305 401 ΡΛ.
339 361 585 414 respicedum
615 364 666 402 ad
701 364 878 402 laeuam:
919 362 1005 413 quis
1041 362 1152 401 illaec
1188 371 1245 401 est
1280 363 1446 402 mulier?
1502 365 1563 403 SC.

1175 442 1244 479 pro
1266 428 1305 466 di
1327 427 1563 476 inmortales,

237 491 290 530 eri
320 492 580 531 cdncubinast
616 494 716 531 haee
750 491 925 542 quidem!
997 493 1065 530 Px.
1099 491 1195 530 mihi
1226 506 1385 543 quoque
1416 494 1481 543 pol
1512 492 1564 531 ita

223 604 226 608 ⁴
1398 558 1563 598 uidetur.

181 640 218 661 10
238 638 308 673 age
338 623 533 670 nunciam,
565 625 726 673 quando
756 624 983 662 lubet-Sc.
1018 623 1113 673 quid
1143 625 1284 674 agam?
1343 626 1409 662 ΡΑ.
1442 624 1565 675 perire

1388 704 1564 741 propera.

238 756 311 792 PH.
345 754 412 793 ubi
439 754 510 793 iste
541 754 598 793 e'st
625 755 742 794 bonu'
764 769 898 794 seruos
927 754 993 805 qui
1019 754 1151 805 probri
1179 769 1242 794 me
1264 755 1435 793 maxumi
1457 755 1565 794 inno-

1408 828 1562 859 centem

235 887 332 924 falso
361 885 631 924 insimuletuit?
689 888 757 924 ΡΑ.
792 899 854 924 em
886 885 980 924 tibi!
1013 885 1076 924 hic
1107 885 1202 923 mihi
1233 885 1329 925 dixit
1363 885 1432 924 tibi
1463 899 1563 936 quae
1582 887 1647 932 365

1471 950 1560 989 dixi.

236 1017 309 1054 PH.
342 1024 411 1054 tun
448 1029 510 1054 me
544 1016 690 1055 uidisse
725 1015 764 1054 in
800 1028 993 1066 proxumo
1032 1014 1106 1062 hic,
1144 1017 1317 1063 sceleste,
1360 1015 1415 1054 ais
1454 1029 1564 1054 oscu-

1387 1083 1562 1120 lantem?

234 1148 301 1185 ΡΑ.
335 1161 380 1185 ae
415 1161 504 1186 cum
544 1147 673 1186 alieno
707 1147 1007 1187 adulescentulo
1042 1146 1148 1185 dixit.
1220 1148 1280 1185 SC.
1314 1145 1392 1185 dixi
1431 1147 1561 1185 hercle

1454 1226 1558 1251 uero.

175 1286 211 1318 ¹5
234 1279 307 1316 PH.
341 1286 410 1316 tun
432 1292 494 1317 me
515 1277 676 1317 uidisti?
734 1280 794 1317 Sc.
827 1284 945 1329 atque
970 1277 1030 1316 his
1051 1277 1212 1328 quidem
1234 1278 1363 1316 hercle
1384 1277 1561 1316 oeulis-—

1139 1345 1212 1380 PH.
1245 1342 1404 1390 carebis,
1428 1344 1557 1391 credo,

231 1408 297 1459 qui
319 1410 405 1459 plus
436 1407 573 1447 uident
603 1422 722 1458 quam
748 1409 855 1459 quod
881 1407 1028 1447 uident.
1090 1410 1151 1446 Sc.
1184 1421 1401 1458 numquam
1430 1409 1559 1447 hercle

1334 1474 1559 1512 deterrebor

229 1539 324 1590 quin
359 1539 524 1578 uiderim
560 1540 599 1578 id
635 1540 743 1589 quod
779 1539 957 1578 uiderim.
1018 1541 1090 1577 PH.
1125 1552 1197 1588 ego
1232 1539 1349 1577 stulta
1383 1547 1420 1577 et
1450 1552 1558 1578 mora
1578 1547 1647 1584 370

1391 1605 1557 1643 multum

229 1683 330 1720 quae
351 1684 441 1709 cum
463 1671 538 1709 hoc
561 1670 700 1709 insano
722 1671 883 1717 fabuler,
903 1683 1021 1720 quem
1043 1671 1109 1720 pol
1130 1682 1203 1719 ego
1225 1669 1362 1720 capitis
1383 1671 1555 1720 perdam.

229 1737 290 1774 SC.
324 1735 404 1774 noli
426 1735 593 1773 minitari
611 1750 617 1772 :
649 1735 731 1774 scio
752 1748 909 1773 erucem
931 1736 1100 1773 futuram
1123 1734 1218 1773 mihi
1240 1736 1460 1784 sepulcrum
1477 1749 1487 1784 ,-

171 1817 210 1840 20
229 1799 283 1838 ibi
305 1800 381 1839 mei
403 1800 568 1839 maio'res
590 1808 680 1839 sunt
702 1800 775 1847 siti,
800 1808 921 1851 pater,
942 1814 1049 1847 auos³
1074 1813 1253 1850 proauos,
1277 1800 1435 1839 abauos.

233 1920 279 1950 15,
306 1921 353 1950 15,
382 1922 422 1949 4:
448 1921 523 1941 esse
550 1911 695 1942 eundum
725 1916 873 1943 actutum
899 1911 925 1942 si
948 1916 1045 1942 extra
1075 1916 1205 1951 portam
1231 1915 1282 1941 est
1306 1910 1338 1940 P
1361 1909 1556 1950 (conflatum

226 1965 265 1984 ex
284 1953 406 1995 duplici
427 1954 554 1985 lectione
577 1965 653 1985 esse
678 1956 889 1995 pereundum
915 1960 944 1986 et
967 1955 1113 1986 eundum
1137 1959 1341 1992 actutumst;
1365 1954 1420 1985 vix
1445 1958 1554 1984 ortum

227 2008 266 2028 cx
304 1998 450 2028 eundum
490 2003 639 2029 actutum
680 1998 864 2041 sc<ilicet>,
900 2000 1013 2040 glossa
1047 1999 1081 2029 in
1117 1999 1344 2038 pereundum)
1491 1999 1556 2037 360

228 2041 389 2081 dispessis
416 2045 553 2073 testatur
586 2043 727 2074 Gellius:
769 2043 937 2083 dispensis
972 2043 1005 2074 A
1024 2054 1030 2073 :
1065 2042 1228 2081 dispersis
1258 2042 1291 2073 Ρ
1398 2040 1555 2081 habebis]

229 2085 350 2116 uidetis
367 2085 398 2115 A
533 2088 592 2125 361
620 2087 717 2117 illaec
734 2087 810 2125 quis
833 2091 885 2117 est
904 2087 1015 2125 Bothe,
1040 2097 1121 2117 nam
1140 2084 1301 2126 spondens
1319 2085 1353 2115 ιἰι
1366 2085 1439 2124 fine
1457 2084 1556 2115 hemi-

226 2129 329 2159 sticln'i
343 2129 482 2170 displicet
615 2132 678 2169 363
704 2131 822 2170 peripe
841 2132 913 2170 (pro
931 2130 1057 2169 perire)
1078 2139 1224 2169 propere
1242 2132 1278 2159 ut
1294 2128 1355 2160 vid.
1376 2128 1408 2158 P
1423 2128 1555 2168 (peripe

227 2181 374 2212 propero
416 2173 468 2211 3¹,
505 2174 576 2212 peri
614 2183 820 2213 perpropere
859 2172 1000 2215 PCDB‘2)
1163 2173 1225 2212 364
1260 2177 1311 2203 est
1344 2174 1395 2212 (e)
1427 2182 1492 2204 om.
1526 2171 1560 2201 Ρ

228 2216 357 2257 probri]
378 2216 490 2256 prodit
507 2216 540 2246 Ρ
555 2218 627 2256 (sn-0
645 2217 738 2256 probi
755 2229 762 2255 ;
787 2219 823 2255 cfi
844 2217 890 2247 ad
906 2217 983 2256 223)
1074 2226 1232 2247 maxume
1258 2216 1291 2246 P
1416 2215 1480 2254 365
1506 2216 1554 2245 in-

228 2260 414 2290 stimulauit
430 2260 462 2290 A
556 2271 598 2291 m.
618 2260 651 2291 id
670 2261 753 2290 dixit
772 2261 836 2292 PH.
858 2261 913 2291 tibi
927 2270 1026 2300 quem
1045 2260 1074 2291 d.
1090 2260 1123 2290 P
1210 2260 1295 2290 dixit
1314 2257 1394 2298 (3¹)
1409 2258 1457 2289 vel
1471 2259 1554 2289 dixti

231 2303 333 2342 <PCD)
352 2303 385 2334 P
481 2305 545 2343 366
571 2303 647 2344 tun]
667 2309 737 2334 tute
754 2304 787 2333 P
872 2315 938 2335 οιιι.
959 2304 1007 2334 ais
1024 2303 1057 2333 P
1153 2303 1216 2342 368
1241 2308 1321 2333 tune
1337 2302 1417 2342 (ουτ.
1437 2303 1502 2339 me)
1521 2301 1554 2332 A

229 2347 342 2377 hercle
359 2357 425 2378 om.
442 2347 476 2377 Ρ
561 2348 680 2378 crebro
695 2347 727 2377 A
750 2350 822 2388 (pro
840 2348 956 2383 crebo)
1104 2356 1164 2386 371
1192 2346 1336 2377 fabulem
1352 2345 1429 2384 (-let
1446 2345 1508 2385 3¹)
1527 2344 1561 2375 Ρ

219 2391 301 2431 fort.
322 2395 397 2421 recle
414 2390 486 2430 (sed
499 2391 536 2431 cf
560 2390 696 2431 Langen
717 2390 924 2432 ‘Beilraege,'
941 2402 971 2431 p.
988 2392 1044 2431 61)
1163 2400 1225 2429 373
1250 2394 1327 2421 sunt
1347 2389 1483 2429 maloi-is
1500 2388 1532 2419 A

974 2525 996 2536 l
