1783 2707
182 129 213 167 I.
234 128 264 165 ii
633 129 679 166 T.
714 127 894 166 MACCI
926 128 1129 165 PLAVTI

175 452 216 484 90

154 1105 214 1127 100

154 1429 212 1462 105

153 1754 213 1776 110

290 240 374 277 ME.
407 238 562 277 emistin
584 240 633 277 de
654 240 907 277 adulescente
928 239 997 275 has
1018 236 1125 276 aedis
1146 236 1261 287 (quid
1282 244 1386 275 taces
1402 236 1435 288 ?)

289 304 357 342 ubi
378 318 483 342 nunc
505 311 586 342 tute
607 303 789 342 habitas?
847 305 920 342 CA.
951 302 1028 341 emi
1048 310 1167 353 atque
1190 310 1393 351 argentum
1416 301 1519 348 dedi,
1584 316 1646 353 125

290 369 415 407 minas
437 368 705 419 quadraginta,
728 367 972 407 adulescenti
993 366 1067 418 ipsi
1087 367 1126 405 in
1149 381 1320 405 manum.

293 437 375 473 ME.
408 435 580 473 dedistin
600 436 834 484 argentum?
892 434 964 472 CA.
997 434 1143 471 factum
1164 446 1293 482 neque
1314 432 1404 470 facti
1425 431 1540 483 piget.

291 502 374 538 ME.
408 501 549 549 edepol
570 500 648 537 fide
669 500 963 537 adulescentem
985 498 1216 536 mandatum
1237 498 1362 535 malae
1380 500 1386 535 ἔ

289 565 485 603 dedistine
506 565 582 602 hoc
604 565 706 602 facto
729 563 763 601 ei
784 563 957 613 gladium
980 563 1046 612 qui
1068 576 1108 601 se
1129 562 1355 600 occideret?

289 630 384 680 quid
406 643 517 668 secus
539 637 597 667 est
618 636 683 667 aut
704 628 800 678 quid
822 628 981 666 interest
1002 629 1094 666 dare
1115 635 1152 665 te
1173 627 1211 665 in
1234 640 1372 665 manus
1583 641 1649 676 100

288 705 491 745 argentum
513 694 660 732 amanti
681 693 833 732 homini
854 692 1107 740 adulescenti,
1130 692 1250 730 animi
1271 691 1409 742 impoti,

289 760 356 810 qui
378 759 648 798 exaedificaret
669 772 779 797 suam
800 758 1025 796 incohatam
1046 757 1273 808 ignauiam?

290 828 360 866 CA.
394 839 474 864 non
496 839 567 875 ego
588 825 641 863 illi
662 832 865 875 argentum
887 826 1121 864 redderem?
1170 826 1252 862 ME.
1276 837 1355 862 non
1377 824 1560 862 redderes

288 904 416 940 neque
437 892 487 929 de
508 890 574 929 illo
596 890 808 940 quicquam
830 903 960 940 neque
981 903 1129 928 emeres
1150 902 1279 939 neque
1299 890 1503 936 uenderes,

288 970 360 995 nec
382 956 448 1006 qui
470 955 638 994 deterior
658 962 760 994 esset
780 957 926 994 faceres
947 955 1115 1005 copiam.
1583 965 1644 1003 135

288 1020 575 1060 inconciliastin
597 1034 687 1060 eum
709 1020 776 1071 qui
797 1021 1022 1058 mandatust
1043 1019 1125 1067 tibi,

288 1086 339 1125 ill'
360 1086 427 1136 qui
449 1086 662 1132 mandauit,
686 1100 775 1124 eum
799 1085 1010 1124 exturbasti
1031 1098 1077 1123 ex
1097 1084 1291 1123 aedibus?

288 1153 430 1202 edepol
452 1152 681 1190 mandatum
704 1152 865 1201 pulchre
886 1158 924 1189 et
945 1157 1121 1188 curatum
1146 1150 1291 1200 probe!

286 1219 402 1256 crede
423 1216 515 1255 huic
536 1218 698 1255 tutelam
719 1231 725 1254 ε
756 1230 867 1254 suam
889 1215 1028 1253 melius
1048 1228 1129 1253 rem
1150 1214 1320 1265 gesserit.

288 1284 361 1323 CA.
393 1282 538 1332 subigis
561 1281 778 1320 maledictis
801 1295 863 1320 me
884 1280 971 1328 tuis,
996 1279 1285 1330 Megaronides,
1584 1293 1650 1326 140

288 1362 396 1386 nouo
417 1349 538 1386 modo
559 1348 670 1393 adeo,
695 1354 737 1385 ut
758 1347 866 1396 quod
888 1358 998 1384 meae
1020 1344 1329 1383 concreditumst

288 1412 541 1451 taciturnitati
562 1414 674 1459 clam,
698 1412 776 1450 fide
798 1418 836 1449 et
857 1409 1036 1456 fiduciae,

286 1492 337 1516 ne
358 1477 603 1516 enuntiarem
624 1476 840 1527 quoiquam
861 1490 938 1514 neu
960 1477 1127 1513 facerem
1149 1476 1289 1525 palam,

285 1551 327 1582 ut
349 1543 444 1581 mihi
465 1556 626 1582 necesse
648 1542 695 1580 sit
717 1541 794 1580 iam
815 1541 856 1580 id
878 1540 948 1580 tibi
970 1541 1218 1579 concredere.

288 1611 371 1647 ΜΕ.
404 1608 499 1646 mihi
521 1609 629 1658 quod
651 1606 862 1646 credideris
884 1620 1015 1645 sumes
1036 1606 1103 1644 ubi
1124 1605 1324 1656 posiueris.
1583 1615 1646 1652 145

288 1676 359 1714 CA.
392 1673 747 1724 circumspicedum
768 1680 806 1711 te
827 1686 877 1710 ne
899 1671 985 1722 quis
1006 1671 1107 1710 adsit
1128 1671 1270 1709 arbiter

286 1740 413 1788 nobis,
437 1747 474 1778 et
495 1752 642 1790 quaeso
663 1738 881 1777 identidem
905 1737 1172 1787 circumspice.

288 1807 373 1843 ΜΕ.
403 1807 581 1843 ausculto
603 1804 634 1843 si
655 1804 751 1854 quid
769 1804 888 1842 dicas.
949 1804 1020 1843 CA.
1055 1803 1086 1841 si
1108 1811 1246 1849 taceas,
1271 1804 1418 1852 loquar.

285 1870 473 1920 quoniam
495 1869 587 1908 hinc
608 1877 665 1908 est
687 1871 931 1919 profecturus
953 1882 1112 1918 peregre
1134 1867 1382 1915 Charmides,

285 1937 541 1974 thensaurum
562 1934 848 1973 demonstrauit
870 1933 966 1971 mihi
987 1933 1026 1970 in
1048 1932 1155 1970 hisce
1175 1932 1351 1980 aedibus,
1583 1941 1648 1978 150

285 2001 349 2040 hic
370 2001 409 2039 in
431 2000 610 2040 conclaui
632 2000 934 2050 quodam—sed
955 1998 1222 2048 circumspice.

278 2149 340 2179 130
363 2150 461 2170 secus
478 2139 549 2171 Ital.
571 2150 578 2170 ε
610 2143 745 2169 secutus
766 2137 829 2168 cod.
849 2137 894 2174 (v.
915 2137 950 2175 8)
1124 2145 1181 2174 131
1207 2117 1332 2174 :impoti
1355 2138 1391 2165 ul
1410 2134 1472 2166 vid.
1492 2133 1558 2166 cod.

234 2194 294 2222 132
316 2184 486 2223 ignauium
500 2183 564 2215 cod.
722 2192 784 2220 139
808 2186 880 2212 tute
901 2181 966 2210 iam
984 2178 1033 2210 vel
1047 2180 1185 2210 tutelam
1203 2178 1267 2209 cod.
1360 2188 1430 2209 rem
1442 2178 1560 2209 melius

231 2226 410 2258 Hermann
557 2236 614 2266 141
641 2235 806 2265 quomeae
829 2224 894 2255 cod.
913 2226 937 2261 (2
951 2228 1012 2263 pro
1028 2233 1236 2262 quommeae,
1255 2222 1274 2253 i.
1291 2233 1314 2253 e.
1333 2223 1422 2261 quod
1444 2232 1558 2259 meae;

233 2272 253 2303 i.
273 2272 308 2311 4)
401 2271 628 2301 concreditum
644 2270 705 2300 sim
718 2269 782 2299 cod.
802 2269 838 2302 «i.
855 2278 882 2307 7,
903 2268 935 2308 2)
1083 2277 1143 2305 149
1165 2265 1379 2305 profecturus
1395 2265 1560 2305 Scaliger:

232 2315 405 2355 profectus
422 2314 486 2346 cod.
508 2316 536 2356 <t
546 2319 607 2355 pro
622 2315 695 2345 tur?
712 2313 768 2345 vii.
789 2312 819 2353 1)
957 2319 1017 2349 150
1040 2310 1120 2340 mihi
1146 2309 1387 2340 demonstrauit
1403 2307 1477 2339 PCD
