1731 2713
773 105 950 143 PERSA
1455 100 1521 137 IV.
1544 99 1589 135 iv

113 230 182 275 610
200 227 276 263 To.
311 225 484 262 ehodum
512 224 600 268 huc,
627 219 747 270 uirgo.
807 217 899 257 uide
927 216 977 255 sis
1005 215 1100 266 quid
1129 228 1230 264 agas.
1289 216 1351 251 V1.
1385 220 1523 258 taceas,

1176 279 1322 317 curabo
1343 286 1384 316 ut
1406 279 1526 316 uoles.

200 357 274 392 To.
316 366 480 403 sequere
516 365 588 389 me.
648 350 806 388 adduco
838 349 952 394 hanc,
976 345 1007 384 si
1043 344 1139 395 quid
1172 343 1230 382 uis
1263 357 1308 381 ex
1343 344 1415 381 hac
1449 356 1531 392 per-

1323 408 1526 446 contarier.

200 487 276 522 Do.
310 483 415 522 enim
439 483 532 519 uolo
554 488 591 518 te
612 480 760 518 adesse.
821 479 894 515 To.
928 478 1004 514 hau
1030 488 1191 526 possum
1213 473 1307 523 quin
1329 473 1420 511 huic
1441 486 1530 522 ope-

1154 553 1234 577 ram
1257 540 1347 577 dem
1370 537 1525 588 hospiti,

199 615 293 664 quoi
313 626 400 651 erus
420 611 541 649 iussit.
592 609 687 659 quid
709 608 739 646 si
761 607 825 646 hic
841 620 921 645 non
943 607 1026 644 uolt
1048 618 1110 643 me
1132 618 1209 642 una
1229 605 1396 642 adesse?
1434 604 1525 641 SAG.
1549 608 1589 650 65

1220 669 1343 706 immo
1364 667 1374 705 i
1396 669 1527 706 modo.

200 746 274 781 To.
307 744 360 781 do
381 741 450 779 tibi
473 754 545 790 ego
566 752 737 789 operam.
799 739 876 775 Do.
909 735 980 774 tibi
1002 734 1149 773 ibidem
1173 735 1254 780 das,
1270 733 1337 771 ubi
1360 740 1399 770 tu
1422 740 1531 770 tuom

1162 799 1333 837 amicum
1356 797 1529 836 adiuuas.

113 876 180 918 615
203 875 294 912 SAG.
327 871 495 921 exquire.
551 871 625 907 To.
656 870 753 906 heus
774 865 1022 915 tu‚aduigila.
1074 867 1138 902 Vl.
1169 863 1260 902 satis
1281 871 1338 901 est
1359 863 1531 901 dictum:

938 943 1179 980 quamquam
1208 942 1280 978 ego
1302 942 1412 966 serua
1433 942 1530 974 sum,

204 1003 284 1041 scio
316 1016 388 1052 ego
420 1001 593 1039 officium
629 1012 773 1045 meum,
802 1005 844 1035 ut
876 1010 977 1047 quae
1011 995 1152 1045 rogiter
1186 1008 1288 1041 uera,
1316 1002 1357 1031 ut
1386 993 1532 1043 accepi,

1361 1061 1531 1108 eloquar.

203 1136 277 1171 To.
310 1133 429 1183 uirgo,
449 1133 512 1169 hic
533 1133 655 1169 homo
675 1130 822 1180 probus
844 1135 912 1167 est.
972 1129 1038 1165 V1.
1070 1127 1198 1164 credo.
1259 1127 1332 1162 To.
1365 1138 1445 1162 non
1467 1123 1534 1162 diu

1121 1192 1227 1241 apud
1249 1192 1354 1228 hunc
1376 1189 1531 1228 seruies.

204 1266 237 1300 V
245 1277 267 1301 1.
301 1263 353 1302 ita
373 1265 439 1313 pol
460 1276 585 1312 spero,
609 1260 641 1299 si
661 1267 842 1310 parentes
864 1258 1007 1297 facient
1028 1255 1200 1294 officium
1222 1269 1346 1293 suom.
1557 1266 1596 1300 70

207 1331 282 1367 Do.
315 1330 409 1366 nolo
430 1341 503 1377 ego
524 1334 562 1365 te
584 1325 722 1372 mirari,
747 1325 778 1363 si
799 1338 871 1362 nos
893 1338 939 1362 ex
959 1330 998 1361 te
1017 1320 1337 1372 percontabimur

118 1398 187 1433 620
205 1401 272 1432 aut
298 1393 462 1444 patriam
489 1400 597 1430 tuam
627 1399 694 1429 aut
717 1397 909 1440 parentes.
968 1389 1035 1425 VI.
1066 1400 1138 1437 qur
1158 1399 1230 1436 ego
1251 1385 1315 1423 hic
1336 1384 1459 1431 mirer,
1484 1384 1537 1422 mi

1388 1451 1539 1488 homo?

206 1523 372 1562 seruitus
393 1535 480 1560 mea
501 1521 554 1559 mi
575 1520 774 1559 interdixit
794 1534 844 1558 ne
865 1519 961 1569 quid
982 1518 1098 1556 mirer
1118 1530 1250 1555 meum
1272 1517 1431 1554 malum.

208 1591 285 1627 Do.
325 1587 407 1626 noli
441 1589 543 1625 flere.
603 1588 677 1624 To.
721 1587 782 1633 ah,
812 1584 852 1624 di
887 1584 1000 1622 istam
1030 1584 1220 1633 perdant!
1260 1581 1313 1620 ita
1347 1588 1469 1620 catast
1501 1588 1539 1619 et

1385 1646 1537 1685 callida.

207 1727 249 1758 ut
283 1718 438 1769 sapiens
473 1718 593 1755 habet
622 1717 699 1764 cor,
728 1730 847 1767 quam
877 1715 973 1754 dicit
1002 1715 1111 1765 quod
1141 1715 1281 1764 opust!
1329 1714 1405 1750 Do.
1444 1711 1539 1762 quid
1563 1721 1599 1756 75

1235 1791 1381 1816 nomen
1404 1776 1541 1815 tibist?

207 1851 281 1887 To.
311 1862 417 1887 nunc
448 1855 581 1886 metuo
612 1860 661 1885 ne
688 1854 836 1897 peccet.
881 1848 945 1883 Vl.
981 1844 1141 1883 Lucridi
1171 1857 1318 1882 nomen
1349 1843 1388 1880 in
1418 1841 1543 1892 patria

1456 1906 1538 1945 fuit.

119 1981 186 2025 625
208 1981 282 2018 TO.
319 1992 466 2017 nomen
493 1985 611 2028 atque
639 1990 757 2015 omen
785 1975 983 2026 quantiuis
1013 1975 1090 2014 iam
1118 1982 1176 2013 est
1204 1973 1311 2025 preti.
1374 1972 1469 2023 quin
1499 1979 1540 2010 tu

1290 2040 1392 2077 hanc
1414 2037 1541 2076 emis?

210 2108 316 2147 nimi'
336 2109 532 2159 pauebam
553 2122 603 2146 ne
624 2114 814 2158 peccaret.
875 2106 1085 2157 expediuit.
1149 2107 1224 2143 Do.
1259 2104 1290 2142 si
1312 2112 1350 2142 te
1372 2116 1512 2148 emam,

252 2214 316 2243 610
338 2223 403 2243 om.
419 2211 460 2250 P,
474 2213 509 2251 cs.
527 2212 614 2250 Gray
625 2211 747 2250 (Class.
763 2211 843 2242 Rev.
862 2221 910 2249 14,
925 2210 983 2249 24)
1073 2211 1137 2240 612
1161 2209 1206 2239 hu
1219 2207 1251 2237 A
1336 2209 1400 2245 613
1420 2206 1540 2236 adesse

210 2257 320 2286 unaP
442 2257 505 2294 614
530 2266 592 2293 ego
610 2255 669 2285 tibi
686 2254 719 2284 P
841 2256 907 2285 616
931 2253 1100 2292 rogiterA
1121 2256 1158 2282 ut
1173 2251 1235 2283 vid.
1250 2251 1364 2291 (-tet'.²)
1380 2262 1386 2281 :
1416 2250 1542 2288 rogitet

209 2300 242 2330 P
305 2302 371 2338 619
395 2299 514 2329 minari
535 2298 569 2328 P
645 2300 710 2329 620
735 2298 804 2332 hic]
823 2298 856 2328 id
873 2298 906 2328 P
970 2298 1072 2327 homo
1087 2296 1173 2326 miA
1254 2296 1317 2333 623
1341 2292 1539 2333 utsapiens]

210 2343 283 2374 iens
301 2343 391 2385 (post
405 2342 575 2382 lamnam)
593 2342 627 2372 P
641 2342 720 2381 (nec
738 2342 858 2372 dolens
878 2341 914 2381 T,
935 2352 1000 2371 om.
1018 2340 1108 2372 PBG]
1177 2339 1268 2378 quod
1293 2349 1324 2368 n.
1343 2339 1376 2367 A
1477 2339 1541 2374 624

210 2387 315 2428 nunc]
334 2390 438 2417 nonte
457 2385 491 2416 P
577 2386 716 2416 lucridei
733 2385 766 2415 A
857 2386 921 2424 625
946 2389 1013 2414 tarn
1031 2394 1075 2414 an
1092 2384 1156 2413 iam
1174 2384 1279 2413 incert.
1297 2381 1330 2411 A
1348 2392 1354 2411 ε
1379 2391 1444 2411 om.
1458 2379 1492 2410 P
