1783 2707
198 109 229 146 Ι.
251 108 297 145 iii
666 112 710 148 T.
746 113 925 151 MACCI
958 115 1160 152 PLAVTI

213 231 230 262 5
253 221 314 257 Sc.
348 220 469 258 nihilo
499 222 585 269 plus
617 235 733 270 quam
765 223 909 261 lauatio
939 231 1005 261 tua
1034 225 1084 262 ad
1119 224 1287 263 messim.
1349 228 1520 265 PH1L01„
1553 242 1576 265 o

1250 292 1377 329 Venu'
1398 300 1577 340 uenusta,

249 351 348 389 haec
369 351 432 389 illa
454 359 511 389 est
533 359 743 402 tempestas
765 367 862 400 mea,
886 353 983 391 mihi
1005 368 1106 404 quae
1127 356 1363 394 modestiam
1385 371 1544 396 omnem

250 416 406 462 detexit,
430 424 555 455 tectus
577 431 654 467 qua
675 418 742 465 fui,
763 432 885 468 quom
907 419 1003 456 mihi
1024 422 1149 458 Amor
1168 429 1207 459 et
1228 422 1386 472 Cupido

249 480 288 518 in
327 489 463 531 pectus
502 482 670 532 perpluit
710 497 852 531 meum,
890 498 1020 534 neque
1057 484 1135 523 iam
1174 499 1363 537 umquam
1403 488 1576 538 optigere

1390 567 1550 603 possum
1568 569 1575 592 z

249 612 410 650 madent
431 612 507 650 iam
529 612 568 650 in
588 615 707 652 corde
730 613 905 664 parietes,
929 614 1077 665 periere
1098 617 1195 654 haec
1215 617 1365 668 oppido
1385 619 1513 656 aedes.
1599 623 1659 667 165

191 688 230 710 10
249 678 429 715 PH1LEM.
463 680 698 729 contempla,
730 679 884 726 amabo,
918 694 1005 718 mea
1039 682 1206 731 Scapha5
1236 683 1337 720 satin
1376 684 1473 721 haec
1512 697 1575 722 me

1283 748 1402 786 uestis
1423 749 1571 788 deceat.

248 809 339 846 uolo
361 807 424 847 me'
444 810 597 859 placere
620 808 848 855 Philolachi,
873 824 962 849 meo
983 812 1121 859 ocello,
1145 825 1234 850 meo
1255 820 1430 863 patrono.

247 874 308 910 SC.
341 872 435 923 quin
457 881 498 911 tu
515 881 553 912 te
569 887 732 913 exornas
749 874 924 913 moribus
946 875 1096 926 lepidis,
1116 890 1238 926 quom
1260 878 1391 928 lepida
1410 886 1492 918 tute
1508 881 1572 919 es?

245 951 325 976 non
347 946 497 977 uestem
517 946 711 978 amatores
733 948 867 978 amant
888 940 1061 989 mulieri',
1086 943 1155 980 sed
1178 942 1296 981 uestis
1317 943 1456 982 fartim.

246 1004 416 1041 PH1LOL.
449 1003 502 1042 ita
536 1018 598 1043 me
633 1004 673 1043 di
707 1013 850 1052 ament,
883 1005 1051 1056 lepidast
1081 1008 1246 1058 Scapha,
1278 1008 1379 1060 sapit
1408 1011 1572 1049 scelesta
1595 1022 1661 1058 170

1391 1076 1569 1115 multum.

188 1146 223 1180 15
245 1140 286 1171 ut
307 1133 436 1183 lepide
454 1147 513 1173 res
535 1133 663 1172 omnis
686 1139 792 1173 tenet
813 1135 1107 1185 sententiasque
1127 1139 1353 1175 amantum!

245 1199 425 1237 Pfflrffl.
462 1199 558 1248 quid
596 1201 732 1237 nunc?
788 1201 850 1238 Sc.
882 1201 978 1249 qnid
1018 1202 1105 1238 est?
1162 1203 1341 1240 PHILEM.
1374 1202 1469 1252 quin
1508 1216 1572 1241 me

699 1264 830 1315 aspice
851 1272 889 1303 et
909 1267 1135 1315 contempla
1156 1274 1198 1303 ut
1219 1267 1316 1305 haec
1337 1280 1399 1305 me
1420 1268 1568 1306 deceat.

243 1330 303 1367 SC.
336 1328 478 1368 uirtute
500 1329 637 1368 formai
660 1328 733 1382 [id]
756 1330 888 1368 euenit
910 1338 947 1368 te
968 1338 1010 1368 ut
1032 1331 1170 1369 deceat
1191 1330 1387 1381 quidquid
1411 1331 1569 1370 habeas.

243 1395 413 1432 PHILOL.
446 1408 538 1445 ergo
577 1395 629 1433 ob
667 1394 766 1433 istoc
806 1395 971 1434 uerbum
1010 1402 1059 1442 te,
1096 1395 1261 1446 Scapha,
1298 1396 1459 1435 donabo
1498 1411 1571 1447 ego

1275 1460 1570 1511 hodie—aliqui

242 1538 371 1574 neque
391 1524 515 1574 patiar
536 1533 573 1563 te
595 1524 719 1563 istanc
739 1525 869 1576 gratiis
891 1526 1083 1573 laudasse,
1107 1539 1209 1576 quae
1229 1527 1357 1576 placet
1378 1525 1442 1564 mi.
1594 1535 1656 1571 175

184 1604 224 1627 20
244 1592 424 1628 PHILEM.
456 1591 550 1628 nolo
580 1603 652 1640 ego
682 1598 719 1629 te
746 1591 941 1629 adsentari
972 1590 1078 1629 mihi.
1139 1592 1200 1630 Sc.
1233 1590 1340 1629 nimi'
1365 1591 1571 1641 tuquidem

1222 1658 1341 1695 stulta
1359 1670 1400 1695 es
1421 1656 1568 1695 mulier.

241 1722 328 1768 eho,
353 1721 476 1760 mauis
498 1721 752 1772 uituperarier
772 1724 869 1761 falso
891 1736 1009 1773 quam
1031 1737 1126 1762 uero
1147 1722 1308 1761 extolli?

240 1786 425 1836 equidem
446 1788 512 1837 pol
533 1789 595 1825 uel
616 1788 713 1826 falso
734 1795 866 1826 tamen
887 1787 1036 1827 laudari
1058 1789 1182 1828 multo
1204 1789 1308 1826 malo

240 1865 358 1902 quam
380 1865 474 1891 uero
494 1852 642 1902 culpari
662 1860 729 1891 aut
750 1866 878 1891 meam
900 1853 1071 1904 speeiem
1092 1852 1188 1892 alios
1209 1853 1388 1892 inridere.
1592 1857 1722 1902 179-80

242 1919 421 1957 PHILEM.
454 1932 526 1969 ego
551 1932 688 1957 uerum
713 1933 816 1967 amo,
839 1933 977 1959 uerum
998 1922 1091 1958 uolo
1119 1920 1197 1959 diei
1226 1920 1301 1959 mi:
1333 1922 1567 1960 mendacem

1490 1987 1568 2029 odi.

288 2089 349 2127 163
373 2093 549 2128 tectusque
565 2087 630 2121 cod.
650 2089 743 2131 (corr.
765 2088 825 2129 [32]
899 2100 1000 2129 quom
1018 2090 1164 2123 Rt’tsclzl:
1189 2101 1288 2131 quam
1307 2090 1385 2131 cod.,
1395 2093 1478 2133 fort.
1494 2095 1571 2123 recle

243 2133 302 2171 164
326 2133 505 2172 optingere
522 2132 589 2164 cod.
704 2135 763 2172 167
789 2144 842 2164 me
862 2133 982 2165 Bothe:
1009 2145 1084 2165 meo
1107 2134 1171 2165 cod.
1265 2135 1484 2175 philolacheti
1500 2136 1565 2166 cod.

244 2177 305 2206 168
327 2176 408 2215 quid
426 2181 460 2207 tu
478 2182 512 2207 te
528 2187 596 2215 ex.,
616 2186 680 2208 mo.
701 2177 766 2216 lep.
787 2187 888 2217 quom
904 2177 1018 2217 Bothe,
1039 2177 1265 2218 R1'tscl2l‚sort.
1285 2183 1361 2210 recte
1508 2190 1570 2218 170

242 2218 384 2259 lepidast
398 2219 572 2251 Gruterus:
590 2221 702 2260 lepida
713 2220 779 2253 cod.
791 2221 851 2261 (iii.
865 2221 899 2260 3)
994 2231 1050 2260 171
1071 2233 1100 2252 o.
1116 2232 1226 2253 mores
1236 2222 1355 2264 Bergk:
1376 2233 1405 2254 ο.
1420 2232 1474 2254 res
1485 2223 1568 2254 cod.:

243 2273 297 2294 res
313 2264 419 2294 omnis
439 2263 649 2294 Camerarius
749 2275 808 2304 172
833 2265 951 2295 deceat
970 2264 1180 2296 Camerarius
1195 2277 1202 2296 :
1227 2267 1325 2297 decet
1340 2266 1404 2297 cod.
1510 2276 1569 2305 173

242 2306 369 2337 formae
381 2307 414 2337 id
428 2307 492 2338 cod.
509 2318 516 2338 :
540 2308 572 2338 id
588 2307 647 2339 del.
667 2308 706 2346 (Γ,
720 2305 796 2346 Leo,
812 2318 893 2339 nam
904 2308 990 2339 elisio
1006 2308 1146 2348 syllabae
1162 2320 1217 2340 —ae
1235 2310 1268 2340 in
1276 2310 1423 2350 genetivo
1433 2309 1572 2350 displicet

247 2359 305 2389 174
330 2350 417 2381 istuc
436 2350 545 2382 Brix:
577 2351 642 2382 hoc
666 2350 731 2382 cod.
760 2352 838 2391 (pro
862 2353 925 2383 iste
950 2353 1033 2384 hoc?
1058 2353 1094 2392 qf.
1117 2363 1145 2383 v.
1170 2362 1230 2392 175
1255 2353 1341 2384 hanc
1361 2358 1422 2393 pro
1446 2353 1569 2393 istanc)

242 2394 297 2425 vix
313 2394 416 2425 hodie
566 2405 627 2435 175
652 2394 775 2436 istanc]
793 2396 880 2426 hanc
896 2394 971 2425 PCD
1108 2398 1168 2436 176
1190 2397 1325 2436 quidem
1343 2401 1377 2428 tu
1395 2397 1468 2427 PCD
