1731 2713
646 94 1061 134 TRVCVLENTVS
1468 93 1519 129 ΙῙ.
1542 91 1602 127 vii

250 205 422 252 militem,
442 204 505 243 hic
520 205 626 255 apud
648 217 710 242 me
731 205 798 253 qui
819 204 932 242 erat?
961 202 1076 240 huius
1099 210 1205 252 pater
1227 200 1333 251 pueri
1356 200 1432 239 illic
1452 209 1520 239 est.

409 284 533 320 usque
552 270 672 309 adicit
693 271 863 316 oculum,
888 268 1008 316 uissit,
1031 267 1123 313 adit,

250 334 415 373 mansit:
445 336 649 382 auscultat,
668 342 851 385 opseruat
871 347 990 384 quem
1012 333 1186 384 perdam.
1246 334 1316 372 (jv.
1341 331 1433 370 noui
1456 332 1520 370 ho-

1232 397 1378 436 minem
1399 396 1520 436 nihili.

302 464 510 504 illicinest?
568 467 642 503 PH.
674 464 752 503 illic
772 473 841 504 est.
901 465 971 504 Cv.
1005 476 1068 502 me
1088 463 1260 502 intuetur
1279 475 1465 513 gemens;
1541 480 1583 512 50

106 534 176 568 600
302 530 413 568 traxit
433 544 479 569 ex
500 530 652 569 intumo
673 538 810 569 uentre
831 529 1068 580 suspiritum.

301 595 377 633 hoc
399 595 490 634 uide
508 599 514 633 l
547 595 733 634 dentibus
754 595 908 641 frendit,
934 594 999 633 icit
1021 596 1145 633 femur
1164 609 1173 641 ;

299 673 394 698 num
415 673 579 710 opsecro
600 674 691 700 nam
713 661 900 700 hariolust
921 660 987 711 qui
1016 660 1122 711 ipsus
1143 674 1184 699 se
1205 660 1415 698 uerberat?

194 792 340 830 STRAT.
372 804 478 830 nunc
499 805 571 842 ego
593 805 701 831 meos
722 791 875 830 animos
897 791 1091 830 uiolentos
1117 803 1326 841 meamque
1354 790 1449 828 iram
1476 803 1522 829 ex

1054 864 1212 906 pectore
1232 855 1308 894 iam
1330 868 1519 906 promam.

64 924 175 970 604-5
196 923 382 973 loquere:
412 923 518 962 unde
545 924 618 962 es?
655 923 797 974 quoius
818 924 891 962 es?
933 936 1005 973 qur
1031 924 1159 961 ausu’s
1187 922 1240 960 mi
1267 922 1523 961 inclementer
1542 934 1582 967 55

982 987 1144 1026 dicere?
1201 988 1272 1027 Cv.
1305 986 1520 1026 lubitumst.

192 1056 338 1093 STRAT.
371 1054 471 1093 istuc
501 1052 609 1107 ne[c]
631 1053 726 1092 mihi
754 1053 960 1104 responsis.
1022 1054 1094 1093 Cv.
1127 1054 1212 1091 hoc.
1273 1065 1352 1090 non
1383 1065 1455 1102 ego
1486 1060 1522 1090 te

1275 1117 1388 1156 flocci
1410 1117 1519 1156 facio.

192 1187 339 1224 STRAT.
371 1184 468 1236 quid
489 1186 562 1223 tu?
604 1198 677 1235 qur
705 1197 800 1222 ausa
828 1198 869 1222 es
896 1183 1015 1222 alium
1041 1190 1078 1221 te
1099 1182 1229 1221 dicere
1249 1195 1380 1221 amare
1400 1182 1523 1220 homi-

1015 1249 1140 1288 nem?
1197 1250 1270 1286 ΡΗ.
1304 1247 1520 1286 lubitumst.

191 1318 338 1356 STRAT.
369 1315 434 1354 ain
464 1317 654 1355 tandem?
711 1315 812 1354 istuc
841 1315 1009 1366 primurn
1040 1313 1222 1365 experiar.
1283 1321 1351 1351 tun
1383 1313 1523 1351 tantilli

1257 1378 1352 1417 doni
1373 1392 1520 1425 caussa,

41 1453 176 1497 609-10
194 1449 371 1486 holerum
402 1454 520 1497 atque
549 1460 724 1486 escarum
756 1455 793 1485 et
823 1459 1042 1497 poscarum,
1072 1446 1281 1484 moechum
1314 1446 1520 1491 malacum,

1240 1510 1521 1557 cincinnatum,

193 1578 507 1626 umbmticulum,
531 1576 860 1628 tympanotribzim
888 1590 1010 1617 amas.
1031 1575 1231 1614 hominem
1264 1589 1343 1614 non
1374 1575 1488 1614 nauci
1506 1577 1523 1614 ?
1541 1583 1583 1616 60

1087 1642 1158 1681 Cr.
1191 1654 1291 1691 quae
1312 1642 1409 1680 haec
1430 1644 1522 1681 res?

238 1752 302 1791 596
327 1750 464 1781 militem
489 1750 541 1780 hic
568 1749 657 1789 apud
684 1758 736 1778 me
765 1749 819 1787 qui
848 1752 920 1778 erat
946 1746 1094 1778 Sclzoell:
1129 1746 1187 1785 qui
1216 1745 1295 1777 ilitic
1323 1745 1403 1786 (illic
1429 1746 1520 1788 PCD)

194 1795 284 1835 apud
302 1805 354 1825 me
372 1798 444 1825 erat
461 1793 525 1824 cod.
548 1795 623 1834 (pro
635 1792 806 1831 quiiliteic‚
826 1792 846 1823 i.
860 1802 884 1822 e.
904 1791 959 1831 qui
977 1790 1116 1821 militem
1133 1790 1203 1828 hic)
1334 1799 1397 1830 597
1421 1791 1522 1823 adicit

196 1838 349 1873 {adiecitx
373 1837 505 1868 oculum
533 1837 611 1867 uisit
635 1835 803 1876 (Spengel)
827 1835 897 1866 adit
924 1834 1021 1875 (abiit
1045 1833 1198 1875 Spengel)
1224 1834 1352 1874 scm'psi:
1391 1835 1523 1867 adiecta

195 1882 304 1913 culem
323 1882 419 1912 iussit
436 1881 491 1912 alii
508 1880 574 1911 cod.
678 1881 742 1919 598
759 1880 865 1910 mansi
879 1878 1064 1910 auscultaui
1084 1877 1344 1917 obseruaui·(-bi
1361 1878 1408 1918 Β)
1421 1889 1520 1918 quem

194 1935 256 1965 per
277 1935 353 1956 nam
378 1924 469 1956 cod.:
510 1923 634 1955 correxi
761 1932 858 1961 quam
894 1932 964 1953 rem
992 1932 1089 1962 agam
1124 1921 1266 1963 Spengel
1438 1922 1520 1953 nihil

194 1969 260 2000 cod.
418 1978 481 2008 599
507 1967 571 1998 illic
587 1977 653 2006 que
670 1971 722 1997 est
738 1965 803 1997 illic
824 1970 877 1997 est
896 1965 961 1997 cod.
981 1977 988 1997 ε
1022 1976 1100 1997 corr.
1127 1964 1163 1996 K
1163 1966 1295 2008 t'esslt'ng
1456 1968 1522 1998 6co

195 2013 392 2052 suspiritum
419 2011 652 2043 Camerarius:
690 2019 892 2050 suspensum
924 2010 992 2051 (-us
1016 2009 1062 2050 Β)
1096 2009 1163 2041 cod.
1194 2012 1274 2052 (pro
1305 2011 1432 2051 ειιεριῖι,
1461 2010 1481 2041 i.
1495 2021 1520 2042 e.

195 2056 408 2096 suspiritum)
539 2056 605 2085 602
629 2053 755 2085 ariolus
770 2052 837 2084 cod.
965 2054 1029 2092 603
1054 2052 1226 2085 uiolentus
1240 2055 1272 2085 B
1360 2059 1523 2094 expector

195 2101 296 2132 etiam
314 2099 387 2130 PCD
512 2100 620 2137 6045
651 2097 739 2128 unde
763 2101 815 2128 est
837 2095 904 2128 cod.
1017 2098 1081 2127 inc.
1101 2107 1144 2130 m.
1163 2097 1236 2129 PCD
1346 2098 1522 2129 lubitumst

197 2143 356 2185 Spengel:
389 2142 500 2173 lubido
527 2142 614 2182 (iub-
639 2141 684 2178 Β)
711 2145 763 2172 est
790 2139 857 2173 cod.
889 2141 962 2182 (pro
992 2139 1148 2180 lubitust)
1324 2143 1390 2173 606
1421 2143 1521 2173 istuc-

197 2188 264 2218 ine·
284 2186 365 2217 mihi
389 2186 602 2226 respondes?
640 2185 852 2217 Camerarius
962 2194 1142 2224 responsas
1165 2184 1239 2216 Ital.
1371 2187 1436 2217 608
1460 2191 1520 2217 tun

198 2230 318 2262 tantilli
330 2229 404 2261 Ital.
424 2241 431 2260 ε
454 2234 521 2260 tum
536 2229 666 2269 pentilli
681 2229 786 2267 (pert-
804 2227 849 2266 B>
866 2227 927 2258 cod
946 2239 951 2257 :
971 2232 1030 2258 tun
1047 2229 1142 2267 petili
1163 2229 1297 2268 Geppcrl
1456 2231 1517 2260 611

198 2274 484 2315 tympanotribam
501 2272 591 2303 codd.
609 2271 773 2302 Prisciani
791 2281 815 2310 r,
836 2281 898 2309 204
914 2282 920 2300 :
946 2271 1250 2311 lymphanotribam
1267 2272 1331 2303 cml⁷
1438 2273 1521 2305 haec

199 2328 254 2350 res
268 2317 453 2349 Saracenas
470 2328 476 2347 :
501 2316 633 2347 hercles
649 2315 716 2346 cod.
