1783 2707
170 120 224 158 ΙΙ.
246 120 276 157 ii
667 118 712 155 T.
746 116 927 156 MACCI
958 116 1162 153 PLAVTI

247 231 314 269 AS.
348 237 456 269 estne
485 230 577 268 item
603 228 799 267 uiolentus
825 234 867 264 ut
891 227 964 264 tu?
1020 227 1095 263 ΤΚ.
1128 238 1209 263 non
1234 223 1339 263 enim
1366 222 1430 262 ille
1455 236 1575 261 mere-

1428 287 1574 326 triculis

187 375 225 406 55
248 359 520 398 moenerandis
541 373 622 397 rem
643 357 780 406 coegit,
803 369 940 394 uerum
961 355 1199 406 parsimonia
1594 366 1663 400 310

246 424 489 474 duritiaque:
525 437 625 473 quae
645 436 751 460 nunc
772 422 822 459 ad
843 434 914 458 uos
936 421 1036 458 clam
1059 426 1321 470 exportantur,
1343 430 1550 469 pessumae
1565 431 1575 465 3

246 504 292 529 ea
312 503 383 528 uos
404 489 505 536 estis,
529 486 809 538 exunguimini,
833 485 1001 524 ebibitis.
1062 498 1186 534 egone
1207 487 1304 523 haec
1325 484 1558 522 mussitem?

246 555 323 593 iarn
345 554 505 605 quidem
533 554 663 592 hercle
693 552 759 590 ibo
786 552 837 590 ad
866 552 994 589 forum
1018 558 1136 599 atque
1166 551 1263 587 haec
1288 551 1389 587 facta
1409 548 1574 586 narrabo

1466 612 1548 651 seni
1564 627 1575 661 3

247 699 375 736 neque
397 686 495 723 istuc
516 682 698 733 insegesti
719 690 827 732 tergo
848 688 961 731 coget
982 694 1145 719 examen
1166 679 1324 718 mali.—

185 761 229 793 60
247 754 316 789 As.
348 751 379 789 si
400 758 550 789 ecastor
570 749 634 787 hic
655 751 776 786 homo
798 746 925 796 sinapi
945 746 1106 793 uictitet‚
1130 759 1210 784 non
1231 758 1413 783 censeam
1595 755 1660 792 315

181 1081 223 1124 65

247 824 326 855 tam
348 829 432 855 esse
453 815 601 853 tristem
623 828 749 864 posse.
809 820 848 850 at
869 813 935 862 pol
956 825 1022 850 ero
1043 812 1285 849 beneuolens
1306 810 1429 847 uisust
1451 822 1533 847 suo.

246 895 382 920 uerum
405 894 476 931 ego
497 880 618 927 illum,
636 891 877 929 quamquam
899 876 1122 923 uiolentust‚
1142 889 1255 925 spero
1271 874 1467 912 immutari
1483 872 1586 924 potis

245 946 536 993 blandimentis,
560 944 832 991 hortamentis,
853 942 991 981 ceteris
1013 940 1262 987 meretriciis3

244 1012 326 1051 uidi
347 1012 532 1062 equidem
555 1010 733 1050 †exinem
755 1009 839 1047 intu
861 1008 1038 1047 domito†
1059 1006 1140 1045 fieri
1160 1014 1278 1055 atque
1298 1005 1391 1043 alias
1413 1006 1560 1043 beluas.

244 1091 350 1116 nunc
381 1079 432 1117 ad
464 1090 570 1116 eram
604 1075 805 1115 reuidebo.
862 1071 969 1126 (sed)
999 1085 1136 1110 eccum
1167 1070 1302 1109 odium
1332 1069 1576 1120 progreditur
1595 1081 1664 1116 320

1430 1148 1573 1173 meum.

245 1208 362 1248 tristis
384 1208 471 1248 exit.
530 1209 609 1247 hau
629 1205 816 1246 conuenit
837 1204 955 1244 etiam
975 1203 1040 1242 hic
1060 1204 1155 1241 dum
1178 1200 1447 1240 Phronesium.

179 1322 225 1360 iii

517 1320 884 1356 DINIARCHVS
994 1315 1329 1351 ASTAPHIVM

353 1403 419 1440 DI.
452 1400 574 1439 Piscis
595 1413 668 1450 ego
689 1399 819 1446 credo,
839 1396 905 1448 qui
926 1409 1051 1446 usque
1072 1396 1167 1434 dum
1189 1393 1328 1432 uiuont
1348 1394 1492 1440 lauant,

351 1466 471 1505 minu'
491 1468 559 1505 diu
579 1468 710 1504 lauare
731 1477 850 1514 quam
871 1464 970 1500 haec
989 1463 1094 1499 lauat
1116 1458 1386 1497 Phronesium.

351 1532 382 1572 si
403 1531 569 1583 proinde
588 1538 779 1576 amentur,
804 1527 985 1566 mulieres
1006 1526 1073 1565 diu
1096 1538 1214 1575 quam
1235 1525 1378 1571 lauant,

352 1611 490 1637 omnes
511 1603 688 1635 amantes
709 1595 955 1633 balneatores
977 1591 1088 1630 sient.
1595 1600 1660 1637 325

289 1713 352 1742 309
375 1701 472 1741 item]
493 1700 548 1731 ille
566 1700 599 1730 P
686 1704 722 1730 ut
747 1698 798 1740 tu]
819 1708 915 1729 suurn
933 1696 966 1727 P
979 1698 1054 1736 (pro
1071 1693 1137 1725 uut'i
1154 1696 1179 1726 Ἠ
1271 1692 1375 1724 velill'
1510 1703 1576 1732 310

247 1747 440 1777 moniendis
457 1748 532 1786 (pro
554 1743 783 1781 moeniendis)
813 1753 882 1773 rem
912 1740 987 1779 cogi
1018 1750 1048 1771 u.
1082 1737 1286 1779 parsimonie
1314 1736 1347 1766 P
1512 1745 1584 1775 311'

247 1790 408 1829 durieque
424 1799 510 1828 quae
530 1798 618 1818 nunc
636 1788 702 1818 duo
720 1787 819 1818 sciam
841 1788 1040 1824 exportatur
1057 1780 1294 1822 pessumumP
1309 1780 1388 1820 (pro
1402 1781 1573 1821 pessuffi2)

246 1844 309 1873 312
333 1844 386 1864 em
403 1838 478 1864 tuos
496 1833 577 1872 (om.
595 1831 694 1870 estis)
720 1830 812 1868 P<M
836 1835 895 1870 pro
920 1828 968 1866 A)
1059 1837 1101 1857 ex
1121 1826 1247 1865 ungula
1270 1825 1357 1855 male
1382 1826 1456 1865 (pro
1470 1834 1574 1854 exun-

247 1878 382 1917 guiffie;
406 1877 443 1916 cf.
470 1875 517 1907 ad
530 1886 558 1907 v.
580 1876 658 1914 266)
679 1874 793 1905 uiuitis
810 1873 842 1903 P
930 1872 983 1902 hic
1004 1870 1038 1901 P
1141 1879 1205 1908 313
1223 1868 1293 1899 Iam
1308 1868 1395 1898 enim
1414 1878 1575 1898 exercere

249 1922 293 1952 ibi
315 1921 337 1951 f.
358 1920 391 1950 P
476 1930 539 1959 314
557 1919 738 1950 exanimen
758 1918 846 1949 Piv.
858 1917 891 1947 gx
984 1916 1047 1954 316
1070 1914 1176 1944 uisust
1193 1911 1268 1952 suo]
1287 1917 1322 1942 ut
1340 1912 1368 1942 is
1384 1916 1436 1942 est
1451 1921 1530 1942 suos
1547 1911 1580 1941 P

250 1975 312 2004 317
329 1964 511 1995 uiolentum
526 1968 577 1994 est
594 1964 664 2003 l'pro
677 1964 775 1993 -tustl
793 1961 826 1991 A
901 1970 985 2000 pero
997 1958 1028 1988 P
1101 1961 1213 1996 potest
1224 1955 1312 1986 codd.
1403 1956 1467 1994 318
1478 1965 1575 1985 orna-

251 2008 373 2039 mentis
389 2008 442 2038 P:
467 2007 651 2038 oramentis
673 2006 839 2036 Menrst'us
926 2002 1122 2033 meretrices
1140 2001 1168 2030 Ρ
1295 2009 1424 2039 319e52
1449 1998 1573 2029 deestA

249 2063 312 2092 319
336 2052 441 2082 intum
460 2050 532 2081 pen
621 2060 740 2089 equom
760 2059 803 2079 ex
820 2047 982 2078 indomito
1000 2046 1157 2076 domitum
1176 2042 1315 2081 Merula,
1339 2041 1460 2073 Weise:
1485 2042 1575 2081 equi-

250 2097 325 2127 dem
343 2095 557 2135 elephantem
572 2094 691 2124 Indum
707 2093 865 2123 domitum
876 2090 1001 2121 Sclzoell
1015 2101 1020 2119 ι
1036 2090 1115 2129 sort,
1130 2088 1285 2127 equidem
1302 2087 1435 2126 lyncem
1455 2086 1575 2116 Indum

250 2140 413 2170 domitum
525 2139 641 2168 uelbas
669 2137 700 2166 Β
853 2144 918 2172 320
942 2133 1101 2164 reuibebo
1119 2131 1183 2162 cod.
1210 2132 1302 2171 (corr.
1328 2129 1367 2162 Cl
1394 2129 1437 2168 (B
1451 2134 1513 2170 pro
1530 2129 1575 2170 D)

251 2184 311 2215 sed
333 2193 449 2214 eccum
474 2181 707 2213 Camerarius:
731 2184 854 2210 etcum
876 2177 943 2208 cod.
1076 2185 1136 2214 321
1164 2174 1253 2205 haud
1277 2173 1438 2204 conuenit
1463 2173 1576 2204 Came-

254 2227 370 2267 rarius,
388 2226 582 2257 Gulielmius
598 2237 605 2256 :
629 2225 669 2255 ad
687 2223 869 2255 conuenire
886 2221 948 2252 cod.
971 2220 1046 2260 (pro
1061 2220 1126 2249 had
1141 2218 1290 2258 conuefi)
1381 2217 1457 2247 dum
1474 2215 1550 2247 Ital.
1569 2226 1577 2246 ε

253 2272 331 2301 bum
348 2270 414 2302 cod.
437 2271 478 2311 (B
495 2275 558 2310 pro
581 2269 625 2308 D)
726 2277 789 2306 322
814 2266 868 2304 qui
887 2264 975 2295 codd.
1000 2263 1149 2294 Varronis
1173 2262 1211 2292 de
1228 2261 1267 2292 L.
1286 2261 1325 2292 L.
1343 2271 1373 2300 9,
1397 2270 1456 2299 105
1475 2271 1481 2290 :
1506 2259 1576 2299 quit

252 2314 318 2345 cod.
461 2323 526 2352 323
551 2313 608 2342 diu
636 2312 746 2342 minus
771 2309 858 2340 codd.
894 2308 1048 2338 Varronis
1152 2305 1266 2336 lauere
1293 2304 1359 2335 cod.
1383 2304 1476 2345 (corr.
1507 2303 1548 2341 C)
1569 2313 1576 2333 :

252 2358 357 2389 lauari
375 2360 512 2388 testatur
531 2355 624 2387 Varro
643 2356 666 2396 (6
680 2354 789 2385 Plauti
805 2357 862 2384 aut
879 2351 1004 2382 librarii
1027 2350 1186 2380 mendum
1201 2349 1224 2388 ³)
1372 2357 1434 2387 324
1460 2346 1576 2378 iuuant

252 2402 319 2434 cod.
340 2401 369 2443 (Ι
383 2406 446 2442 pro
461 2401 482 2439 1,
501 2411 520 2431 u
534 2404 596 2441 pro
612 2399 646 2440 a)
778 2406 841 2437 325
865 2399 1033 2426 amatores
1049 2393 1122 2425 FCD
1139 2393 1173 2433 (i.
1195 2392 1250 2433 10)

969 2514 992 2525 A
