1783 2707
159 126 188 162 Ι.

153 388 190 418 35

155 711 197 742 40

157 1102 198 1134 45

162 1427 202 1459 50

167 1742 217 1782 55*

211 124 240 160 ii
635 122 682 158 T.
715 120 896 159 MACCI
928 119 1131 156 PLAVTI

264 234 337 272 nisi
359 242 400 272 tu
423 248 485 272 me
507 233 686 271 mihimet
706 244 843 270 censes
864 230 1060 269 dicturum
1081 231 1192 267 male.

264 314 355 338 nam
378 299 407 337 si
429 299 468 337 in
491 307 528 337 te
549 305 750 348 aegrotant
771 304 872 334 artes
892 296 1077 346 antiquae
1098 302 1198 341 tuae,

266 364 343 418 [sin
366 365 572 402 immutare
592 363 652 401 uis
673 362 873 413 ingenium
896 358 1085 412 moribus]
1562 370 1628 409 72¹²

265 437 332 468 aut
353 429 384 467 si
405 431 612 468 demutant
633 441 761 465 mores
782 426 983 476 ingenium
1004 432 1115 463 tuom

266 510 395 545 neque
416 509 484 533 eos
504 494 687 543 antiquos
709 506 850 539 seruas,
875 499 934 529 ast
954 498 1087 540 captas
1108 486 1246 537 nouOs,

266 561 451 599 omnibus
472 560 608 598 amicis
630 559 813 597 morbum
834 565 875 596 tu
897 556 1062 595 incuties
1083 569 1256 606 grauem,
1563 565 1603 600 75

270 633 311 664 ut
333 634 370 664 te
391 625 524 663 uidere
545 624 761 673 audireque
781 622 928 673 aegroti
950 621 1061 660 sient.

271 693 342 730 CA.
376 690 442 740 qui
465 690 503 728 in
525 698 698 728 mentem
720 688 830 727 uenit
851 687 921 726 tibi
942 687 1062 725 istaec
1083 686 1189 725 dicta
1209 686 1371 725 dicere?

271 758 353 794 ΜΕ.
387 755 479 805 quia
500 755 630 793 omnis
648 755 776 792 bonos
794 754 998 803 bonasque
1019 753 1206 790 adcurare
1226 753 1394 790 addecet

269 821 534 872 suspicionem
556 829 594 859 et
614 821 771 870 culpam
793 827 835 857 ut
855 820 905 857 ab
927 833 967 857 se
988 825 1201 868 segregent.

269 888 341 927 CA.
375 901 454 925 non
482 894 611 936 potest
638 894 849 935 utrumque
876 883 968 923 fieri.
1030 885 1114 922 ME.
1146 884 1414 933 quapropter?
1471 883 1542 920 CA.
1565 886 1611 919 80

1404 961 1515 997 rogas
1531 949 1547 984 ?

270 1033 320 1057 ne
336 1017 543 1057 admittam
564 1019 733 1068 culpam,
756 1030 828 1067 ego
850 1030 940 1055 meo
961 1029 1048 1054 sum
1069 1028 1230 1065 promus
1251 1012 1423 1063 pectori:

272 1083 443 1134 suspicio
465 1091 522 1122 est
543 1083 583 1121 in
604 1090 764 1133 pectore
784 1082 915 1120 alieno
936 1080 1018 1118 sita.

273 1164 365 1188 nam
386 1163 492 1187 nunc
513 1162 585 1199 ego
608 1148 638 1186 si
660 1156 697 1186 te
714 1146 960 1197 surrupuisse
982 1144 1155 1195 suspicer

273 1215 361 1254 Ioui
382 1228 569 1253 coronam
591 1215 640 1252 de
662 1213 790 1264 capite
811 1227 858 1252 ex
879 1210 1078 1262 Capitolio

273 1281 382 1331 quod
403 1280 442 1317 in
464 1279 663 1318 columine
684 1286 784 1316 astat
806 1291 986 1316 summo:
1014 1277 1047 1315 si
1068 1275 1109 1314 id
1130 1289 1211 1314 non
1233 1273 1370 1313 feceris
1570 1278 1611 1321 85

273 1353 391 1395 atque
412 1344 452 1382 id
473 1352 605 1382 tamen
627 1343 723 1381 mihi
745 1344 878 1381 lubeat
899 1340 1139 1392 suspicarier‚

275 1411 341 1461 qui
363 1419 404 1449 tu
426 1410 465 1448 id
487 1409 695 1460 prohibere
717 1422 781 1447 me
801 1415 914 1459 potes
936 1421 985 1445 ne
1008 1405 1210 1457 suspicer?

275 1477 345 1514 sed
366 1475 464 1513 istuc
486 1474 617 1525 negoti
639 1473 757 1524 cupio
778 1473 875 1511 scire
896 1472 991 1522 quid
1013 1471 1096 1510 siet.

277 1543 361 1580 ME.
394 1541 524 1579 haben
546 1548 587 1578 tu
608 1539 781 1577 amicum
802 1546 869 1576 aut
890 1536 1119 1576 familiarem
1142 1535 1369 1587 quempiam

278 1606 371 1657 quoi
391 1614 528 1656 pectus
550 1605 706 1655 sapiat?
764 1605 834 1644 CA.
868 1604 1010 1653 edepol
1030 1604 1108 1641 hau
1130 1602 1258 1641 dicam
1280 1603 1374 1641 dolo
1393 1617 1400 1640 :
1572 1612 1617 1647 90

280 1680 370 1711 sunt
391 1685 490 1722 quos
511 1671 592 1709 scio
614 1684 698 1709 esse
719 1669 879 1717 amicos,
903 1677 994 1707 sunt
1014 1681 1114 1718 quos
1136 1668 1322 1718 suspicor,

282 1745 372 1776 sunt
393 1750 560 1787 quorum
581 1735 738 1786 ingenia
759 1743 877 1785 atque
897 1733 1051 1772 animos
1073 1747 1228 1784 nequeo
1249 1747 1411 1772 noscere

281 1805 332 1842 ad
352 1802 468 1841 amici
489 1809 637 1853 partem
660 1815 709 1839 an
731 1802 781 1840 ad
803 1799 950 1838 inimici
972 1806 1190 1850 peruenant
1206 1813 1216 1847 3

281 1869 351 1908 sed
371 1870 413 1906 tu
434 1882 481 1906 ex
500 1867 636 1906 amicis
658 1866 772 1905 certis
795 1865 891 1903 mihi
912 1878 953 1903 es
974 1864 1238 1903 certissumus.

281 1934 311 1973 si
333 1933 428 1984 quid
450 1933 524 1972 scis
545 1946 608 1971 me
629 1932 767 1971 fecisse
788 1931 927 1969 inscite
947 1937 1013 1968 aut
1033 1929 1210 1980 inprobe,
1573 1937 1616 1974 95

282 2000 313 2039 si
334 1999 373 2039 id
394 2013 475 2038 non
497 2012 561 2037 me
580 2012 752 2046 accusas,
777 2005 860 2036 tute
880 1996 963 2047 ipse
984 1995 1250 2045 obiurgandus
1272 2008 1322 2033 es.

273 2111 310 2140 71
338 2105 409 2131 tute
420 2100 501 2130 mihi
518 2099 619 2131 meP
749 2110 788 2138 72
812 2098 880 2130 anii
895 2097 1003 2138 queP
1045 2086 1052 2094 ⁶
1126 2100 1182 2134 72⁸²
1206 2094 1316 2126 om.A
1446 2104 1496 2133 73y
1518 2105 1555 2134 74

229 2145 296 2177 secl.
315 2144 441 2175 Rz'tsclzl
585 2155 625 2183 74
649 2154 769 2175 seruos
785 2142 816 2172 A
965 2151 1004 2181 75
1029 2139 1182 2171 inculties
1197 2138 1230 2168 A
1365 2148 1406 2177 79
1429 2148 1511 2177 apse
1527 2138 1561 2168 P

231 2189 384 2228 (antiqua
408 2189 657 2229 orthographia&
702 2185 708 2190 '
792 2188 833 2226 85
858 2186 924 2225 Qui
948 2185 1095 2225 Scaliger
1236 2184 1277 2221 87
1301 2182 1381 2221 quid
1407 2186 1440 2212 tu
1466 2182 1498 2212 id
1521 2181 1554 2211 A

230 2233 271 2263 88
295 2233 381 2263 scire
409 2233 507 2272 cupio
534 2232 693 2272 quicquid
721 2235 773 2262 est
799 2231 832 2261 P
959 2230 1002 2268 89
1025 2228 1096 2269 aut]
1124 2232 1159 2258 ut
1185 2226 1217 2256 A
1367 2236 1405 2264 91
1432 2226 1558 2256 amicos

231 2286 307 2307 esse
331 2275 364 2306 A
498 2287 540 2315 92
564 2286 696 2315 nequeo
723 2274 916 2306 Acidalius:
954 2283 1042 2312 queo
1066 2273 1114 2302 A:
1140 2281 1208 2301 non
1236 2280 1374 2310 possum
1400 2269 1433 2300 P
1456 2271 1500 2309 (v.
1526 2271 1557 2307 1)

232 2330 275 2359 93
300 2325 464 2359 peruenat
489 2320 522 2350 P
665 2330 707 2359 94
733 2319 812 2349 mihi
842 2328 880 2349 es
904 2317 1005 2347 certis
1025 2315 1069 2356 A,
1088 2315 1169 2354 sort.
1200 2319 1274 2346 recte
1428 2315 1556 2353 96—171

234 2363 378 2403 deficitA
499 2365 542 2402 96
565 2364 663 2395 troclz.
680 2362 898 2404 septenarium
915 2359 1035 2391 exhibet
1049 2359 1125 2397 cod„
1142 2361 1170 2390 si
1188 2359 1220 2390 id
1238 2369 1291 2389 me
1310 2369 1374 2389 non
1388 2360 1479 2389 accu.
1496 2362 1518 2388 t.
1539 2357 1559 2388 i.

235 2407 465 2447 obiurgandus
482 2411 528 2438 es.
558 2407 623 2438 ΜΕ.
652 2408 723 2438 scio
741 2417 749 2438 ε
773 2407 801 2437 si
816 2406 848 2436 id
869 2408 935 2435 non
954 2414 1007 2434 me
1026 2403 1137 2444 (Reiz)
1159 2413 1226 2435 acc.
1251 2405 1295 2434 tu.
1320 2402 1560 2441 obiurgandu's

237 2451 311 2492 (del.
337 2452 434 2492 ipse).
461 2451 526 2483 ΜΕ.
555 2451 628 2483 scio
651 2450 755 2482 Bothe
843 2449 897 2480 vix
913 2452 1009 2487 rupte
1027 2458 1057 2478 0.

968 2513 990 2523 A
