1731 2713
665 109 1075 148 TRVCVLENTVS
1483 107 1536 144 II.
1557 105 1587 144 ii

168 253 171 257 ,
212 223 278 259 As.
313 219 450 260 erubui
472 227 664 258 mecastor
685 218 824 257 misera
846 226 1003 269 propter
1024 219 1234 255 clamorem
1257 223 1378 253 tuom.

211 288 286 325 ΤΚ.
320 286 452 324 itane?
482 284 701 324 erubuisti?
731 283 841 334 quasi
864 297 956 321 uero
978 282 1130 332 corpori
1152 280 1352 331 reliqueris

212 360 279 389 tuo
301 359 534 402 potestatem
556 349 696 388 coloris
718 349 784 387 ulli
805 348 998 399 capiendi,
1023 349 1123 385 mala
1144 350 1150 385 1

213 416 356 454 buccas
377 415 542 464 rubrica,
563 422 667 453 creta
688 428 806 453 omne
826 427 967 464 corpus
989 412 1141 451 intinxti
1164 412 1243 451 tibi.

125 496 189 531 295
212 498 417 534 pessumae
447 483 550 522 estis.
610 485 677 521 As.
711 482 805 533 quid
836 490 893 520 est
924 482 1033 532 quod
1063 480 1177 519 uobis
1207 492 1414 530 pessumae
1443 480 1540 517 haec
1560 492 1602 524 40

1245 543 1509 583 malefecerint
1526 545 1542 581 ?

210 616 284 652 ΤΚ.
318 613 399 653 scio
423 627 496 664 ego
524 615 610 664 plus
635 626 754 663 quam
786 621 826 650 tu
857 611 1041 650 arbitrare
1072 611 1169 650 scire
1199 624 1272 649 me.
1346 612 1411 648 As.
1445 608 1540 658 quid

1279 675 1318 713 id
1339 681 1540 724 opsecrost

210 745 317 793 quod
337 743 469 783 scias?
526 746 601 781 ΤΗ.
626 743 727 781 erilis
748 751 880 782 noster
901 742 1002 780 filius
1023 743 1130 792 apud
1151 755 1222 780 uos
1244 741 1405 779 Strabax

210 817 251 847 ut
272 817 416 860 pereat,
437 817 479 847 ut
499 823 590 847 eum
611 808 791 846 inliciatis
813 808 852 846 in
875 809 1017 845 malam
1039 808 1215 845 fraudem
1237 814 1274 843 et
1294 806 1492 855 probrum.

210 875 277 912 As.
310 888 427 911 sanus
449 873 479 912 si
501 873 669 920 uideme,
693 873 823 911 dicam
841 888 847 911 :
879 875 888 892 ‘
903 872 1001 910 dicis
1022 870 1326 909 contumeliam.'

124 950 193 983 300
211 952 328 976 nemo
345 940 466 976 homo
487 938 550 976 hic
571 940 669 976 solet
689 938 814 988 perire
834 938 940 987 apud
962 951 1035 975 nos
1055 952 1061 974 :
1091 950 1150 975 res
1171 937 1339 986 perdunt
1360 949 1474 983 suas3
1558 948 1599 979 45

211 1003 277 1041 ubi
298 1017 356 1042 res
378 1003 594 1054 perdidere,
618 1003 725 1041 abire
746 1003 839 1041 hinc
859 1002 891 1041 si
911 1004 1052 1041 uolunt
1072 1001 1188 1039 saluis
1210 1001 1310 1039 licet.

209 1083 281 1119 ego
315 1069 443 1107 istunc
475 1082 556 1107 non
590 1068 686 1107 noui
719 1070 1015 1107 adulescentem
1055 1075 1242 1106 uostrurn.
1313 1068 1389 1104 TR.
1418 1079 1539 1104 ueron

1411 1131 1509 1170 serio
1525 1133 1541 1170 ?

209 1199 305 1249 quid
327 1200 494 1238 maceria
521 1199 585 1238 illa
611 1199 665 1238 ait
691 1198 731 1237 in
761 1201 877 1238 horto
905 1212 1007 1250 quae
1036 1206 1106 1246 est,
1129 1211 1230 1248 quae
1251 1197 1290 1235 in
1311 1205 1446 1236 noctes
1467 1197 1542 1234 sin-

1431 1263 1540 1312 gulas

208 1331 326 1369 latere
347 1332 389 1369 fit
410 1331 547 1378 minor,
570 1344 648 1381 qua
669 1331 744 1370 isto
764 1331 815 1370 ad
836 1344 908 1370 uos
928 1330 1065 1370 damni
1084 1336 1332 1381 permensust
1352 1329 1457 1367 uiam
1474 1330 1492 1367 ?

123 1405 188 1442 305
210 1397 277 1433 As.
309 1395 405 1433 nihil
427 1395 568 1433 mirum
589 1395 716 1443 (uetus
737 1403 795 1434 est
817 1395 1002 1447 maceria)
1024 1397 1163 1434 lateres
1184 1394 1215 1433 si
1237 1402 1388 1433 ueteres
1409 1401 1535 1432 ruont.
1559 1407 1599 1439 50

210 1462 286 1498 TR.
317 1459 381 1498 ain
410 1467 452 1498 tu
481 1474 576 1499 uero
610 1468 762 1500 ueteres
796 1461 935 1499 lateres
969 1462 1109 1500 ruere?
1147 1473 1365 1509 numquam
1396 1460 1539 1509 edepol

1443 1524 1540 1563 mihi

208 1589 417 1640 quisquam
437 1591 559 1629 homo
580 1590 754 1629 mortalis
775 1592 941 1641 posthac
962 1592 1128 1629 duarum
1150 1604 1277 1629 rerum
1299 1590 1460 1638 credust,

208 1655 249 1693 ni
269 1668 342 1704 ego
362 1668 428 1693 ero
449 1655 584 1694 maiori
606 1663 737 1694 uostra
757 1657 859 1694 facta
878 1658 1150 1695 denarrauero.

254 1768 316 1797 294
350 1758 481 1789 rubriee
509 1763 584 1789 ceta
610 1758 644 1789 P
708 1759 838 1791 rubrica
866 1760 941 1799 Leo,
970 1761 1024 1791 cui
1050 1761 1143 1791 rubr·
1166 1759 1306 1801 displicet
1403 1760 1539 1792 intinxti

209 1800 373 1842 Scaliger:
399 1802 535 1833 intinxit
551 1802 604 1833 P:
629 1803 727 1844 integi
744 1803 778 1834 A
797 1804 872 1844 (pro
891 1805 1013 1834 intexti
1029 1806 1054 1843 ζ)
1204 1814 1267 1844 295
1292 1803 1537 1845 malefecerint]

210 1856 262 1876 ma
277 1846 382 1876 ceteris
396 1846 527 1877 omissis
541 1845 576 1876 P
591 1846 635 1886 (ii.
649 1848 684 1886 5)
775 1850 840 1887 296
864 1858 963 1887 quam
981 1859 1034 1879 me
1052 1848 1248 1879 arbitrarier
1264 1848 1360 1879 scire.
1408 1849 1487 1887 quid
1505 1849 1538 1879 id

209 1894 262 1920 est
289 1889 429 1920 obsecro
446 1889 480 1920 P
607 1900 669 1930 297
695 1891 799 1922 heriis
824 1891 944 1932 P<pro
970 1892 1107 1928 heriiis3
1146 1892 1158 1922 1
1179 1896 1239 1931 pro
1257 1892 1298 1932 L)
1389 1896 1538 1922 nostram

208 1942 276 1971 pax
291 1932 325 1962 Ρ
452 1934 515 1973 298
540 1939 657 1974 pereat
676 1935 726 1976 ut]
759 1945 821 1975 per
847 1946 889 1966 ex
909 1940 959 1966 tut
986 1935 1019 1965 Ρ
1044 1935 1088 1972 (Χ
1113 1941 1174 1976 pro
1199 1936 1245 1970 A&
1347 1935 1492 1966 iniciatis
1507 1935 1542 1966 P

209 1975 384 2018 probrum]
404 1978 590 2017 praemium
607 1978 641 2008 Ρ
656 1979 724 2017 (vii,
750 1990 782 2019 p.
812 1979 887 2019 104)
1003 1990 1068 2019 300
1091 1991 1121 2010 n.
1147 1980 1315 2010 hominem
1340 1979 1402 2010 hec
1424 1980 1536 2019 perire

207 2019 294 2050 solet
310 2019 344 2051 Ρ
471 2019 532 2060 {301
559 2022 614 2052 ubi
639 2023 860 2061 perdiderunt
884 2034 938 2054 res
963 2023 997 2053 P
1014 2023 1087 2061 (sed
1101 2028 1226 2063 -erunt,
1250 2023 1316 2054 nisi
1331 2023 1365 2053 in
1374 2023 1454 2062 fine,
1472 2022 1536 2053 dis-

202 2063 307 2104 plicet)
399 2064 512 2096 abiere
529 2065 561 2095 A
653 2066 773 2103 saluis]
803 2071 838 2098 ut
864 2068 916 2097 uis
941 2066 975 2097 Ρ
995 2069 1029 2108 (u
1050 2072 1111 2108 pro
1138 2068 1173 2106 a)
1308 2077 1372 2106 302
1397 2077 1426 2098 e.
1447 2076 1536 2097 nunc

209 2107 286 2137 noui
302 2107 381 2145 (om.
398 2111 480 2146 non)
497 2109 531 2139 Ρ
616 2110 731 2141 serion
749 2110 782 2140 P
796 2111 866 2145 (vix
886 2113 975 2149 recle)
1111 2121 1176 2150 303
1201 2110 1266 2150 Qui
1284 2111 1317 2141 in
1337 2121 1378 2142 m.
1397 2109 1431 2139 P
1445 2110 1480 2145 (i.
1500 2111 1535 2150 4)

208 2155 265 2180 aut
277 2150 310 2180 P
324 2150 416 2190 (corr.
438 2152 478 2190 C)
587 2163 651 2192 304
674 2154 723 2184 vel
737 2154 833 2185 lateri
846 2154 1144 2195 (anlt'quaforma)
1236 2155 1300 2185 isto
1321 2155 1362 2184 ad
1381 2153 1536 2193 Seyffert:

210 2193 239 2224 is
261 2193 324 2225 hoc
348 2195 389 2225 ad
413 2195 503 2227 codd.
524 2195 689 2229 Pm'sa'am'
709 2209 735 2237 1,
768 2199 850 2237 189:
875 2199 929 2229 isti
954 2197 1003 2228 P:
1034 2199 1062 2229 is
1086 2203 1168 2238 aput
1184 2197 1218 2228 A
1352 2197 1482 2228 damnis
1498 2197 1532 2227 A

209 2246 410 2276 permensus
427 2244 516 2271 tuam
533 2240 566 2270 P
650 2251 714 2280 305
736 2241 810 2272 Non
830 2252 871 2273 m.
892 2241 926 2271 P
999 2247 1074 2272 etus
1091 2241 1124 2271 A
1186 2252 1317 2272 macere
1331 2241 1364 2271 P
1470 2242 1535 2280 306

208 2280 276 2311 Ain
297 2282 331 2318 (i.
341 2293 365 2313 e.
379 2282 460 2322 A'i'n)
477 2288 511 2315 tu
529 2282 618 2315 male
636 2285 710 2324 (pro
726 2285 811 2316 mala
823 2286 849 2323 3)
870 2285 994 2316 lateres
1011 2290 1144 2316 ueteres
1161 2285 1194 2315 P
1290 2295 1388 2316 ruere
1406 2284 1508 2316 Prisc.
1527 2295 1534 2314 :

208 2334 285 2355 rure
301 2325 349 2356 A:
369 2336 448 2357 uere
465 2326 498 2356 P
607 2337 670 2366 307
697 2333 788 2359 tomo
805 2328 838 2358 P
923 2334 1101 2368 postquam
1118 2328 1151 2359 A
1244 2329 1449 2368 dinarum(‘.²)
1467 2327 1534 2359 Leo

207 2369 271 2405 308
294 2369 406 2400 niesse
424 2371 501 2410 (pro
517 2371 600 2409 nise,
617 2371 638 2402 i.
650 2382 672 2402 e.
692 2373 770 2409 nisi)
788 2382 852 2411 ego
873 2378 985 2403 uestra
1003 2382 1059 2403 ero
1078 2373 1180 2403 amari
1197 2371 1230 2402 P
1245 2373 1314 2413 (vii,
1335 2383 1365 2412 p.
1388 2373 1464 2413 104)
