1731 2713
672 128 963 168 POENVLVS
1430 124 1475 161 V.
1499 123 1528 160 ii

48 254 138 281 1000
156 244 230 284 AG.
263 243 387 280 saluta
407 242 512 279 hunc
529 253 640 278 rusus
663 239 810 277 Punice
832 238 961 277 uerbis
983 237 1090 276 meis.
1365 247 1370 251 ’
1496 247 1538 277 40

158 309 230 346 M1.
262 320 338 345 auo
359 306 522 345 donnini
546 305 672 355 inquit
689 304 751 342 hie
774 304 844 342 tibi
866 303 995 342 uerbis
1016 303 1105 341 suis.

158 374 237 410 HA.
271 372 541 410 meharbocca.
604 372 675 407 M1.
710 369 809 407 istuc
832 368 900 406 tibi
924 368 971 405 sit
993 367 1121 417 potius
1144 380 1260 416 quam
1283 364 1387 402 mihi.

155 439 228 475 AG.
261 436 356 486 quid
377 435 459 474 ait?
518 437 590 473 M1.
624 434 804 472 miseram
828 447 912 471 esse
934 432 1131 483 praedicat
1153 432 1316 469 buccam
1340 428 1423 467 sibi.

155 504 316 541 fortasse
337 501 512 540 medicos
533 514 605 538 nos
626 513 710 538 esse
731 498 957 537 arbitrarier.

49 578 134 614 1005
158 570 230 605 Aa.
264 567 323 607 †si
345 566 402 605 <Est
412 571 441 613 ·1·,
466 580 565 615 nega
585 579 694 612 08803
724 566 817 602 nolo
838 577 910 614 ego
932 577 1054 601 errare
1076 562 1282 611 hospitem.
1497 571 1536 602 45

158 634 230 670 M1.
262 631 382 670 audin
404 633 475 669 tu?
529 629 650 682 <HA.>
679 628 1100 678 rufeennycchoissani.
1159 629 1233 664 AG.
1267 625 1321 663 sic
1342 626 1433 662 uolo

156 699 330 748 profecto
352 710 444 735 uera
463 704 606 734 cuncta
627 694 717 732 huic
739 693 964 744 expedirier.

156 777 247 813 roga
269 762 461 812 mimquid
483 763 572 811 opu'
594 761 652 799 sit.
714 762 786 798 Mi.
820 767 860 797 tu
883 759 948 808 qui
971 771 1108 796 sonam
1130 771 1209 795 non
1231 756 1362 803 habes,

157 828 252 878 quid
273 827 311 865 in
333 829 434 865 hanc
456 826 618 865 uenistis
639 825 776 864 urbem
797 827 863 862 mit
885 823 980 874 quid
1002 821 1214 873 quaeritis?

51 901 139 928 1010
159 894 239 931 HA.
273 894 496 943 muphursa.
548 893 622 929 AG.
655 890 751 941 quid
772 889 853 928 ait?
912 891 992 927 HA.
1026 886 1354 926 miuulechianna.
1407 886 1478 922 AG.
1504 898 1544 929 50

1231 951 1325 1001 quid
1347 950 1483 1003 uenit?

159 1026 231 1062 Mi.
264 1037 345 1062 non
364 1023 506 1062 audis?
537 1036 664 1060 mures
686 1021 892 1059 Africanos
913 1018 1113 1070 praedicat

158 1090 198 1127 in
218 1103 406 1140 pompam
426 1088 528 1126 ludis
550 1088 642 1125 dare
663 1100 704 1125 se
725 1087 826 1124 uelle
847 1084 1050 1124 aedilibus.

160 1156 241 1192 HA.
273 1151 803 1193 lechlachananilimniiehot.
864 1153 938 1188 AG.
971 1149 1067 1199 quid
1088 1161 1194 1186 nunc
1214 1146 1296 1185 ait?

161 1221 233 1257 M1.
265 1219 411 1269 ligulas,
435 1217 580 1256 canalis
600 1216 653 1255 ait
674 1230 715 1255 se
735 1215 940 1255 aduexisse
960 1222 998 1253 et
1018 1227 1139 1252 nuces
1156 1228 1163 1251 ε

52 1295 137 1331 1015
159 1297 266 1322 nunc
286 1291 369 1322 orat
389 1296 547 1334 operam
570 1289 611 1320 ut
632 1283 702 1320 des
724 1281 808 1329 sibi,
832 1288 874 1319 ut
895 1294 940 1319 ea
961 1286 1141 1317 ueneant.
1412 1287 1414 1289 ·
1507 1286 1546 1320 55

160 1351 234 1387 AG.
267 1357 458 1387 mercator
477 1349 596 1386 eredo
612 1354 680 1385 est.
725 1348 805 1384 HA.
829 1359 968 1384 assam.
1012 1346 1084 1382 M1.
1117 1342 1293 1381 ziruinam
1312 1340 1483 1391 quidem.

162 1416 242 1451 HA.
275 1414 629 1463 palumergadetha.
690 1413 765 1449 AG.
801 1410 981 1460 Milphio,
1006 1408 1101 1459 quid
1123 1421 1229 1446 nunc
1249 1406 1331 1444 ait?

163 1481 234 1516 M1.
267 1480 375 1529 palas
395 1479 630 1517 uendundas
651 1476 725 1515 sibi
745 1476 798 1514 ait
820 1484 858 1515 et
879 1488 1029 1524 mergas
1050 1475 1171 1520 datas,

161 1545 212 1583 ad
234 1544 391 1582 messim
413 1544 542 1590 credo,
564 1542 639 1580 nisi
659 1542 755 1592 quid
777 1543 818 1579 tii
839 1540 946 1579 aliud
967 1539 1082 1590 sapis,

55 1621 143 1646 1020
162 1618 203 1648 ut
223 1611 381 1647 hortum
401 1608 524 1647 fodiat
542 1616 660 1658 atque
681 1614 723 1645 ut
743 1608 982 1644 frumentum
1003 1611 1135 1643 metat.
1508 1599 1551 1632 60

161 1677 236 1713 AG.
269 1674 364 1725 quid
385 1674 485 1712 istuc
504 1674 555 1711 ad
576 1674 668 1711 me?
726 1674 798 1710 Mr.
831 1671 1035 1710 certiorem
1056 1677 1094 1708 te
1115 1682 1199 1707 esse
1220 1668 1313 1714 uolt,

162 1754 212 1780 ne
232 1740 328 1791 quid
348 1741 449 1778 clam
470 1738 601 1777 furtim
622 1752 663 1777 se
683 1737 881 1787 accepisse
901 1749 1073 1775 censeas.
1254 1743 1261 1747 '

210 1855 289 1876 1001
316 1845 455 1884 donnim
479 1843 537 1875 A:
569 1843 673 1874 nonni
701 1843 749 1881 (-e
774 1841 863 1877 PCD}
892 1841 971 1871 mihi
997 1839 1030 1869 P
1165 1837 1218 1867 hic
1243 1836 1301 1866 tibi
1326 1836 1438 1875 inquid
1464 1834 1497 1865 P

166 1899 249 1920 1002
273 1900 326 1919 me
344 1890 406 1919 har
421 1889 523 1918 bocca
541 1887 592 1918 P:
617 1886 822 1926 mcjpharbua
834 1885 866 1915 A
986 1893 1068 1922 1005
1093 1881 1184 1924 (ita)
1199 1886 1250 1911 est
1270 1880 1493 1917 Camerarius,

163 1932 270 1973 sedcfl
290 1934 404 1964 Amer.
421 1932 543 1970 journ.
564 1931 647 1962 Phil.
666 1929 717 1970 21,
738 1939 779 1969 35
890 1930 974 1960 1006
999 1927 1077 1958 audi
1095 1925 1128 1956 Ρ
1240 1923 1400 1963 τιιῐεεςυεί
1414 1924 1493 1962 yjun-

165 1977 397 2016 nycchoissam
412 1977 442 2006 A
460 1988 466 2008 :
493 1975 611 2006 ruseen
629 1985 716 2005 nueo
734 1975 832 2005 istam
849 1973 882 2004 P
1017 1971 1099 2002 1008
1124 1979 1239 2000 zonam
1260 1967 1338 1998 PCD
1358 1967 1494 2003 (usitata

153 2021 287 2060 forma)
424 2030 507 2050 1010
531 2020 597 2060 miu
617 2038 652 2043 —
664 2030 707 2059 132.
730 2018 834 2059 spatio
859 2027 925 2047 non
950 2016 1029 2046 satis
1047 2015 1186 2055 capiente
1201 2022 1285 2051 quae
1304 2011 1337 2041 in
1354 2010 1387 2040 Ρ
1400 2011 1493 2040 inter-

164 2063 279 2094 cedunt
294 2063 326 2093 A
431 2073 510 2094 1011
538 2062 921 2103 riri-is'jre53acrifi9231(n0)s
936 2061 969 2090 A
1076 2067 1158 2089 1012
1184 2057 1264 2086 darc
1276 2055 1329 2096 se]
1349 2056 1449 2085 dares
1465 2054 1498 2084 P

167 2117 250 2146 1013
291 2107 789 2148 lsschlacha(n)nani1imniichsso
820 2105 852 2134 A
872 2116 879 2135 :
929 2099 1432 2135 laechlachananimliminichot
1465 2096 1498 2126 P

167 2161 247 2190 1015
272 2151 334 2181 sibi
349 2161 415 2182 om.
436 2150 469 2180 A
569 2151 711 2180 ueniant
727 2149 761 2179 P
775 2150 866 2189 (corr.
890 2148 948 2189 C2)
1088 2146 1171 2177 1016
1196 2142 1493 2182 assammarbinam

162 2194 222 2225 A:
249 2195 348 2225 issam
375 2194 435 2225 Mi.
462 2194 612 2224 arbinam
630 2194 680 2232 P;
705 2205 736 2231 m
757 2193 821 2233 (vel
835 2193 874 2234 h)
893 2192 926 2222 in
942 2191 1065 2230 Asorl.
1088 2188 1280 2228 Milphionz's
1303 2195 1421 2216 nomen
1447 2185 1493 2214 in-

164 2237 323 2269 dicaverat
445 2247 526 2277 1017
553 2237 843 2277 palumirgadetha
860 2235 892 2265 A
911 2247 918 2266 :
943 2231 1245 2275 palumergadetha
1263 2230 1295 2260 P
1411 2228 1493 2258 1018

165 2281 226 2312 sibi
246 2282 291 2312 ait
313 2281 363 2322 et]
386 2281 484 2312 sibim
502 2286 549 2311 tet
568 2280 600 2310 P
615 2280 665 2323 (M
682 2290 721 2310 ex
736 2280 801 2320 AI)
962 2289 1054 2317 1019,
1077 2287 1159 2308 1020
1183 2274 1307 2305 inverso
1332 2272 1442 2304 ordine
1464 2270 1497 2300 Ρ

165 2334 251 2398 ¹1019
274 2325 367 2366 quid]
394 2325 528 2364 quidem
551 2324 585 2354 P
702 2333 784 2354 1020
809 2323 877 2353 sodi
901 2322 999 2363 P(iii
1017 2321 1051 2361 3)
1174 2324 1266 2357 petat
1284 2317 1316 2348 A
1412 2324 1494 2346 1022

180 2369 244 2399 urti
260 2368 293 2398 P
1175 2360 1181 2366 '
