1783 2707
110 137 224 174 III.i
624 137 669 172 T.
707 135 885 172 MACCI
918 135 1122 171 PLAVTI

215 260 233 280 u<
294 261 311 280 aa
373 260 389 280 κε
449 248 584 284 faenus
644 258 661 278 ³¹<
721 259 801 295 nqu
861 260 879 280 *
936 243 1104 296 <mod>o‚

215 314 289 350 m.
322 311 417 361 quin
439 325 510 349 uos
532 310 628 349 mihi
650 312 785 349 faenus
808 311 908 348 date.
968 309 1063 360 quid
1084 309 1148 348 hic
1170 309 1401 360 nugamini?
1561 315 1625 358 585

153 387 190 417 55
212 379 287 415 TR.
320 390 367 414 eu
390 375 529 422 hercle,
555 390 603 414 ne
625 374 786 413 tu—-abi
809 376 941 421 modo,
964 376 1141 412 ausculta
1163 374 1268 412 mihi.

214 444 288 479 DA.
322 441 398 478 iam
420 442 549 480 hercle
571 454 643 490 ego
665 441 785 478 illunc
806 440 1034 478 nominabo.
1094 441 1171 478 TR.
1202 442 1324 490 eugae
1346 443 1525 478 strenue}

212 508 349 546 beatus
371 521 464 545 uero
485 520 525 545 es
547 520 653 545 nunc
674 520 796 556 quom
819 507 974 544 clamas.
1037 506 1112 542 DA.
1146 518 1278 543 meum
1299 512 1402 554 peto.

213 575 357 611 multos
380 587 442 611 me
463 574 539 611 hoc
561 580 677 623 pacto
699 572 775 610 iam
798 571 881 610 dies
902 570 1150 609 frustramini.

215 640 402 676 molestus
423 638 455 676 si
476 652 562 677 sum
584 638 736 676 reddite
756 645 958 687 argentum
976 652 982 674 :
1013 635 1157 674 abiero.
1563 645 1630 681 590

153 711 193 743 60
214 703 488 753 responsiones
510 703 638 741 omnis
661 705 736 741 hoc
758 703 880 741 uerbo
902 701 1029 751 eripis,

214 771 289 806 ΤΗ.
323 776 467 807 sortem
489 768 634 819 accipe.
699 770 775 806 DA.
807 767 930 805 immo
952 768 1099 812 faenus,
1124 765 1163 805 id
1185 765 1355 816 primum
1376 766 1481 804 uolo.

214 836 289 871 TR.
322 831 417 880 quid
438 830 493 869 ais
516 840 568 879 tu,
593 832 772 871 omnium
794 832 1002 871 hominum
1023 833 1289 870 taeterrume?

216 901 357 940 uenisti
378 903 456 939 huc
478 908 515 938 te
536 900 809 938 extentatum?
838 912 928 947 agas
950 899 1057 947 quod
1079 897 1118 935 in
1141 906 1350 936 manumst.

217 980 297 1005 non
319 967 396 1012 dat,
420 979 500 1004 non
528 965 657 1003 debet.
721 965 796 1001 DA.
831 976 911 1000 non
936 962 1084 1000 debet?
1140 964 1216 1000 TR.
1250 960 1359 1014 ne[c]
1381 962 1442 1000 frit
1464 960 1544 1011 qui·
1566 968 1630 1005 595

1452 1028 1543 1065 dem

155 1102 195 1143 65
219 1098 314 1135 ferre
336 1096 428 1135 hinc
449 1104 572 1146 potes.
631 1109 682 1133 an
704 1094 846 1132 metuis
867 1107 917 1132 ne
938 1107 1018 1143 quo
1039 1093 1154 1131 abeat
1175 1094 1275 1130 foras

216 1162 312 1200 urbe
333 1164 549 1201 exsolatum
571 1159 738 1199 faenoris
761 1173 898 1197 caussa
918 1158 984 1205 tui,

215 1227 308 1277 quoi
330 1234 474 1266 sortem
495 1226 673 1276 accipere
694 1225 771 1263 iam
793 1222 992 1276 lice[bi]t?
1051 1225 1126 1261 DA.
1159 1222 1255 1272 quin
1276 1236 1355 1260 non
1376 1229 1468 1272 peto
1562 1260 1651 1296 599—

216 1300 359 1331 sortem
377 1307 383 1330 :
414 1292 505 1330 illuc
527 1291 706 1342 primum,
731 1291 878 1337 faenus,
903 1290 1157 1327 reddundum
1178 1295 1235 1326 est
1257 1287 1362 1325 mihi.
1562 1299 1631 1333 600

216 1360 292 1396 TR.
325 1359 511 1396 molestus
534 1370 582 1395 ne
604 1356 665 1394 sis.
725 1368 844 1394 nemo
865 1356 942 1401 dat,
967 1367 1038 1404 age
1059 1353 1277 1403 quidlubet.

155 1433 193 1465 70
216 1430 257 1461 tu
278 1424 393 1469 solus,
418 1423 547 1469 credo,
572 1423 729 1460 faenore
751 1428 955 1470 argentum
978 1421 1099 1458 datas.

217 1490 292 1526 DA.
326 1489 425 1526 cedo
447 1489 596 1535 faenus,
618 1487 739 1525 redde
761 1487 911 1533 faenus,
934 1486 1070 1522 faenus
1092 1483 1254 1522 reddite.

215 1551 370 1591 daturin
392 1551 483 1591 estis
505 1553 641 1591 faenus
663 1558 839 1589 actutum
862 1549 987 1588 mihi?

216 1618 330 1655 datur
350 1618 486 1655 faenus
507 1616 590 1653 mi?
646 1616 722 1652 TR.
756 1615 892 1651 faenus
915 1612 1002 1660 illic,
1026 1614 1161 1651 faenus
1182 1612 1268 1651 hic!
1563 1613 1630 1658 605

217 1681 340 1720 nescit
361 1681 522 1731 quidem
543 1679 618 1718 nisi
638 1681 775 1717 faenus
797 1679 1012 1718 fabularier.

159 1758 196 1792 75
217 1748 318 1785 ultro
339 1753 376 1784 te
394 1750 400 1784 1
430 1759 559 1796 neque
579 1758 652 1795 ego
673 1744 895 1783 taetriorem
917 1745 1074 1784 beluam

261 1850 323 1889 584
349 1861 415 1882 om.
434 1850 468 1881 Ρ
481 1852 626 1892 (propter
644 1853 869 1890 lzomoeotelff)
900 1852 964 1882 DA.
984 1856 1017 1882 at
1035 1851 1111 1882 uolo
1129 1851 1194 1891 (vel
1207 1862 1273 1883 non
1291 1851 1369 1892 e0);
1395 1851 1486 1890 prius
1504 1851 1546 1882 da

217 1894 348 1925 faenus.
395 1894 458 1926 TR.
485 1896 493 1925 i
511 1896 655 1934 inquam,
679 1896 687 1925 i
706 1897 803 1926 modo
820 1896 978 1936 supplevtt
993 1894 1210 1926 Studemund
1332 1876 1395 1934 588
1420 1900 1501 1934 puto
1517 1895 1550 1925 P

216 1947 278 1977 591
305 1947 336 1967 u.
361 1938 461 1977 eripit
484 1939 515 1969 P
537 1939 633 1977 (2757'0
658 1940 795 1969 uerbum
822 1939 936 1979 eripit)
1087 1949 1150 1978 593
1174 1939 1253 1978 quid
1280 1938 1350 1971 ais?
1378 1943 1438 1970 tun
1462 1938 1548 1968 Brz'x

213 1978 387 2010 hominem
420 1981 512 2020 (corr.
537 1979 606 2021 3²)
635 1979 781 2010 omnium
807 1980 839 2010 Ρ
989 1991 1053 2019 594
1083 1990 1218 2010 manum
1246 1985 1298 2010 est
1320 1980 1381 2010 A·
1374 1992 1381 2012 z
1417 1985 1549 2010 manust

217 2027 240 2059 (—
246 2033 265 2052 u
283 2026 350 2060 est)
370 2022 403 2052 Ρ
542 2033 605 2062 595
631 2034 693 2054 nec
711 2025 774 2054 erit
790 2023 830 2063 P,
850 2023 882 2053 A
900 2035 931 2055 n.
952 2024 997 2054 l.-
991 2048 996 2054 .
1024 2034 1103 2054 corr.
1120 2023 1202 2053 Ellis
1345 2025 1452 2063 596-8
1471 2030 1548 2064 pro-

207 2070 281 2106 pter
307 2068 463 2097 lacunam
492 2078 525 2096 m
551 2067 605 2097 ΡΑ
630 2068 681 2107 (ιῇ.
707 2079 756 2099 vv.
782 2068 906 2106 574-6)
933 2067 1050 2097 desunt
1074 2068 1106 2097 1'11
1133 2067 1165 2096 P
1186 2068 1272 2108 haec,
1304 2069 1397 2107 (596)
1427 2068 1550 2098 metuis

213 2121 267 2151 ne,
303 2111 397 2151 (597)
430 2115 521 2140 atum
554 2111 683 2149 saenor,
719 2112 812 2153 (598)
846 2111 1000 2151 accipere
1031 2111 1096 2140 iam
1128 2111 1149 2140 li
1324 2113 1389 2151 596
1424 2111 1488 2143 hoc
1518 2110 1553 2142 P

217 2155 282 2194 598
306 2160 411 2193 ortem
436 2155 469 2184 A
582 2155 659 2186 licet
684 2155 919 2186 Studemzmd:
956 2155 1011 2185 vix
1039 2155 1145 2186 licerit
1175 2156 1226 2194 (ut
1254 2155 1431 2186 ‘monero'
1460 2153 1554 2196 apud

217 2197 419 2237 Pacuvimn)
550 2208 624 2238 599⁷
645 2200 710 2229 600
726 2210 789 2230 om.
808 2198 841 2228 P
858 2200 1002 2239 (propter
1015 2199 1235 2229 ltomoeoarch.
1250 2198 1274 2237 ἲ)
1417 2200 1548 2237 601-46

218 2243 301 2272 inter
315 2243 377 2280 885
394 2245 422 2272 et
437 2242 517 2272 886³
534 2242 632 2272 delati
645 2243 677 2272 in
696 2242 734 2281 Ρ,
759 2242 895 2272 turbatis
911 2242 944 2271 in
961 2242 1022 2271 lmc
1034 2241 1154 2281 fabula
1175 2242 1332 2281 plurimis
1344 2242 1438 2282 foliis
1455 2243 1547 2279 (exci-

212 2286 312 2326 piunt
333 2296 365 2315 se
387 2296 436 2316 vv.
459 2287 621 2324 686-801‚
651 2287 790 2324 842-83‚
820 2286 957 2322 802—41,
985 2286 1060 2323 884,
1089 2285 1163 2323 885,
1189 2286 1328 2323 601—43,
1357 2286 1542 2324 88641065‚

217 2329 359 2367 644-85,
387 2331 470 2360 1066
493 2330 599 2369 sqq.);
625 2330 660 2368 cf
685 2329 817 2369 Seyffert
841 2328 942 2369 (Berl.
963 2328 1041 2358 Plzil
1071 2328 1179 2359 Woch.
1202 2339 1249 2367 12,
1271 2328 1345 2367 194)
1480 2331 1541 2359 601

218 2372 262 2403 sit
279 2372 310 2401 A
456 2374 520 2411 603
545 2373 721 2411 reddidete
738 2372 770 2401 A
914 2372 977 2410 604
1003 2372 1097 2401 estiis
1125 2371 1158 2401 Ρ
1270 2373 1348 2409 ,605
1373 2372 1449 2402 date
1463 2372 1544 2402 mihi

218 2416 317 2447 fenus
331 2416 382 2447 P:
406 2417 504 2447 datur
521 2427 560 2448 m.
577 2417 597 2446 s.
612 2417 653 2454 (Ἡ
668 2414 793 2446 Sclzoell
889 2416 952 2453 607
978 2414 1064 2445 ultro
1083 2419 1114 2445 te
1129 2414 1277 2454 Seyffirt:
1303 2419 1398 2445 uetro
1413 2416 1544 2454 (uetero

218 2458 278 2501 13²)
295 2465 328 2491 te
344 2460 395 2491 P:
420 2471 485 2500 uno
503 2483 510 2491 .
530 2484 537 2490 .
557 2460 590 2489 A
610 2471 616 2490 :
641 2469 747 2490 unose
765 2457 982 2490 Studemuud
1059 2457 1169 2488 belum
1193 2457 1226 2488 P
1242 2458 1334 2499 (corr.
1354 2458 1413 2499 ΒΞ)

978 2522 1001 2533 l
