1783 2707
187 133 255 171 IV.
279 133 326 171 iii
694 138 740 175 T.
775 138 955 177 MACCI
988 140 1192 178 PLAVTI

278 250 319 282 tu
359 251 497 291 temeto,
540 259 611 296 ego
651 246 890 286 mussitabo:
935 249 1011 286 hoc
1050 256 1258 298 optumum
1301 256 1419 300 atque
1456 250 1607 300 aequis-

1356 328 1513 352 sumum
1535 322 1602 353 est.

278 375 353 412 TR.
386 376 529 425 ecquid
550 376 795 416 condicionis
815 379 937 416 audes
958 379 1085 416 ferre?
1128 379 1204 416 GR.
1227 378 1305 416 iam
1326 380 1479 418 dudum
1500 381 1603 419 fero:
1627 392 1717 429 1030

278 446 321 477 ut
340 440 468 487 abeas,
490 443 694 480 rudentem
716 442 882 489 amittas,
906 442 1002 480 mihi
1024 444 1211 481 molestus
1232 457 1282 481 ne
1302 443 1387 482 sies.

198 520 259 543 100
278 505 353 542 TR.
379 518 492 544 mane
514 507 608 544 dum
630 509 752 546 refero
769 507 1058 546 condicionem.
1115 509 1190 546 GR.
1214 515 1262 554 te,
1282 522 1446 559 opsecro
1462 510 1602 557 hercle,

1342 576 1450 613 aufer
1469 577 1602 614 modo.

277 639 352 676 TR.
377 653 541 690 ecquem
559 640 596 677 111
615 638 696 677 heis
714 638 808 677 locis
829 637 1004 676 nouisti?
1043 639 1118 676 GR.
1143 646 1297 689 oportet
1313 639 1464 677 uicinos
1482 654 1602 679 meos.

277 705 352 741 ΤΗ.
385 705 452 742 ubi
482 713 522 743 tu
552 705 616 742 hic
646 703 828 741 habitas?
896 704 971 741 GR.
1004 716 1121 753 porro
1151 703 1228 742 illic
1258 706 1373 754 longe
1404 719 1529 755 usque
1562 705 1603 744 in

1260 769 1408 819 campis
1429 770 1600 809 ultumis.

274 836 349 872 ΤΗ.
383 835 449 873 uin
471 835 537 885 qui
559 835 596 873 in
620 837 693 873 hac
715 833 807 872 uilla
826 832 987 879 habitat,
1012 832 1109 871 eiius
1131 833 1318 872 arbitratu
1340 835 1451 873 fieri?
1627 846 1711 883 1035

275 901 350 938 GR.
384 901 593 951 paullisper
614 900 766 939 remitte
786 906 927 937 restem
950 899 1046 936 dum
1068 900 1248 937 concedo
1269 907 1307 937 et
1327 902 1502 939 consulo.

192 980 250 1012 105
274 967 349 1003 ΤΗ.
383 967 458 1004 fiat.
519 968 596 1005 GR.
628 967 771 1016 eugae!
805 965 913 1002 salua
942 976 1001 1001 res
1029 971 1097 1010 est,
1120 965 1265 1013 praeda
1292 966 1389 1003 haec
1416 974 1604 1016 perpetua

1413 1038 1470 1069 est
1491 1045 1579 1070 mea
1593 1047 1603 1080 ,-

271 1097 323 1135 ad
345 1110 475 1135 meum
498 1111 606 1136 erum
622 1096 809 1136 arbitrum
831 1102 948 1133 uocat
964 1108 1027 1132 me
1046 1093 1112 1132 hic
1132 1094 1233 1133 intra
1252 1095 1448 1146 praesepis
1470 1111 1575 1135 meas
1592 1113 1599 1137 :

271 1175 488 1211 numquam
511 1164 640 1201 hercle
661 1161 780 1200 hodie
800 1159 1044 1199 abiudicabit
1065 1160 1115 1198 ab
1136 1173 1207 1198 suo
1229 1160 1452 1200 triobolum.

271 1226 321 1265 ne'
360 1227 431 1265 iste
470 1228 547 1265 hau
592 1226 663 1265 scit
708 1239 827 1276 quam
875 1223 1153 1263 condicionem
1199 1225 1378 1263 tetulerit.
1439 1227 1504 1264 ibo
1548 1228 1599 1266 ad
1622 1240 1712 1274 1040

1398 1291 1597 1330 arbitrum.

271 1360 346 1396 TR.
384 1358 479 1408 quid
513 1358 656 1409 igitur?
731 1358 807 1396 GR.
840 1368 1081 1406 quamquam
1113 1354 1212 1393 istuc
1251 1369 1336 1394 esse
1370 1356 1428 1394 ius
1468 1370 1599 1395 meum

1378 1429 1483 1460 certo
1504 1422 1597 1470 scio,

185 1505 246 1529 110
268 1490 335 1528 fiat
369 1489 469 1528 istuc
500 1489 630 1540 potius
666 1502 784 1539 quam
819 1500 925 1525 nunc
960 1499 1133 1537 pugnem
1165 1492 1307 1524 tecum.
1381 1488 1456 1524 TR.
1493 1500 1598 1525 nunc

1452 1554 1597 1603 places.

267 1622 342 1660 GR.
375 1634 617 1672 quamquam
644 1621 694 1659 ad
719 1619 897 1670 ignotum
924 1617 1113 1657 arbitrum
1141 1631 1204 1656 me
1231 1617 1405 1667 appellis,
1429 1617 1460 1656 si
1490 1617 1598 1656 adhi-

1333 1682 1442 1721 bebit
1462 1683 1594 1731 fidem,

264 1750 336 1790 etsi
357 1750 540 1801 ignotust‚
563 1758 703 1789 notus:
734 1749 766 1788 si
786 1763 879 1796 non,
902 1756 1019 1787 notus
1040 1746 1348 1798 ignotissumust.

193 1911 262 1948 iv.
385 1910 666 1947 DAEMONE
809 1909 1019 1946 GRIPVS
1130 1908 1467 1944 TRACHALIO

550 1976 882 2011 PALAESTRA
993 1973 1322 2009 AMPELISCA

262 2074 338 2112 DA.
384 2073 494 2112 Serio
532 2074 685 2123 edepol,
722 2085 963 2122 quamquam
1002 2070 1117 2109 uobis
1154 2068 1283 2123 <uolo>
1320 2083 1421 2120 quae
1459 2070 1587 2118 uoltis,
1613 2086 1697 2123 1045

1395 2136 1587 2184 muliereS,

261 2212 396 2244 metuo
417 2212 575 2255 propter
595 2217 666 2243 uos
687 2218 736 2243 ne
757 2217 852 2242 uxor
873 2216 961 2241 mea
981 2216 1045 2241 me
1065 2203 1243 2241 extrudat
1263 2201 1440 2248 aedibus,

306 2310 388 2348 1038
412 2309 477 2340 huc
498 2308 602 2340 Bothe
701 2318 784 2348 1039
808 2307 908 2347 deficit
922 2305 956 2336 A
1059 2316 1140 2345 1042
1165 2306 1247 2337 istac
1265 2305 1401 2347 Seyffert
1506 2317 1586 2347 1044

259 2353 323 2384 etsi
337 2354 488 2392 ignotust
505 2352 696 2384 Acidalius:
722 2353 819 2383 etsist
836 2351 971 2391 ignotus
988 2349 1052 2382 cod.
1074 2351 1124 2389 (cf.
1145 2350 1191 2381 ad
1203 2349 1298 2381 Merc.
1317 2351 1397 2389 330)
1504 2361 1586 2391 1045

258 2397 356 2427 uobis
377 2395 500 2439 (uolo)
527 2396 707 2427 Gruterus:
732 2396 810 2427 uolo
835 2406 898 2434 ego
915 2404 977 2426 uos
1002 2393 1141 2425 Mueller
1162 2393 1293 2435 (Rham.
1315 2394 1405 2426 Mus.
1428 2403 1479 2435 54,
1505 2396 1584 2435 534)

261 2442 344 2480 1046
368 2451 454 2472 uxor
469 2451 512 2471 ne
528 2440 614 2472 Brt'x
701 2440 751 2471 vel
764 2440 841 2471 med

952 2528 975 2538 l
