1731 2713
695 117 1016 156 PSEVDOLVS
1448 118 1515 154 ΙΥ.
1538 116 1598 153 vii

185 232 264 268 BA.
297 231 503 280 responde,
526 242 690 280 opsecro
712 230 851 274 hercle,
877 229 952 266 hoc
975 242 1069 266 uero
1091 228 1191 266 serio
1212 229 1320 277 quod
1343 235 1380 265 te
1402 241 1494 276 rogo
1512 243 1519 265 :

193 296 287 345 quid
311 297 463 333 meres?
493 294 684 345 quantillo
704 292 852 343 argenti
874 301 912 331 te
932 293 1122 331 conduxit
1146 294 1394 330 Pseudolus?
1539 309 1580 339 90

196 363 274 398 HA.
307 361 393 410 quis
432 360 517 397 istic
555 360 817 397 I'seudolust?
876 360 945 395 ΒΛ.
980 365 1209 407 praeceptor
1248 359 1337 403 tuo’‚
1377 358 1440 406 (lui
1482 365 1519 395 te

1205 424 1306 459 hanc.
1329 423 1517 460 fallaciam

193 490 338 537 docuit,
361 498 403 528 ut
424 489 584 527 fallaciis
606 489 697 526 hinc
720 488 922 526 mulierem
944 502 966 525 a
988 502 1050 526 me
1071 488 1300 525 abduceres.

86 562 170 598 1195
195 557 273 592 HA.
306 568 423 604 quem
446 562 486 592 tu
509 554 761 599 Pseudolum,
785 566 881 602 quas
903 561 944 589 tu
966 552 1061 589 mihi
1084 551 1285 602 praedicas
1308 552 1506 589 fallacias?

192 630 310 668 quem
343 629 416 667 ego
449 618 650 655 hominem
692 612 865 668 nulli[u']
899 614 1039 653 coloris
1073 613 1181 652 noui.
1252 614 1323 650 BA.
1356 626 1434 650 non
1475 621 1514 650 tu

1266 676 1379 715 istinc
1401 677 1515 715 abis?

191 748 286 786 nihil
307 756 364 787 est
385 747 504 786 hodie
525 747 588 785 hic
609 746 865 796 sucophantis
887 753 1072 795 quaestus
1090 760 1096 783 z
1127 744 1239 795 proin
1257 752 1297 782 tu
1321 745 1518 781 Pseudolo
1537 757 1578 788 95

192 814 347 852 nunties
367 812 577 852 abduxisse
597 812 717 849 alium
739 812 936 861 praedam,
961 810 1028 860 qui
1050 810 1216 849 occurrit
1238 809 1340 859 prior

195 881 365 928 Harpax.
427 879 506 916 HA.
544 877 574 915 is
609 876 771 927 quidem
806 877 949 926 edepol
986 877 1147 925 Harpax
1183 888 1255 924 ego
1289 887 1386 911 sum.
1448 875 1517 911 BA.

1038 940 1160 978 immo
1181 940 1322 989 edepol
1344 952 1428 976 esse
1449 938 1517 976 uis.

25 1039 29 1042 .
86 1021 175 1046 1200
194 1022 312 1060 purus
346 1017 463 1059 putus
497 1008 561 1046 hic
595 1008 888 1057 sucophantast.
979 1007 1058 1043 HA.
1101 1018 1173 1055 ego
1213 1003 1282 1041 tibi
1317 1011 1518 1055 argentum

1427 1067 1519 1106 dedi

189 1147 227 1178 et
248 1140 399 1178 dudum
420 1138 637 1177 adueniens
657 1138 856 1186 extemplo
878 1136 1104 1187 sumbolum
1127 1148 1240 1174 seruo
1261 1141 1339 1180 tuo,

189 1204 242 1243 eri
263 1203 432 1254 imagine
452 1203 697 1253 opsignatam
718 1202 938 1252 epistulam,
963 1201 1026 1239 hic
1046 1208 1137 1239 ante
1158 1200 1315 1238 ostium.
1540 1212 1602 1233 100

191 1270 261 1307 ΒΑ.
303 1281 392 1306 meo
426 1276 466 1306 tu
497 1267 705 1318 epistulam
734 1266 879 1306 dedisti
913 1268 1057 1305 seruo?
1113 1265 1206 1315 quoi
1233 1267 1376 1303 seruo?
1435 1265 1515 1301 HA.

1407 1331 1516 1368 Suro.

191 1401 261 1438 ΒΑ.
293 1413 374 1438 non
394 1398 558 1438 confidit
575 1400 819 1449 sycophanta
840 1398 905 1436 hic
928 1396 1117 1450 [nequam
1135 1394 1210 1449 est]
1232 1395 1344 1446 nugis
1362 1411 1368 1433 :
1399 1393 1519 1433 medi-

1245 1470 1345 1500 tatus
1368 1462 1516 1498 malest.

82 1540 167 1576 1205
189 1532 332 1580 edepol
352 1530 554 1569 hominem
577 1531 837 1569 uerberonem
863 1530 1117 1576 Pseudolum,
1140 1536 1183 1566 ut
1204 1529 1320 1566 docte
1341 1528 1477 1565 dolum

188 1599 477 1634 commentust!
509 1597 742 1634 tantundem
766 1594 914 1645 argenti
937 1602 1128 1644 quantum
1150 1592 1260 1630 miles
1282 1590 1420 1630 debuit

188 1659 297 1699 dedit
313 1661 404 1699 huic
420 1668 538 1710 atque
551 1660 754 1699 hominem
773 1659 977 1698 exornauit
991 1658 1193 1697 mulierem
1209 1657 1275 1707 qui
1291 1657 1517 1695 abduceret.
1540 1670 1598 1701 105

188 1739 278 1764 nam
299 1725 405 1764 illam
426 1725 634 1776 epistulam
651 1725 758 1776 ipsus
782 1738 897 1763 uerus
922 1726 1085 1774 Harpax
1106 1725 1183 1761 huc
1204 1724 1254 1761 ad
1278 1735 1339 1759 me
1359 1721 1497 1759 attulit.

66 1797 165 1831 1209,
190 1792 270 1829 HA.
303 1792 466 1841 Harpax
485 1805 558 1841 ego
579 1804 710 1838 uocor,
736 1804 808 1841 ego
831 1803 965 1829 seruos
988 1803 1075 1827 sum
1099 1787 1313 1826 Macedoni
1335 1786 1491 1834 militis;

81 1844 170 1870 ¹²¹⁰
188 1869 261 1906 ego
276 1869 350 1894 nec
370 1856 672 1907 sycophantiose
693 1855 906 1906 quicquam
928 1868 1002 1905 ago
1024 1867 1097 1893 nec
1119 1854 1294 1891 malefice

234 1971 314 2001 1191
341 1972 424 1992 uero
443 1965 518 2002 post
541 1961 653 1992 hercle
678 1961 711 1991 A
738 1964 775 1991 ut
798 1960 861 1991 vid.
892 1960 926 1999 (i.
942 1970 965 1991 e.
990 1970 1072 1990 uero
1090 1957 1181 1990 serio
1199 1957 1298 1988 hoen
1435 1966 1517 1995 1192

189 2005 320 2045 argenti
339 2006 431 2045 (corr.
452 2006 515 2040 —tol
534 2010 567 2035 te
589 2005 622 2035 Ρ
636 2009 672 2035 ut
687 2003 749 2035 vid.
769 2003 917 2044 (argenti
935 2007 991 2034 ote
1009 2003 1050 2042 B,
1072 2002 1201 2041 argenti
1218 2007 1251 2032 te
1268 1999 1369 2041 PCD)‚
1389 1999 1422 2030 A
1443 2011 1473 2030 n.
1494 2000 1514 2030 l.

193 2059 274 2089 1193
298 2049 371 2088 quis
389 2049 410 2079 i.
426 2048 570 2079 Ritsclzl:
595 2048 714 2088 quistic
732 2051 768 2078 ut
783 2047 849 2078 vid.
867 2047 920 2077 P:
945 2046 1025 2086 quid
1044 2047 1066 2077 i.
1085 2047 1117 2076 A
1213 2055 1293 2084 1194
1318 2054 1336 2074 a
1350 2054 1414 2074 om.
1431 2042 1515 2082 Pel),

188 2093 220 2122 A
235 2103 265 2123 n.
283 2092 301 2124 l.
385 2102 464 2131 1197
489 2092 542 2122 hic
559 2102 624 2122 om.
637 2091 669 2122 A
740 2091 902 2130 pseudole
915 2089 949 2120 Ρ
1026 2090 1109 2129 1198
1133 2089 1315 2120 adduxisse
1329 2087 1362 2117 P
1438 2096 1520 2125 1199

188 2136 308 2176 edepol
325 2140 354 2166 et
368 2146 432 2174 ego
447 2146 511 2166 om.
533 2136 565 2166 A
703 2144 787 2165 1202
811 2133 921 2176 (mei)
939 2133 987 2164 eri
1005 2133 1131 2164 Ritschl
1146 2133 1195 2173 (A
1214 2143 1245 2162 n.
1265 2132 1301 2172 l.)
1438 2140 1519 2169 1203

189 2186 222 2210 tu
240 2190 292 2218 ep.
311 2178 386 2209 Ital.
407 2191 412 2208 :
439 2184 496 2209 tua
510 2189 564 2218 ep.
576 2177 610 2208 P
621 2177 670 2218 (A
691 2188 722 2208 n.
737 2178 772 2218 l.)
796 2178 872 2218 (pro
886 2182 921 2207 tu
935 2187 1022 2217 aep.‚
1037 2178 1055 2207 i.
1073 2188 1095 2208 e.
1110 2181 1145 2207 tu
1162 2187 1215 2215 ep.
1228 2179 1255 2215 ἓ)
1334 2175 1473 2205 dedistis
1489 2174 1523 2204 Ρ

192 2234 273 2262 1204
289 2240 331 2245 ——
349 2222 447 2261 nugis
470 2222 664 2252 meditatum
685 2221 803 2260 malest
829 2222 918 2250 (ante
941 2231 961 2250 n
987 2221 1101 2251 minus
1125 2230 1228 2260 quam
1249 2220 1282 2249 in
1305 2219 1337 2249 Ρ
1353 2218 1467 2257 exiisti)
1484 2217 1517 2247 A

189 2267 372 2297 meditatur
388 2266 474 2296 male
491 2265 524 2295 Ρ
619 2269 626 2282 ‘
639 2265 740 2295 altera
757 2264 843 2294 lectio
861 2265 912 2303 (cf.
932 2264 978 2301 Ρ)
995 2264 1072 2294 haec
1091 2267 1137 2293 est
1151 2275 1157 2294 :
1183 2273 1248 2293 non
1266 2262 1403 2293 confidit
1419 2271 1518 2301 syco-

190 2310 317 2350 phanta
335 2309 397 2348 hic,
419 2313 609 2348 nequamst,
629 2308 824 2338 meditatust
841 2307 946 2337 male’
963 2305 1030 2337 Leo
1174 2314 1298 2344 1205—7
1316 2306 1353 2345 cf.
1373 2304 1420 2335 ad
1436 2305 1515 2335 1161

193 2363 273 2392 1207
299 2353 480 2384 abduceret
507 2352 557 2383 vel
581 2356 772 2382 arcesseret
792 2350 826 2381 P
936 2360 1030 2390 1209,
1053 2359 1138 2381 1210
1163 2349 1363 2380 Macedonis
1382 2348 1433 2380 vel
1455 2347 1517 2378 -nii

189 2396 222 2426 A
240 2408 246 2427 :
273 2397 340 2427 -nis
356 2396 453 2436 R(cf.
474 2395 590 2426 Pln'lol.
611 2405 662 2435 51,
683 2395 762 2434 369)
