1731 2713
741 76 977 113 s'slsijs
1457 76 1507 112 Π.
1532 76 1544 111 i

103 201 172 237 510
190 188 306 227 nimis
337 190 434 227 haec
464 201 522 227 res
553 188 636 226 sine
665 200 757 242 eura}
785 187 938 237 geritur.
999 186 1090 225 uide
1120 199 1238 236 quam
1268 187 1419 225 dudum
1452 185 1513 223 hic

101 721 166 759 315

1226 259 1311 289 asto
1332 258 1369 289 et
1391 252 1509 300 pulto.

188 332 357 358 somnon
387 332 546 370 operam
577 318 708 358 datis?
746 317 919 367 experiar
949 317 1049 355 fores
1078 329 1126 354 an
1161 315 1282 354 cubiti
1313 329 1361 354 an
1392 317 1512 366 pedes

1236 382 1323 431 plus
1344 381 1510 419 ualeant.

188 449 293 488 nimi'
315 450 457 490 uellem
479 451 552 489 hae
573 450 673 489 fores
690 461 798 488 erum
820 447 1019 499 fugissent,
1038 460 1083 486 ea
1104 459 1242 486 caussa
1261 454 1303 485 ut
1324 445 1513 485 haberent
1534 461 1577 493 40

1266 513 1514 558 †manum†,·

455 581 631 620 defessus
653 592 739 618 sum
760 579 964 630 pultando.

457 647 533 685 hoc
554 652 844 696 postremumst.
905 657 977 682 uae
999 643 1113 682 uobis
1131 647 1137 681 1

456 712 530 750 GE.
564 710 630 749 ibo
650 717 769 760 atque
790 711 896 748 hunc
917 708 1177 760 compellabo.

456 777 586 814 saluos
607 775 668 814 sis.
730 777 787 813 Px.
820 782 858 813 et
879 782 919 813 tu
941 775 1059 813 salue.

458 843 531 880 GE.
563 841 639 880 iam
662 849 703 879 tu
724 840 894 891 piscator
914 841 1079 879 factu’s?
1296 878 1300 881 ,
1530 852 1573 885 45

459 908 516 945 P1.
549 919 667 956 quam
689 905 841 956 pridem
863 918 943 944 non
965 904 1109 944 edisti?

20 978 170 1033 ⁷319-2’.0
190 973 264 1009 GE.
298 972 403 1010 unde
424 970 485 1009 is?
514 970 610 1021 quid
631 971 736 1008 fers?
765 969 861 1020 quid
882 969 1071 1008 festinas?
1120 971 1178 1008 P1.
1199 978 1278 1021 ¹tua
1293 970 1401 1021 quod
1418 969 1515 1008 nihil

53 1376 165 1413 324-5

79 1627 167 1671 326a

1171 1035 1296 1081 refert,
1319 1047 1369 1074 ne
1389 1047 1511 1074 cures.

187 1103 261 1140 GE.
294 1100 390 1152 quid
429 1101 516 1140 istic
555 1101 684 1140 inest?
741 1102 799 1138 P1.
832 1113 929 1150 quas
969 1107 1011 1139 tu
1050 1098 1145 1139 edes
1184 1099 1376 1139 colubras.
1438 1101 1510 1139 GE.

745 1165 841 1217 quid
863 1173 943 1204 tam
963 1165 1216 1205 iracundu's?
1272 1167 1331 1203 ΡΙ.
1363 1165 1394 1204 si
1416 1163 1456 1204 in
1477 1172 1515 1205 te

454 1233 582 1283 pudor
601 1232 714 1280 adsit,
737 1245 818 1271 non
840 1245 904 1271 me
922 1233 1107 1283 appelles.

456 1301 530 1338 GE.
562 1312 724 1349 possum
745 1297 843 1337 seire
863 1311 910 1337 ex
931 1304 969 1336 te
990 1299 1160 1336 uerum?
1533 1312 1575 1343 50

457 1365 515 1402 P1.
547 1371 682 1414 potes:
713 1362 832 1402 hodie
853 1376 934 1402 non
955 1362 1126 1402 cenabis.

268 1477 593 1514 PANEGYRIS
704 1477 1032 1514 GELAslmvs
1143 1476 1430 1513 P1NAC1VM
1532 1473 1561 1510 ii

294 1559 394 1595 ΡΑΝ.
427 1555 633 1606 Quisnam,
656 1569 832 1608 opsecro,
855 1556 926 1594 hals
946 1555 1086 1606 frangit
1107 1556 1238 1594 fores?
1267 1553 1402 1593 ubist?

293 1631 363 1662 tun
384 1623 481 1662 haec
501 1622 616 1662 faci’?
645 1630 715 1661 tun
736 1621 833 1660 mihi
854 1622 932 1660 huc
952 1620 1067 1660 hosti²
1087 1619 1229 1659 uenis?

186 1691 260 1728 GE,
292 1689 410 1736 salue,
434 1697 502 1728 tuo
528 1688 715 1728 arcessitu
745 1686 864 1727 uenio
893 1688 981 1726 huc.
1044 1688 1144 1725 PAN.
1177 1699 1249 1725 ean
1270 1685 1392 1736 gratia
1412 1686 1513 1725 fores

1231 1744 1240 1748 ’
1303 1749 1514 1801 ecfringis?

185 1821 260 1859 GE.
297 1827 385 1859 tuos
424 1819 604 1867 inclama,
647 1818 704 1858 tui
741 1818 1002 1869 delinquont:
1046 1830 1119 1868 ego
1158 1816 1254 1867 quid
1294 1829 1357 1854 me
1391 1817 1512 1855 uelles

1308 1881 1511 1929 uisebam;

184 1963 276 1990 nam
298 1964 361 1991 me
381 1950 543 2002 quidem
564 1950 703 1990 hairum
725 1949 945 1990 miserebat.
1006 1950 1066 1987 P1.
1097 1960 1187 1999 ergo
1214 1945 1400 1986 auxilium
1427 1959 1513 1996 pro·
1532 1962 1550 1994 5

1226 2024 1318 2062 pere
1337 2012 1508 2049 latumst.

228 2131 292 2161 310
315 2126 349 2153 et
366 2121 460 2162 pulto
483 2120 632 2154 Parcus:
664 2131 701 2152 es
721 2121 814 2161 pulto
837 2119 891 2151 P:
924 2124 958 2151 et
982 2117 1117 2159 repulto
1141 2117 1174 2148 A
1290 2126 1350 2156 311
1377 2126 1421 2147 an
1437 2115 1510 2158 alt.]

184 2176 223 2197 ac
240 2165 376 2198 Leman
486 2175 550 2206 312
574 2163 725 2204 manum]
743 2163 866 2196 malum
883 2173 1044 2203 magnum
1060 2161 1241 2193 Hermann
1367 2169 1430 2200 314
1447 2169 1510 2191 uae

184 2220 250 2241 om.
270 2210 304 2241 P
432 2218 496 2250 315
519 2208 685 2249 compello
701 2209 734 2240 Ρ
870 2209 935 2248 318
958 2206 1079 2238 dedisti
1095 2205 1129 2237 P
1257 2213 1317 2245 321
1345 2203 1442 2235 istinc
1458 2208 1511 2234 est

183 2253 218 2284 Ρ
303 2254 350 2285 tui
367 2254 426 2284 des
447 2252 481 2284 P
565 2252 598 2284 in
623 2262 689 2284 om.
719 2251 752 2282 A
885 2261 960 2292 324,
991 2259 1056 2290 325
1080 2253 1193 2290 potest
1211 2247 1245 2280 P
1371 2248 1454 2286 326²
1475 2251 1511 2278 tu
1569 2281 1571 2283 ,

184 2297 264 2329 mihi
280 2298 312 2329 A
447 2306 510 2337 327
534 2296 599 2327 huc
611 2306 676 2328 om.
694 2295 728 2326 A
862 2305 928 2335 329
951 2294 1001 2325 vel
1012 2292 1215 2334 septenarius
1290 2301 1342 2322 me
1353 2290 1508 2332 quidem]

184 2340 340 2381 equidem
356 2340 389 2372 P
399 2352 406 2372 ε
431 2340 509 2371 med
526 2339 681 2380 equidem
698 2337 835 2370 Ribbeck
923 2337 1126 2368 miserabant
1143 2336 1176 2367 A
