1783 2707
191 164 243 199 ΙΙ.
264 162 309 198 iii
687 162 732 199 T.
766 162 944 201 MACCI
975 160 1178 198 PLAVTI

264 273 433 323 petimus
455 273 579 319 nobis,
604 272 714 323 quasi
735 272 830 322 quid
850 272 889 310 in
910 286 991 310 rem
1013 271 1060 310 sit
1080 271 1276 322 possimus
1296 284 1471 310 noscere.

264 346 368 376 certa
390 338 579 375 mittimus
601 339 695 375 dum
718 337 864 375 incerta
884 336 1077 386 petimus;
1106 344 1224 386 atque
1245 337 1321 374 hoc
1342 335 1474 375 euenit
1612 336 1677 381 685

204 416 244 437 20
264 403 302 440 in
324 403 457 441 labore
478 410 595 451 atque
617 402 655 439 in
678 403 824 448 dolore,
848 410 890 439 ut
911 415 1015 439 mors
1036 402 1200 450 obrepat
1221 401 1386 438 interim.

263 469 332 506 sed
354 468 430 505 iam
448 468 539 505 satis
556 475 613 505 est
630 467 963 517 philosophatum.
1005 466 1111 504 nimi'
1126 466 1193 504 diu
1210 474 1247 504 et
1263 467 1424 516 longum
1436 467 1590 516 loquor.

263 533 303 571 di
325 533 574 571 inmortales!
608 532 831 570 aurichalco
853 540 989 571 contra
1009 546 1090 570 non
1111 545 1242 570 carum
1264 531 1335 569 fuit

265 612 396 636 meum
418 597 684 645 mendacium,
705 597 769 636 hic
790 599 911 636 modo
933 599 1041 647 quod
1063 597 1193 635 subito
1214 603 1462 634 commentus
1482 596 1548 643 fui,

264 677 355 713 qma
376 662 528 701 lenonis
550 676 613 700 me
634 676 718 700 esse
740 662 829 700 dixi.
886 676 992 700 nunc
1014 675 1087 712 ego
1108 663 1180 700 hac
1202 661 1367 711 epistula
1611 663 1682 710 69ο

207 739 245 770 25
265 728 330 766 tris
362 730 560 775 deludam,
584 742 693 766 erum
724 735 760 766 et
791 729 974 766 lenonem
1006 735 1043 765 et
1073 726 1140 777 qui
1169 728 1271 765 hanc
1295 726 1405 766 dedit
1432 725 1485 765 nii
1515 726 1593 776 epi-

1437 793 1590 831 stulam.

265 872 386 908 cugae
404 861 408 896 Ξ
440 872 508 908 par
529 858 610 907 pari
630 858 737 896 aliud
758 866 889 896 autem
912 859 1021 908 quod
1041 857 1249 907 cupiebam
1271 857 1457 907 contigit:

265 923 372 961 uenit
394 938 531 961 eccum
554 924 772 970 Calidorus,
796 923 906 961 ducit
926 922 1181 972 nescioquem
1203 936 1336 961 secum
1358 922 1483 960 simul.

199 1032 244 1067 iV
340 1035 668 1074 CAL1DORvs
781 1035 1079 1073 CHARINVS
1190 1034 1516 1071 PSEVDOLVS

264 1116 378 1154 CAH.
414 1115 556 1153 Dulcia
576 1123 694 1165 atque
715 1129 847 1153 amara
867 1116 973 1165 apud
995 1123 1033 1153 te
1053 1128 1140 1153 sum
1161 1116 1338 1153 elocutus
1359 1114 1518 1154 omnia:

263 1181 337 1219 scis
358 1195 547 1227 amorem,
569 1181 643 1219 scis
664 1181 850 1227 laborem,
875 1180 949 1218 scis
971 1188 1184 1230 egestatem
1206 1194 1345 1218 meam.
1613 1185 1679 1230 695

264 1248 341 1285 CH.
373 1246 628 1285 commemini
650 1246 806 1284 omnia:
837 1246 877 1284 id
898 1254 940 1284 tu
956 1247 1089 1292 modo,
1107 1260 1169 1284 me
1186 1245 1282 1295 quid
1303 1246 1362 1284 uis
1377 1247 1515 1293 facere,
1533 1247 1593 1284 fac

1458 1311 1590 1349 sciam.

263 1376 378 1415 CALI.
411 1389 532 1425 quom
554 1377 651 1414 haec
672 1375 743 1414 tibi
763 1375 838 1413 alia
859 1389 945 1413 sum
967 1377 1158 1422 elocutus,
1179 1374 1268 1416 †uis
1296 1375 1412 1414 scires
1434 1375 1465 1413 si
1486 1375 1590 1416 scis†
1610 1377 1699 1422 696ει

1330 1441 1379 1478 de
1400 1441 1590 1489 symbolo.

225 1515 241 1545 5
263 1507 340 1545 CH.
373 1506 517 1553 omnia,
549 1505 722 1556 inquam.
782 1513 823 1544 tu
854 1507 976 1544 modo
1006 1505 1102 1556 quid
1132 1519 1196 1543 me
1224 1507 1350 1543 facere
1378 1505 1436 1543 uis
1463 1507 1523 1543 fac
1550 1513 1592 1544 ut
1611 1505 1698 1552 696b

1459 1584 1589 1609 sciam.

263 1637 378 1675 CALI.
411 1638 631 1675 Pseudolus
671 1636 725 1675 mi
764 1637 818 1675 ita
856 1636 1075 1687 imperauit,
1107 1644 1149 1674 ut
1183 1635 1355 1686 aliquem
1390 1635 1592 1675 hominem

1379 1709 1592 1749 strenuom,

263 1766 567 1806 beneuolentem
607 1769 846 1806 adducerem
886 1769 937 1806 ad
980 1782 1031 1806 56.
1111 1769 1190 1808 CH.
1221 1780 1351 1805 seruas
1386 1766 1593 1817 imperium

1446 1832 1593 1882 probe;

262 1895 352 1933 nzim
375 1904 411 1934 et
432 1897 603 1936 amicum
625 1906 662 1937 et
684 1899 989 1937 beneuolentem
1011 1898 1133 1937 ducis.
1175 1899 1245 1936 sed
1265 1897 1351 1936 istic
1373 1899 1591 1936 Pseudolus

262 1963 380 1999 nouo'
394 1962 536 2000 mihist.
598 1965 713 2003 CALI.
745 1964 911 2002 nimium
933 1972 990 2003 est
1012 1963 1185 2002 mortalis
1205 1963 1423 2014 graphicus,
1448 1964 1592 2013 εὑρετής
1610 1973 1678 2007 700

1444 2028 1587 2067 mihist.

303 2131 366 2168 685
392 2131 455 2161 hoc
474 2132 566 2162 uenit
584 2132 616 2162 P
631 2133 663 2167 (i.
682 2144 696 2163 e
725 2133 788 2163 hoc
801 2138 861 2173 pro
878 2134 983 2171 hoce3
1010 2133 1028 2165 i.
1051 2133 1084 2172 7)
1226 2134 1290 2163 686
1314 2137 1409 2172 repat
1424 2136 1461 2162 ut
1472 2132 1533 2164 vid.
1553 2132 1586 2162 A

260 2174 321 2212 691
348 2175 459 2205 ludam
477 2176 613 2215 A,s0rt.
632 2180 707 2206 recte
728 2178 778 2215 (cf
798 2176 844 2206 ad
858 2177 984 2217 Amplz.
1004 2188 1073 2217 arg.
1096 2177 1115 2206 i.
1136 2176 1168 2216 75
1339 2173 1444 2214 696²*b
1467 2187 1532 2207 om.
1554 2176 1587 2206 A

262 2218 628 2258 (propterlzomoeotelff)
643 2231 648 2254 ;
665 2219 726 2250 secl
752 2220 879 2250 Ritsclzl
967 2221 1024 2250 uix
1042 2231 1110 2250 rem
1125 2221 1192 2250 scis
1206 2219 1270 2250 Leo
1288 2221 1384 2259 z-fort.
1399 2220 1484 2250 scire
1498 2220 1587 2251 scis?

262 2261 514 2301 (iszterrogativei
650 2265 715 2302 699
739 2264 838 2294 istinc
854 2264 888 2294 P
1029 2274 1092 2302 700
1118 2274 1225 2294 nouus
1243 2264 1272 2294 si
1291 2263 1369 2293 mihi
1389 2268 1440 2294 est
1456 2263 1489 2292 P
1505 2263 1587 2302 (pro

261 2310 383 2335 nouust
410 2305 489 2335 mihi
518 2310 568 2336 est
591 2317 597 2341 ς
622 2308 659 2346 cf.
689 2306 735 2336 ατί
760 2308 837 2345 717δ
951 2307 1148 2346 graphicusl
1180 2307 1284 2337 scitus
1309 2307 1342 2336 A
1456 2306 1586 2345 εὑρήτης

260 2347 398 2419 Plalmer
413 2347 603 2389 [Hermatlz.
621 2361 652 2389 9,
671 2351 737 2389 71),
760 2361 840 2381 uam
865 2349 999 2380 iambus
1018 2362 1105 2390 -ετης
1128 2345 1203 2380 dnte
1223 2350 1375 2381 iambum
1393 2350 1506 2380 mihist
1523 2349 1586 2380 dis-

253 2395 278 2430 p
293 2391 348 2421 icet
