1783 2707
191 590 232 613 10

192 915 229 947 15

191 1242 234 1264 20

221 144 262 178 .i
669 147 714 183 T.
750 146 929 185 MACCI
962 146 1165 184 PLAVTI

355 254 489 304 quibu’
510 268 580 305 pro
603 254 818 294 benefactis
839 256 963 294 fateor
983 255 1118 295 deberi
1139 255 1209 294 tibi

355 326 392 357 et
413 319 632 359 libertatem
653 328 691 359 et
713 322 854 359 multas
875 328 1000 371 gratas
1021 320 1171 371 gratias.

357 386 429 423 M1.
462 384 651 432 scitumst,
676 399 744 436 per
764 393 920 436 tempus
942 385 973 424 si
994 385 1202 434 obuiamst‚
1227 387 1392 425 uerbum
1414 395 1538 427 uetus.

357 462 448 487 nam
469 456 558 489 tuae
580 449 795 489 blanditiae
816 450 912 488 mihi
933 457 1035 498 sunt,
1059 452 1167 500 quod
1188 450 1265 489 dici
1288 452 1398 498 solet,

357 527 489 564 gerrae
509 527 728 565 germanae,
752 518 789 555 αἱ
813 516 851 554 δὲ
873 518 1051 566 κολλῦραι
1071 518 1189 566 λύραι.

358 592 464 618 nunc
484 579 580 618 mihi
602 580 851 620 blandidicus
873 594 914 620 es
934 598 940 620 :
971 580 1053 620 heri
1074 581 1114 619 in
1135 588 1242 631 tergo
1264 595 1353 620 meo

357 643 423 683 tris
444 643 556 684 facile
577 645 703 684 corios
724 645 943 684 contriuisti
964 646 1145 684 bubulos.

357 711 430 748 AG.
462 722 598 748 amans
620 724 688 761 per
707 724 882 749 amorem
904 710 936 748 si
957 710 1054 761 quid
1074 709 1211 763 feci[t],
1237 711 1417 761 Milphio,

358 774 559 824 ignoscere
575 774 614 814 id
636 783 674 814 te
696 775 748 813 mi
769 789 939 826 aequom
962 783 1029 814 est.
1091 777 1163 813 M1.
1196 776 1274 813 hau
1295 775 1376 814 uidi
1399 775 1530 826 magis.

359 847 396 877 et
417 853 522 878 nunc
543 853 616 890 ego
635 854 769 879 amore
791 854 919 890 pereo.
979 839 1063 880 sine
1084 848 1121 879 te
1142 840 1358 887 uerberem,

359 905 451 944 item
473 913 515 944 ut
536 913 577 944 tu
599 905 694 944 mihi
716 905 851 952 fecisti,
876 906 928 944 ob
949 907 1097 944 nullam
1119 905 1275 943 noxiam
1295 921 1301 943 :

358 969 489 1021 postid
509 972 685 1009 locorum
708 978 749 1010 tu
771 970 867 1009 mihi
888 971 1035 1010 amanti
1057 970 1261 1021 ignoscito.

357 1037 432 1074 Ac.
465 1034 495 1074 si
517 1035 587 1074 tibi
609 1035 746 1075 lubido
767 1043 825 1075 est
845 1044 912 1075 aut
933 1035 1141 1086 uoluptati,
1162 1035 1248 1074 sino
1267 1052 1273 1074 :

358 1101 566 1151 suspende,
590 1100 706 1148 uinci,
730 1101 916 1149 uerbera,
946 1108 1082 1140 auctor
1103 1114 1200 1148 sum,
1224 1100 1320 1139 sino.

361 1168 433 1205 M1.
466 1166 497 1204 si
517 1166 789 1206 auctoritatem
811 1174 948 1217 postea
969 1166 1174 1217 defugeris,

359 1230 427 1270 ubi
448 1231 661 1270 dissolutus
682 1239 723 1270 tu
745 1231 831 1279 sies,
854 1244 927 1282 ego
949 1232 1155 1282 pendeam.

356 1298 431 1335 AG.
464 1309 589 1346 egone
609 1296 708 1335 istuc
728 1296 854 1336 ausim
875 1298 1013 1344 facere,
1036 1296 1262 1347 praesertim
1284 1296 1386 1337 tibi?

355 1362 450 1412 quin
471 1361 502 1400 si
523 1361 625 1401 feriri
646 1362 764 1401 uideo
786 1371 837 1410 te,
858 1363 1056 1413 extemplo
1080 1363 1199 1401 dolet.

359 1429 430 1466 Mi.
464 1426 560 1466 mihi
580 1427 743 1478 quidem
770 1429 910 1467 hercle.
971 1430 1046 1466 AG.
1070 1427 1193 1467 immo
1215 1427 1320 1467 mihi.
1383 1430 1454 1467 M1.
1479 1428 1577 1467 istuc

1380 1494 1576 1533 mauelim.

357 1561 426 1599 sed
447 1559 543 1610 quid
564 1572 670 1597 nunc
691 1558 762 1598 tibi
783 1558 874 1598 uis?
922 1562 996 1598 AG.
1022 1573 1094 1610 qur
1110 1573 1183 1611 ego
1199 1561 1305 1610 apud
1327 1566 1363 1599 te
1385 1559 1579 1599 mentiar?

354 1637 445 1663 amo
465 1624 698 1663 inmodeste.
760 1625 833 1662 Mi.
866 1638 978 1664 meae
1001 1624 1100 1663 istuc
1122 1626 1306 1676 scapulae
1322 1624 1506 1664 sentiunt.

354 1692 428 1729 AG.
459 1697 499 1728 at
519 1702 592 1740 ego
613 1691 714 1729 hanc
735 1689 907 1729 uicinam
930 1691 1021 1730 dico
1042 1690 1329 1741 Adelphasium
1351 1703 1490 1737 meam,

354 1754 506 1794 lenonis
527 1754 658 1793 huiius
679 1755 924 1795 meretricem
945 1755 1213 1795 maiusculam.

358 1821 428 1858 M1.
462 1820 538 1858 iam
563 1819 715 1870 pridem
740 1820 925 1872 equidem
951 1821 1050 1860 istuc
1072 1835 1118 1860 ex
1137 1828 1176 1860 te
1196 1820 1341 1860 audiui.
1400 1822 1474 1859 AG.
1507 1820 1576 1859 dif-

1476 1887 1577 1924 feror

356 1949 542 2001 cupidine
562 1949 669 1989 eiius.
731 1953 800 1990 sed
822 1953 964 1991 lenone
986 1951 1083 1990 istoc
1106 1953 1223 2002 Lyco,

354 2014 456 2054 illius
476 2015 652 2061 domino,
676 2029 755 2053 non
777 2017 940 2054 lutumst
961 2015 1200 2055 lutulentius.

292 2130 352 2160 134
375 2125 488 2160 grates
505 2120 589 2158 cod„
606 2120 663 2152 sed
677 2120 711 2159 cſs
734 2120 769 2151 C.
790 2120 826 2150 G.
848 2120 885 2152 L.
902 2131 931 2150 v.
948 2121 1018 2160 176,
1033 2131 1075 2151 20
1094 2120 1208 2160 ‘grata
1225 2120 1331 2160 gratia
1348 2143 1355 2150 .
1376 2144 1382 2151 .
1405 2143 1411 2150 .
1434 2118 1572 2151 Plautus

247 2162 353 2195 dixit)
491 2174 549 2204 137
574 2164 621 2206 αἱ]
648 2163 700 2195 σαὶ
724 2164 790 2195 Leo
940 2174 1000 2202 140
1024 2163 1087 2195 AG.
1119 2174 1235 2194 amans
1267 2162 1388 2194 Wee'se:
1412 2163 1573 2194 adamans

246 2208 311 2238 cod.
333 2209 342 2239 ί
343 2213 404 2249 pro
413 2206 707 2247 Ad(gorastoclesl
723 2208 781 2247 (ita
792 2207 825 2237 in
837 2208 882 2238 tit.
895 2207 1039 2248 scaenae)
1051 2207 1179 2243 amans)
1272 2207 1332 2238 feci
1343 2207 1417 2238 Ital.
1513 2217 1573 2246 142

246 2251 294 2291 et]
314 2262 365 2281 em
388 2251 512 2292 Ussing
598 2256 631 2282 et
648 2254 712 2290 ego
729 2261 818 2282 nunc
836 2261 940 2290 pereo
957 2261 1071 2282 amore
1084 2250 1207 2281 Ritscld
1341 2260 1398 2290 144
1422 2250 1571 2281 locorum

245 2293 383 2334 Pylades
410 2296 470 2325 ‘ex
492 2298 559 2326 ant.
587 2293 711 2326 codd.':
746 2294 896 2325 locarum
920 2295 987 2325 cod.
1134 2304 1192 2333 147
1218 2298 1336 2333 postea
1361 2293 1434 2324 Ital.
1454 2305 1461 2324 ε
1496 2298 1572 2332 post

245 2347 303 2368 era
324 2337 389 2370 cod.
528 2347 589 2377 152
614 2348 695 2377 ergo
719 2337 784 2368 cod.
808 2338 901 2378 (corr.
922 2337 1015 2378 PBG)
1154 2346 1214 2378 155
1239 2336 1454 2369 maiusculam
1471 2336 1545 2368 Ital.
1564 2348 1571 2368 τ

246 2381 464 2412 malusculum
484 2381 549 2413 cod.

1601 399 1663 436 135

1603 724 1668 758 140

1602 1047 1665 1083 145

1601 1379 1667 1415 150

1582 1767 1662 1803 '155
