1783 2707
150 116 218 153 IV.
241 116 271 152 ii
649 116 696 152 T.
729 114 908 153 MACCI
941 113 1145 151 PLAVTI

193 251 223 288 ii
550 250 835 285 PlNAcivm
949 249 1272 284 PHAN1scvs

511 331 569 367 ΡΙ.
603 331 724 366 Mane
745 337 785 366 tu
806 336 924 378 atque
944 328 1090 366 adsiste
1109 326 1211 374 ilico,
1586 331 1650 376 885

510 394 716 432 Phanisce.
774 393 891 432 etiam
912 393 1100 443 respicis?

510 461 610 497 ΡΙΙΑ.
645 459 740 496 mihi
762 460 949 496 molestus
973 472 1021 495 ne
1042 457 1128 495 sies.
1587 462 1675 496 8862

511 526 568 561 ΡΙ.
601 524 692 562 uide
714 531 755 561 ut
777 523 924 561 fastidit
947 522 1082 560 simia!

203 603 220 635 5
457 602 645 627 manesne
666 588 768 635 ilico,
792 588 929 638 inpure
950 587 1146 637 parasite?
1589 588 1676 630 887a

242 656 342 693 PHA.
375 654 442 704 qui
472 654 662 704 parasitus
693 655 812 692 sum?
876 655 932 691 P1.
966 666 1039 703 ego
1061 652 1166 691 enim
1189 652 1342 692 dicam:
1373 651 1463 690 cibo
1486 665 1568 702 per-

1135 719 1227 757 duci
1248 718 1392 769 poteris
1414 718 1564 768 quouis.

403 789 503 825 ΡΗΑ.
538 786 633 824 mihi
654 800 753 833 sum,
777 786 886 824 lubet
907 798 1001 823 esse.
1062 784 1158 834 quid
1180 784 1219 822 id
1241 785 1384 822 curas?

349 854 407 890 ΡΙ.
439 853 609 890 ferocem
630 851 735 898 facis,
759 850 850 901 quia
870 858 908 888 te
929 863 1015 888 erus
1036 856 1151 887 amat.
1213 851 1313 886 ΡΗΑ.
1346 850 1448 887 uah!
1587 853 1656 898 890

348 917 451 955 oculi
473 918 618 955 dolent.
679 918 737 954 ΡΙ.
772 917 873 965 qur?
931 917 1033 952 PHA.
1067 914 1159 964 quia
1179 915 1299 951 fumu'
1322 915 1536 951 molestust.

184 999 220 1021 10
295 983 354 1019 P1.
386 990 471 1020 tace
492 981 557 1028 sis,
577 982 695 1028 faber,
715 981 781 1031 qui
799 981 943 1019 cudere
964 981 1066 1017 soles
1087 979 1295 1029 plumbeos
1317 981 1512 1016 nummos.

295 1049 397 1085 PHA.
429 1060 509 1084 non
530 1044 631 1098 (pol)
650 1054 762 1096 potes
785 1053 826 1083 tu
847 1058 987 1095 cogere
1008 1058 1070 1082 me
1091 1052 1133 1082 ut
1154 1043 1224 1082 tibi
1246 1045 1346 1081 male
1367 1043 1509 1082 dicam.

292 1112 404 1150 nouit
452 1125 538 1150 erus
587 1124 659 1149 me.
722 1112 780 1149 P1.
831 1124 942 1148 suam
983 1109 1144 1160 quidem
1195 1107 1296 1162 [pol]
1339 1108 1564 1147 culcitulam
1584 1113 1689 1158 8945

1399 1182 1563 1225 oportet.

240 1246 341 1281 ΡΗΑ.
374 1243 405 1282 si
426 1242 569 1282 sobriu'
590 1242 655 1291 sis,
676 1243 778 1281 male
811 1255 891 1281 non
922 1241 1040 1280 dicas.
1100 1243 1158 1279 ΡΙ.
1191 1240 1262 1279 tibi
1283 1247 1563 1291 optemperem,

1038 1320 1159 1357 quom
1182 1315 1223 1344 tu
1244 1305 1341 1344 mihi
1363 1308 1565 1355 nequeas?

238 1383 277 1415 at
306 1383 348 1415 tu
378 1389 545 1422 mecum,
568 1388 761 1425 pessume,
785 1373 840 1413 ito
868 1375 1071 1413 aduorsus.
1132 1375 1233 1411 PHA.
1267 1386 1414 1423 quaeso
1436 1373 1566 1411 hercle

1414 1437 1566 1488 apstine

181 1526 216 1559 ¹5
238 1506 315 1545 iam
337 1520 558 1546 sermonem
580 1507 630 1545 de
650 1505 732 1544 istis
753 1505 879 1544 rebus.
941 1507 998 1543 ΡΙ.
1032 1503 1172 1543 faciam
1193 1512 1231 1542 et
1251 1504 1415 1554 pultabo
1436 1504 1547 1541 fores.

292 1575 401 1620 heus,
424 1572 558 1622 ecquis
579 1572 642 1610 hic
663 1580 731 1620 est,
755 1585 979 1610 maxumam
1002 1570 1067 1621 qui
1090 1570 1149 1608 his
1171 1570 1351 1608 iniuriam

291 1639 439 1677 foribus
459 1639 676 1676 defendat?
706 1637 840 1687 ecquis
861 1638 931 1674 has
952 1636 1075 1686 aperit
1097 1638 1228 1674 sores?
1583 1651 1652 1686 900

344 1706 466 1743 homo
487 1716 605 1741 nemo
626 1703 718 1741 hinc
739 1702 900 1752 quidem
922 1704 1023 1740 foras
1045 1702 1133 1740 exit.
1613 1752 1614 1755 Ἰ

237 1778 279 1809 ut
309 1783 393 1809 esse
421 1770 590 1808 addecet
619 1782 791 1819 nequam
821 1767 1013 1815 homines,
1038 1767 1090 1806 ita
1114 1774 1215 1806 sunt.
1276 1768 1345 1805 sed
1375 1780 1422 1805 eo
1453 1765 1565 1815 magi’

1092 1840 1208 1871 cauto
1228 1840 1286 1870 est
1306 1834 1396 1882 opu'
1418 1846 1467 1870 ne
1488 1833 1565 1870 huc

180 1920 220 1941 20
347 1908 457 1939 exeat
478 1899 543 1950 qui
566 1901 666 1938 male
688 1913 750 1938 me
773 1901 929 1938 mulcet.

281 2006 344 2035 886
369 2005 518 2044 respices
533 2004 679 2044 (respice
691 2004 736 2045 Β)
753 2004 858 2035 utvia'.
873 2004 936 2036 cod.
955 2004 988 2035 (i.
1002 2015 1024 2034 e.
1045 2003 1084 2034 -is
1096 2005 1121 2041 7)
1256 2004 1320 2033 888
1344 2006 1477 2042 poteres
1497 2002 1565 2034 cod.

239 2049 310 2085 (vix
320 2054 381 2089 pro
397 2059 447 2078 -re
460 2048 604 2088 passive)
750 2049 814 2087 889
834 2051 909 2087 post
923 2049 985 2086 887
1003 2047 1067 2078 cod.
1089 2058 1095 2077 ε
1121 2046 1189 2078 irai.
1213 2046 1383 2077 Acidalius
1486 2047 1565 2077 mihi

237 2093 311 2122 Ilal.
331 2103 337 2122 :
362 2092 449 2122 milis
467 2092 529 2122 cod.
710 2093 774 2130 890
799 2102 876 2122 erus
894 2090 976 2122 Leo:
1011 2096 1125 2121 eratus
1139 2089 1205 2121 cod.
1224 2101 1229 2120 :
1255 2100 1333 2120 erus
1350 2095 1427 2120 tuus
1446 2089 1564 2121 Stude-

239 2135 354 2175 mmzd,
375 2136 513 2175 undefit
530 2135 632 2166 bacch.
652 2139 836 2165 tetrameter
849 2135 967 2165 acatal.
1056 2135 1123 2164 uha
1139 2133 1203 2164 cod.
1295 2135 1355 2173 891
1383 2133 1497 2164 accedi!
1508 2134 1540 2163 A
1555 2145 1563 2172 3

240 2190 339 2218 usque
361 2179 407 2210 acl
427 2189 489 2218 922
510 2185 617 2219 pauca
634 2179 791 2218 leguntur
894 2179 956 2217 893
982 2178 1035 2216 pol
1055 2177 1129 2208 add.
1152 2176 1279 2207 Rstsclzl
1294 2178 1344 2216 (cf.
1365 2188 1395 2208 v.
1416 2178 1493 2216 8945v
1513 2177 1561 2217 <A

239 2235 260 2252 n
289 2223 329 2260 l.)
427 2224 489 2262 894
514 2223 571 2262 pol
596 2222 654 2253 del.
675 2221 809 2253 Ssl1ocll.
829 2225 864 2251 ul
881 2232 957 2251 vers.
979 2221 1232 2259 Rei-ziamtsfiat
1249 2220 1295 2250 (A
1316 2231 1346 2251 n.
1360 2221 1397 2251 lm
1500 2221 1565 2259 896

238 2277 347 2305 neque
365 2277 422 2296 eas
440 2267 478 2305 P,
496 2267 527 2296 A
545 2277 574 2296 n.
590 2266 609 2297 Ι.
715 2266 777 2304 897
806 2265 942 2304 pessimi
961 2269 994 2294 tu
1012 2265 1043 2294 P
1135 2265 1200 2303 899
1224 2264 1277 2295 his
1295 2265 1349 2303 qui
1369 2265 1412 2294 in.
1432 2264 1566 2294 Guietzrcs

239 2311 352 2350 (iuml).
372 2312 493 2349 senar.)
510 2321 515 2339 :
531 2310 612 2349 fort.
634 2309 678 2340 in.
693 2310 748 2348 qui
768 2309 819 2338 his
840 2312 930 2349 (vers.
948 2307 1056 2348 Reiz.)
1211 2318 1276 2347 900
1300 2307 1564 2348 ecquis—sores]

1400 2350 1427 2375 ai
1461 2349 1548 2375 amerit

241 2387 319 2428 [hec
337 2387 428 2428 quis]
449 2397 485 2417 ec
500 2387 574 2426 quis
592 2387 656 2416 huc
674 2386 744 2416 exit
761 2390 861 2424 atque
879 2385 988 2425 aperit
1005 2384 1038 2414 P
1053 2384 1129 2426 (pro
1146 2385 1260 2424 ecquis
1277 2385 1341 2414 huc
1356 2385 1425 2414 exit
1443 2360 1564 2422 soias&

238 2442 299 2471 901
327 2432 426 2462 homo
453 2441 516 2462 om.
538 2429 571 2459 P
698 2440 763 2469 902
786 2430 836 2460 vel
851 2439 947 2468 mage
1079 2439 1143 2467 903
1167 2438 1220 2458 me
1237 2439 1301 2459 om.
1321 2428 1354 2457 A
1374 2432 1410 2458 ut
1425 2428 1486 2459 vid.

999 2522 1022 2533 l
