1731 2713
766 94 938 132 PERSA
1467 98 1518 134 II.
1541 97 1569 133 ii

200 207 262 241 So.
298 203 521 253 Paegnium,
545 203 709 242 deliciae
731 203 849 253 pueri,
875 206 990 242 salue.
1051 205 1146 254 quid
1167 204 1277 255 agis?
1306 214 1347 244 ut
1368 208 1504 244 ualcs?

111 257 266 315 zos-PA.
300 269 607 318 Sophoclidisca,
637 269 796 307 di—mc
820 269 1019 307 amabunt.
1080 271 1144 308 So.
1177 270 1272 320 quid
1301 273 1392 309 me?
1449 273 1517 309 ΡΛ.

994 342 1122 372 utrum
1143 336 1272 373 hercle
1293 335 1365 373 illis
1387 337 1518 383 lubet3

193 399 262 436 sed
284 399 313 436 si
336 406 376 436 ut
393 398 541 448 digna⁷s
563 398 716 445 faciant,
737 398 830 437 odio
847 400 977 437 hercle
994 399 1164 438 habeant
1181 407 1219 437 ct
1240 399 1381 437 faciant
1404 402 1515 438 male.

193 466 256 501 So.
290 463 398 502 mitte
420 465 520 502 male
541 463 658 514 loqui.
712 466 779 501 ΡΑ.
813 478 933 514 quom
956 472 997 502 ut
1017 463 1164 514 digna's
1186 464 1286 511 dico,
1307 465 1417 512 benc,
1437 479 1517 504 non
1543 479 1579 511 25

1243 531 1343 568 malo
1366 532 1515 581 loquor.

193 596 256 633 So.
289 594 383 643 quid
413 594 523 643 agis?
580 596 647 631 ΡΛ.
682 593 867 632 feminam
905 596 1109 633 scelestam
1145 602 1183 634 te
1216 603 1347 634 astans
1382 604 1518 634 contra

1314 668 1318 672 “
1338 668 1514 699 contuor.

191 726 254 761 So.
287 732 390 762 certe
406 723 591 774 equidem
613 738 777 775 puerum
800 723 972 774 peiorem
990 738 1109 774 quam
1131 732 1168 763 te
1186 724 1279 764 noui
1302 724 1513 764 neminem.

105 801 172 828 210
192 789 258 826 ΡΑ.
291 789 386 838 quid
422 791 521 827 male
556 789 657 827 facio
691 797 757 827 aut
791 789 885 838 quoi
921 791 1021 828 male
1050 789 1170 828 dico?
1229 792 1293 829 So.
1326 790 1419 840 quoi
1449 791 1514 840 pol

1043 869 1246 906 quomque
1266 856 1422 895 occasio
1442 863 1512 895 est.

189 920 255 957 ΡΑ.
288 933 406 958 nemo
427 920 548 958 homo
569 933 758 970 umquam
786 919 839 958 ita
858 919 1092 959 arbitratust.
1153 923 1217 960 So.
1249 929 1287 960 at
1308 923 1374 972 pol
1402 921 1514 961 multi

1192 999 1277 1025 csse
1298 985 1351 1025 ita
1371 986 1510 1026 sciunt.

188 1051 255 1088 ΡΑ.
287 1050 398 1089 heia!
456 1053 520 1090 So.
555 1050 664 1090 beia!
724 1053 791 1089 ΡΑ.
826 1059 894 1090 tuo
928 1065 974 1090 ex
1008 1051 1166 1102 ingenio
1201 1066 1328 1091 mores
1362 1052 1511 1092 alienos
1533 1067 1573 1098 30

588 1163 591 1165 ,
1356 1119 1509 1169 probas.

184 1182 247 1218 So.
280 1182 402 1220 fateor
422 1180 549 1234 e[r]go
569 1183 746 1232 profecto
767 1195 830 1221 me
851 1196 936 1221 esse
957 1190 999 1221 ut
1019 1183 1134 1222 decet
1155 1183 1308 1222 lenonis
1329 1184 1509 1223 familiae.

184 1246 251 1283 ΡΑ.
283 1246 366 1284 sati'
396 1246 473 1285 iam
494 1246 644 1286 dictum
665 1248 805 1286 habeo.
856 1249 920 1287 So.
953 1249 1022 1287 sed
1044 1248 1140 1298 quid
1161 1250 1232 1287 tu?
1262 1250 1448 1288 confitere
1470 1257 1511 1288 ut

1257 1322 1294 1352 te
1318 1316 1511 1353 autumo?

96 1390 160 1426 215
182 1376 252 1414 ΡΑ.
283 1377 413 1424 fatear,
436 1377 467 1415 si
497 1376 550 1416 ita
579 1376 662 1416 sim.
723 1379 787 1417 So.
820 1377 898 1416 iam
927 1378 1003 1427 abi,
1027 1378 1165 1418 uicisti.
1226 1381 1295 1418 ΡΑ,
1327 1379 1391 1418 abi
1413 1394 1509 1420 nun-

801 1442 902 1481 ciam
923 1457 1025 1494 ergo.
1085 1446 1150 1483 So.
1183 1445 1260 1483 hoc
1281 1444 1334 1482 mi
1355 1445 1508 1496 expedi,

180 1505 259 1554 quo
288 1505 398 1556 agis?
455 1509 522 1545 ΡΑ.
556 1520 636 1557 quo
666 1509 740 1545 tu?
796 1508 860 1546 So.
893 1507 957 1546 dic
988 1515 1040 1546 tu.
1099 1507 1186 1560 (ΡΑ.
1219 1508 1283 1547 dic
1311 1516 1361 1547 tu.
1422 1509 1508 1563 So.)

794 1571 898 1622 prior
919 1572 1062 1623 rogaui.
1124 1575 1192 1611 ΡΑ.
1224 1581 1263 1612 at
1284 1582 1372 1624 post
1394 1575 1503 1614 scies.

179 1636 242 1674 So.
275 1650 322 1675 60
352 1650 424 1687 ego
454 1636 546 1676 hinc
576 1638 652 1675 hau
684 1638 809 1687 longe.
872 1639 940 1675 ΡΑ.
972 1646 1009 1676 et
1039 1637 1201 1688 quidem
1230 1652 1302 1689 ego
1322 1638 1405 1692 <60>
1427 1641 1504 1679 hau
1526 1656 1565 1689 35

692 1704 818 1753 longe.
878 1704 941 1742 So.
975 1702 1055 1753 quo
1077 1717 1168 1754 ergo
1188 1702 1249 1755 <tu
1268 1703 1327 1756 is),
1350 1706 1507 1744 scelus?

178 1767 245 1806 ΡΑ.
277 1767 351 1806 n'isi
381 1767 504 1807 sciero
534 1767 639 1818 prius
669 1782 715 1806 ex
745 1776 794 1815 te,
817 1775 858 1806 tu
889 1782 935 1806 ex
963 1781 1025 1806 me
1053 1781 1272 1819 numquam
1301 1769 1378 1808 hoc
1398 1770 1506 1820 quod

1231 1833 1373 1884 rogitas
1393 1833 1503 1873 scies.

175 1899 239 1936 So.
271 1911 489 1949 numquam
509 1906 661 1938 ecastor
687 1899 807 1939 hodie
831 1899 948 1939 scibis
976 1899 1073 1950 priu'
1095 1914 1212 1950 quam
1238 1914 1284 1938 ex
1306 1900 1372 1939 ted
1397 1899 1504 1938 audi-

1394 1979 1498 2004 uero.

88 2037 156 2064 220
175 2028 243 2066 PA.
276 2027 380 2067 itane
397 2031 483 2068 est?
539 2031 604 2068 So.
636 2028 741 2068 itane
762 2037 830 2068 est.
882 2017 1127 2069 PA.'n1ala's.
1191 2032 1255 2070 So.
1289 2031 1497 2069 scelestu's.

536 2096 604 2132 ΡΑ.
637 2096 752 2134 decet
773 2108 847 2133 me.
906 2096 970 2133 So.
1005 2109 1068 2134 me
1089 2095 1250 2146 quidem
1274 2097 1351 2134 hau
1373 2097 1497 2135 decet.

215 2206 277 2236 205
303 2197 394 2228 iubet
409 2195 474 2228 cod.
585 2208 648 2229 210
672 2197 750 2228 mali
768 2198 789 2229 f.
807 2198 882 2229 PCD
993 2209 1057 2238 213
1081 2209 1145 2238 ego
1158 2199 1390 2231 Camerarius:
1417 2210 1498 2239 ergo

170 2239 234 2272 cod.
384 2243 449 2272 216
470 2240 540 2271 abis
556 2251 622 2272 var.
643 2241 706 2273 lect.
725 2242 759 2272 in
775 2241 849 2272 ΡΟ)
939 2242 992 2272 die
1009 2246 1044 2274 tu
1063 2242 1139 2274 add.
1160 2243 1292 2282 Bentley
1436 2253 1496 2282 217

170 2294 211 2314 eo
236 2283 311 2315 add.
347 2283 474 2315 Ritsclael
559 2295 623 2324 ego
650 2285 683 2315 Β
770 2289 805 2315 tu
838 2285 867 2315 is
896 2284 970 2316 add.
1004 2285 1131 2316 Ritschl
1155 2287 1315 2328 (spatt'mn
1353 2297 1497 2318 vacuum

171 2327 203 2357 in
220 2327 306 2367 cod.)
453 2337 516 2366 219
539 2326 647 2370 (ego)
664 2338 707 2358 ex
724 2332 756 2358 te
776 2330 823 2368 (tc
844 2329 942 2359 eliam
959 2328 1045 2368 cod.)
1063 2329 1285 2371 Kampmcmn
1433 2341 1498 2362 220

171 2371 296 2402 maleas
312 2370 344 2401 Β
360 2371 432 2412 (pro
449 2371 552 2402 malas
569 2381 646 2402 corr.
666 2371 751 2402 mala
768 2373 821 2413 es)
905 2372 937 2402 h.
958 2372 1008 2413 d.]
1026 2373 1169 2404 addecet
1185 2373 1290 2405 Bothe
