1783 2707
201 118 254 155 ΙΙ.

215 504 254 536 35

215 829 258 861 40

213 1220 254 1252 45

231 1434 262 1471 ii

277 117 291 153 i
689 118 734 154 T.
769 116 949 156 MACCI
981 117 1186 155 PLAVTI

274 239 403 276 neque
438 227 503 275 pol
537 239 607 264 nos
640 226 731 265 satis
764 226 989 277 accepimus
1020 240 1150 277 neque
1184 240 1373 277 umquam
1407 228 1486 265 silla
1518 225 1601 264 sati’
1620 238 1690 272 240

1409 291 1600 342 poposcit.

436 369 527 393 narn
549 357 710 405 quando
732 356 869 395 sterilis
892 364 949 395 est
969 364 1120 395 amator
1139 358 1189 396 ab
1211 356 1322 403 datis,

437 420 468 458 si
490 430 605 471 negat
627 435 667 459 se
689 422 832 460 habere
854 423 961 471 quod
983 424 1060 469 det,
1084 423 1155 460 soli
1176 422 1383 469 credimus,

437 500 509 524 nec
532 486 622 524 satis
643 486 869 536 accipimus,
893 487 975 525 sati'
997 501 1116 537 quoni
1139 489 1247 538 quod
1269 489 1335 526 det
1360 500 1439 525 non
1460 486 1579 525 habet
1598 501 1606 524 ε

437 565 591 601 semper
612 553 766 590 datores
789 565 915 590 nouos
938 560 1091 602 oportet
1112 567 1307 603 quaerere,

436 616 503 666 qui
524 618 573 654 de
595 616 812 654 thensauris
834 617 992 667 integris
1014 619 1153 656 demus
1175 620 1335 656 danunt.

436 684 544 719 uelut
564 682 628 720 hic
649 682 807 731 agrestis
830 690 887 720 est
908 684 1140 721 adulescens
1162 682 1228 732 qui
1249 682 1313 720 hic
1334 682 1467 729 habet,

437 747 543 784 nimi’
564 748 630 796 pol
652 747 824 785 mortalis
847 747 1000 797 lepidus
1021 748 1207 797 nimi’que
1228 748 1365 797 probu'
1387 748 1508 785 dator.

384 813 454 850 sed
475 811 505 849 is
527 813 627 849 clam
649 820 798 861 patrem
820 811 938 850 etiam
960 813 1032 850 hac
1053 820 1169 850 nocte
1191 812 1254 849 illa
1274 825 1342 862 per
1362 812 1519 849 hortum

384 876 575 915 transiluit
596 878 646 915 ad
668 890 749 914 nos.
809 890 900 914 eum
922 878 1014 914 uolo
1035 877 1258 915 conuenire.

436 943 506 980 sed
527 950 584 980 est
606 941 697 979 huic
719 955 818 979 unus
841 955 975 980 seruos
997 941 1328 988 uiolentissmnus,

274 1007 342 1058 qui
373 1007 441 1045 ubi
476 1020 675 1057 quamque
705 1014 924 1044 nostrarum
959 1007 1068 1046 uidet
1102 1021 1223 1058 prope
1258 1009 1375 1045 hasce
1404 1005 1513 1045 aedis
1542 1006 1608 1044 ad-

1452 1069 1605 1121 grediri,

274 1137 367 1176 item
389 1144 431 1175 ut
452 1138 502 1175 de
524 1138 720 1175 frumento
740 1150 907 1183 anseres,
931 1138 1101 1175 clamore
1121 1143 1319 1187 apsterret,
1342 1135 1462 1185 abigit
1477 1150 1487 1183 3

275 1203 327 1241 ita
347 1210 405 1241 est
425 1203 596 1252 agrestis.
655 1203 723 1240 sed
744 1203 856 1248 fores,
880 1202 1074 1252 quidquid
1095 1210 1153 1240 est
1174 1204 1358 1248 futurum,
1382 1200 1527 1239 feriam,

275 1268 409 1318 ecquis
430 1267 522 1306 huic
543 1268 705 1305 tutelam
726 1266 865 1305 ianuae
885 1268 1011 1316 gerit?
1039 1267 1173 1317 ecquis
1195 1266 1297 1305 intus
1318 1266 1427 1305 exit?

506 1431 919 1467 TRVCVLENTVS
1031 1430 1365 1467 ASTAPHIVM

276 1527 352 1563 TR.
386 1523 486 1574 Quis
507 1523 584 1561 illic
606 1530 664 1561 est
685 1522 751 1572 qui
773 1532 851 1560 tam
873 1530 1054 1572 proterue
1074 1531 1226 1561 nostras
1246 1522 1355 1561 aedis
1375 1522 1541 1561 arietat?

275 1593 342 1629 As.
376 1604 449 1640 ego
488 1603 585 1636 sum,
627 1588 776 1638 respice
814 1589 864 1626 ad
905 1602 978 1626 me.
1057 1589 1132 1625 TR.
1166 1588 1261 1638 quid
1303 1589 1453 1638 ‘ego'?
1501 1585 1609 1640 (As.)

1041 1667 1175 1692 nonne
1199 1656 1319 1704 ‘ego'
1341 1653 1478 1692 uideor
1504 1652 1608 1692 tibi?

274 1724 350 1760 TR.
384 1720 479 1772 quid
524 1719 594 1758 tibi
639 1721 689 1758 ad
738 1720 856 1758 hasce
903 1719 1077 1758 accessio
1124 1719 1233 1758 aedis
1276 1727 1334 1758 est
1376 1732 1498 1770 prope
1540 1725 1607 1756 aut

1412 1783 1608 1834 pultatio?

319 1901 383 1931 240
408 1901 469 1921 nos
486 1900 552 1921 om.
573 1890 605 1921 P
693 1900 851 1929 umquam
864 1900 930 1920 om.
945 1889 978 1919 P
1076 1899 1138 1928 242
1163 1887 1237 1928 det]
1263 1894 1297 1919 et
1318 1888 1351 1919 Ρ
1437 1888 1606 1918 credimus

275 1945 341 1966 om.
361 1935 392 1964 Ρ
507 1944 569 1973 245
594 1933 675 1972 quin
693 1933 786 1963 PCD:
807 1945 871 1964 om.
893 1933 926 1963 A
1029 1933 1163 1963 demum
1185 1936 1345 1963 occerunt
1372 1930 1405 1961 A
1424 1931 1490 1971 (vel
1504 1941 1606 1970 ogge-

275 1981 368 2013 runt)
471 1980 601 2016 246—50
625 1981 783 2015 quattuor
798 1977 895 2007 troclz.
908 1978 1104 2017 septenarios
1115 1977 1238 2007 exhibet
1253 1975 1297 2014 A,
1313 1975 1607 2006 Velut—rusticus

277 2022 559 2060 Nimis—patrem
586 2021 819 2051 Etiam—uolo
844 2020 1352 2050 Conuenire—uiolentissimus
1478 2020 1541 2056 246
1564 2019 1605 2048 Vi

276 2071 311 2096 ut
323 2065 354 2095 P
428 2065 517 2095 habit
539 2064 568 2094 Ρ
582 2065 664 2104 (pro
679 2064 741 2103 -et)
828 2064 883 2095 hic
900 2069 952 2094 est
969 2064 1171 2094 adulescens
1189 2064 1245 2103 qui
1261 2063 1416 2093 habitant
1434 2063 1511 2102 (pro
1528 2064 1604 2099 —tat)

275 2109 330 2139 hic
346 2110 490 2147 agrestis
507 2108 652 2138 rusticus
670 2108 702 2137 A
827 2117 888 2146 247
916 2107 972 2147 pol
989 2118 1054 2138 om.
1075 2107 1107 2137 A
1235 2107 1332 2137 datur
1347 2106 1399 2136 P:
1424 2110 1551 2136 amator
1569 2104 1602 2134 A

276 2154 402 2192 (contra
417 2155 570 2189 metrum)
664 2152 726 2190 248
752 2156 847 2190 pater
864 2151 896 2181 Ρ
984 2156 1118 2181 noctem
1142 2151 1174 2182 Ρ
1272 2161 1335 2190 249
1360 2149 1541 2180 transiliuit
1554 2148 1606 2179 P:

275 2195 396 2226 transit
408 2195 440 2225 A
454 2196 490 2235 gi.
502 2207 525 2226 e.
539 2196 704 2229 transiitl:
730 2206 808 2226 corr.
824 2195 932 2234 Bergk
1022 2205 1086 2234 250
1110 2195 1163 2225 hic
1181 2194 1214 2224 P
1300 2204 1359 2232 251
1381 2194 1482 2224 hasce
1495 2203 1560 2222 om.
1571 2192 1602 2222 A

276 2240 369 2270 aedis
386 2240 448 2270 hac
465 2240 492 2269 si
511 2239 689 2278 adgredias
707 2238 740 2268 Ρ
828 2239 928 2268 hasce
946 2239 1042 2270 aedis
1059 2237 1274 2277 Scl1oellpost
1291 2237 1458 2268 Merulam
1547 2236 1605 2266 ad-

277 2283 411 2322 gredier
427 2283 535 2323 Bergk
661 2292 723 2320 252
740 2286 775 2312 ut
793 2282 850 2322 de]
870 2282 948 2312 uide
964 2281 998 2311 P
1127 2291 1190 2320 253
1215 2282 1260 2311 ita
1278 2281 1346 2321 est]
1366 2281 1394 2311 is
1412 2281 1490 2311 item
1509 2284 1560 2310 est
1576 2278 1610 2308 Ρ

278 2336 338 2364 257
366 2326 475 2365 respic
493 2326 524 2355 A
645 2336 674 2356 n.
696 2336 725 2356 u.
746 2328 827 2362 (om.
845 2326 922 2363 egoi
941 2326 974 2355 A
1089 2325 1156 2367 [te]
1176 2325 1232 2355 tibi
1250 2324 1283 2354 Ρ
1298 2325 1354 2363 riv.
1374 2326 1407 2364 3)
1542 2324 1606 2362 258

278 2370 318 2400 ab
331 2370 362 2400 Ρ
449 2380 496 2400 ac.
518 2374 569 2399 est
587 2370 680 2399 aedis
700 2379 730 2407 p.
751 2374 808 2398 aut
826 2369 997 2407 pultatiost
1014 2368 1047 2398 P

968 2514 992 2525 l

1625 630 1691 669 245

1625 955 1694 992 250

1625 1280 1735 1318 254-5
