1783 2707
233 121 298 158 I.i
701 120 745 155 T.
782 118 961 157 MACCI
996 117 1199 154 PLAVTI

230 243 269 277 55

243 672 272 709 ii

237 1350 275 1372 10

232 1999 272 2021 20

504 230 673 268 fidelem.
732 230 822 267 SAG.
855 229 928 266 ali!
960 227 1052 266 odio
1073 240 1136 265 nie
1157 225 1298 264 enicas.
1634 228 1697 271 48²

289 295 362 332 To.
395 294 538 332 amoris
559 293 668 341 uitio,
691 306 769 331 non
794 306 894 340 meo,
919 305 1024 330 nunc
1043 291 1114 330 tibi
1137 292 1361 340 morologus
1382 292 1445 329 fio.

289 360 382 398 ΒΑΘ.
413 367 450 397 at
472 361 537 409 pol
560 372 632 409 ego
652 371 721 408 aps
743 366 780 396 te
801 357 1178 396 concessero—To.
1211 355 1341 394 iamne
1361 354 1475 394 abis?
1513 355 1615 394 bene
1635 367 1680 404 50

1400 419 1613 458 ambulato.

290 490 359 528 sed
374 489 501 539 recipe
511 487 583 541 [te]
598 502 716 539 quam
734 488 903 538 primum
920 494 1046 537 potesj
1056 499 1152 525 caue
1167 487 1250 524 fuas
1264 485 1365 523 miin
1374 484 1614 535 quaestione.

291 568 415 605 usque
437 568 502 594 ero
524 554 630 593 domi
653 555 748 593 dum
772 566 963 592 excoxero
984 551 1116 590 lenoni
1139 552 1282 590 malam
1303 564 1384 589 rem
1406 550 1588 601 aliquam.

829 664 1077 700 SATYRIO

292 748 474 786 Veterem
496 754 615 796 atque
635 744 840 795 antiquom
863 750 1071 793 quaestum
1094 742 1285 781 maiorum
1309 755 1441 781 meum

290 825 404 851 seruo
424 818 541 861 atque
562 809 724 860 optineo
744 817 781 849 et
804 821 944 858 magna
965 822 1056 847 cum
1079 821 1168 846 cura
1190 809 1287 846 colo.

291 890 381 916 nam
403 889 620 926 numquam
641 875 850 926 quisquam
873 887 1051 913 meorum
1074 873 1265 912 maiorum
1288 873 1357 911 suit
1639 883 1678 920 55

291 942 385 992 quin
407 941 658 992 parasitando
679 940 857 991 pauerint
878 938 1025 978 uentris
1047 951 1161 976 suos:

292 1014 411 1057 pater,
433 1019 540 1053 auos,
563 1018 744 1056 proauOS,
766 1006 926 1052 abauos,
950 1010 1099 1051 atauOS,
1122 1002 1284 1041 tritauos

291 1070 402 1121 quasi
423 1084 552 1109 mures
574 1083 728 1120 semper
748 1071 864 1109 edere
884 1069 1056 1108 alienum
1078 1068 1223 1114 cibum,

292 1150 421 1187 neque
441 1136 634 1176 edacitate
655 1148 722 1174 eos
744 1137 952 1186 quisquam
975 1141 1127 1185 poterat
1148 1133 1316 1181 uincere,

292 1215 421 1252 neque
442 1202 473 1240 is
493 1208 802 1252 cognomentum
826 1208 905 1239 erat
927 1199 1033 1239 duris
1056 1199 1329 1250 Capitonibus.
1638 1202 1684 1235 60

293 1268 399 1306 unde
420 1266 493 1317 e'go
513 1268 620 1305 hunc
639 1265 846 1316 quaestum
869 1265 1030 1316 optineo
1052 1272 1089 1304 et
1112 1264 1303 1303 maiorum
1326 1266 1467 1303 locum.

295 1345 424 1382 neque
444 1330 722 1382 quadrupulari
744 1344 807 1369 me
827 1332 930 1377 uolo,
955 1344 1084 1380 neque
1106 1329 1211 1368 enim
1233 1330 1345 1368 decet

294 1397 377 1436 sine
398 1396 488 1435 meo
509 1396 654 1446 periclo
675 1395 728 1435 ire
748 1395 875 1434 aliena
896 1403 1072 1445 ereptum
1092 1395 1195 1433 bona

294 1475 422 1512 neque
443 1461 496 1499 illi
517 1461 583 1510 qui
606 1461 752 1500 faciunt
775 1460 870 1498 mihi
892 1462 1059 1510 placent.
1122 1462 1265 1510 planen
1288 1461 1455 1510 loquor?

292 1540 382 1566 nam
405 1526 585 1577 puplicae
606 1525 658 1564 rei
681 1538 817 1564 caussa
840 1525 1113 1575 quiquomque
1135 1525 1174 1563 id
1196 1524 1285 1563 facit
1637 1521 1679 1566 65

293 1591 405 1642 magi’
426 1605 545 1642 quam
566 1591 624 1629 sui
646 1591 809 1641 quaesti,
833 1590 987 1629 animus
1010 1590 1143 1630 induci
1166 1598 1293 1641 potest

256 1674 271 1704 5
293 1670 383 1696 eum
405 1670 489 1695 esse
510 1656 637 1695 ciuem
660 1655 697 1694 et
718 1657 875 1695 fidelem
899 1655 936 1694 et
959 1656 1121 1694 bonum.

293 1723 324 1761 si
344 1725 567 1773 legerupam
590 1722 654 1772 qui
678 1723 850 1769 damnet,
874 1723 941 1761 det
963 1722 1001 1760 in
1023 1722 1227 1773 publicum

292 1788 501 1827 dimidium
520 1803 529 1835 ;
559 1788 676 1838 sitque
698 1788 814 1826 etiam
838 1787 877 1826 in
899 1801 944 1826 ea
966 1789 1051 1838 lege
1071 1787 1305 1826 adscribier:

293 1853 360 1892 ubi
382 1853 690 1903 quadrupulator
710 1853 937 1903 quempiam
960 1852 1093 1891 iniexit
1114 1865 1286 1899 manum,
1640 1858 1684 1895 70

293 1918 483 1957 tantidem
506 1918 569 1957 ille.
590 1917 642 1956 illi
664 1931 775 1956 rusus
797 1918 930 1957 iniciat
952 1932 1124 1959 manum.

293 1991 331 2021 ut
353 1996 479 2033 aequa
499 1983 595 2033 parti
619 1986 810 2033 prodeant
831 1986 881 2023 ad
903 1983 1100 2023 trisuiros:

292 2048 322 2086 si
343 2048 382 2087 id
405 2049 481 2095 fiat,
504 2047 553 2087 ne
574 2048 634 2086 isti
656 2049 772 2087 faxim
797 2063 990 2099 nusquam
1012 2056 1225 2099 appareant

333 2155 372 2185 51
398 2151 431 2177 te
442 2144 499 2177 del.
516 2145 620 2176 Bothe
635 2146 783 2187 rhythmi
798 2157 897 2177 causa
917 2146 949 2186 (i.
971 2146 1007 2185 9)
1085 2148 1127 2176 60
1151 2151 1252 2185 atque
1266 2144 1420 2186 Leosort.
1440 2149 1515 2176 recte
1532 2156 1539 2176 :
1558 2144 1615 2177 dd.

291 2189 407 2221 Sixius
487 2190 537 2220 vel
547 2200 734 2229 cognomen
753 2195 821 2221 tum
841 2190 908 2222 cod.
1002 2190 1159 2229 Duricap.
1176 2189 1294 2220 Sirius
1413 2190 1452 2220 61
1480 2188 1617 2228 optineo

291 2238 466 2273 quaestum
484 2232 611 2264 Sclzoell
714 2236 755 2264 62
789 2234 838 2265 vel
862 2234 1079 2273 quadruplari
1108 2234 1165 2273 (im
1189 2232 1275 2271 cod.)
1384 2233 1426 2263 66
1449 2232 1499 2263 vel
1520 2242 1617 2270 mage

290 2279 331 2316 67
357 2287 528 2308 nec—nec
546 2277 684 2308 Mueller
698 2278 827 2308 (Rlzein.
844 2276 933 2309 Mus.
951 2286 1004 2315 54,
1023 2278 1100 2316 527)
1213 2277 1255 2307 68
1281 2275 1373 2317 [sed]
1392 2276 1419 2306 si
1439 2276 1537 2316 (2pro
1553 2276 1616 2314 sei)

290 2320 356 2352 cod.
376 2332 383 2352 :
406 2321 466 2352 sed
480 2320 582 2352 delevi
598 2322 655 2363 (iv.
672 2322 707 2360 3⁸,
725 2333 731 2352 :
749 2322 808 2352 sed
825 2333 841 2349 ÷÷
858 2334 874 2349 ᾗ
890 2334 906 2349 «-
929 2321 933 2360 Ι
955 2321 991 2351 Si
1011 2323 1117 2360 (versu
1134 2321 1270 2361 ann'sso)
1287 2319 1370 2350 Bri-r
1455 2321 1499 2358 69
1516 2319 1615 2350 etiam

289 2364 396 2407 (hoc)
410 2366 442 2395 in
460 2364 587 2396 Scleocll
675 2375 715 2404 70
731 2365 780 2396 vel
794 2365 1035 2404 quadruplator
1050 2364 1109 2402 (ila
1121 2362 1205 2395 codd.
1262 2362 1432 2402 quoipiam
1443 2362 1617 2392 Acidalius

292 2409 410 2439 iniexit
432 2409 667 2440 Cameram'us:
692 2409 794 2439 inlexi
812 2408 875 2440 cod.
985 2418 1022 2446 71
1051 2407 1113 2448 illi]
1134 2406 1224 2437 illum
1242 2406 1344 2437 Bothe
1449 2416 1488 2445 73
1513 2406 1614 2437 faxim

290 2462 462 2497 nusquam·
472 2452 610 2492 Pylades
625 2464 631 2484 :
655 2453 800 2483 faximus
817 2462 914 2491 quam
932 2451 997 2482 cod.

981 2530 1003 2540 l
