1783 2707
125 148 202 185 III.

165 533 206 567 70

106 897 174 935 IV.
197 895 212 931 i

177 1784 217 1806 10

224 149 269 185 iii
637 151 683 187 T.
718 150 896 188 MACCI
929 150 1132 186 PLAVTI

226 259 292 296 PE.
326 258 579 308 lepidissume
600 266 637 297 et
660 258 1026 297 comissume—Ac.
1060 258 1220 296 confido
1241 258 1502 295 confuturum.

224 323 290 361 ubi
313 325 413 362 facta
433 324 502 362 erit
523 323 694 362 conlatio
716 330 935 361 nostrarum
958 322 1206 370 malitiarum,

224 390 301 427 hau
324 402 459 427 uereor
480 403 528 427 ne
550 402 621 426 nos
643 389 811 426 subdola
833 388 995 438 perfidia
1018 388 1301 438 peruincamur.

226 456 296 491 PE.
326 454 513 491 abeamus
535 467 625 503 ergo
646 453 758 499 intro,
782 454 879 491 haec
902 452 956 490 uti
980 453 1216 491 meditemur
1237 452 1414 501 cogitate,

225 526 267 556 ut
287 526 466 556 accurate
488 527 525 556 et
546 519 756 556 commode
779 520 853 556 hoc
876 519 984 568 quod
1008 519 1243 568 agendumst
1264 529 1531 566 exsequamur,
1571 526 1638 562 945

225 597 275 622 ne
296 583 401 633 quid,
426 582 493 621 ubi
514 583 624 622 miles
646 583 807 630 uenerit,
832 583 1030 622 titubetur.
1092 586 1163 621 AC.
1197 591 1239 621 tu
1260 596 1421 621 morare.

713 793 947 840 ACTVS
1002 794 1072 840 IV

402 896 918 932 PYRGOPOLYNICES
1032 894 1391 937 PALAESTRI‘O

286 985 353 1021 ΡΥ.
387 984 518 1032 Volup
539 989 606 1029 est,
627 982 734 1032 quod
756 994 857 1031 agas,
877 980 908 1019 si
929 980 968 1019 id
989 979 1167 1031 procedit
1187 979 1318 1030 lepide
1338 977 1472 1029 at<que
1497 977 1560 1030 ex>

1342 1043 1535 1082 sententia
1549 1059 1559 1091 3

284 1127 376 1152 nam
393 1126 465 1162 ego
482 1111 600 1151 hodie
615 1113 666 1150 ad
689 1113 896 1150 Seleucum
918 1124 1048 1160 regem
1070 1108 1157 1148 misi
1179 1108 1391 1159 parasitum
1413 1122 1556 1155 meum,

284 1186 327 1217 ut
348 1181 516 1217 latrones
538 1191 636 1227 quos
658 1176 829 1215 conduxi
851 1176 943 1214 hinc
964 1177 1014 1213 ad
1036 1177 1243 1213 Seleucum
1266 1175 1436 1220 duceret,

286 1243 352 1293 qui
373 1243 455 1282 eius
477 1255 639 1292 regnum
662 1248 888 1287 tutarentur,
914 1239 1010 1277 mihi
1031 1241 1124 1278 dum
1148 1240 1257 1277 fieret
1278 1238 1412 1276 otium.
1580 1249 1648 1284 950

288 1311 354 1347 PA.
388 1308 483 1358 quin
504 1316 545 1346 tu
562 1316 669 1346 tuam
690 1321 771 1346 rem
789 1320 880 1345 cura
900 1306 1031 1356 potius
1053 1319 1171 1355 quam
1193 1304 1356 1351 Seleuci,
1376 1317 1477 1354 quae
1491 1303 1561 1341 tibi

287 1373 470 1413 condicio
490 1386 596 1411 noua
616 1380 653 1411 et
675 1373 874 1410 luculenta
896 1373 1014 1409 fertur
1034 1384 1102 1420 per
1124 1384 1186 1408 me
1206 1369 1467 1418 interpretem.

288 1441 358 1478 ΡΥ.
388 1439 511 1477 immo
541 1438 668 1476 omnis
699 1450 758 1475 res
788 1436 1022 1487 posteriores
1049 1448 1156 1486 pono
1183 1442 1301 1484 atque
1329 1447 1487 1485 operam
1509 1435 1562 1473 do

1477 1499 1559 1538 tibi.

289 1574 472 1622 loquere:
502 1571 603 1609 auris
625 1584 732 1609 meas
753 1571 928 1620 profecto
950 1569 1056 1608 dedo
1076 1567 1116 1605 in
1137 1566 1335 1606 dicionem
1357 1573 1475 1605 tuam.

291 1639 359 1675 PA.
392 1636 747 1687 Circumspicedum
777 1650 826 1674 ne
857 1634 944 1685 quis
972 1642 1106 1672 nostro
1133 1633 1197 1672 hic
1223 1646 1368 1683 auceps
1393 1631 1563 1671 sermoni
1583 1641 1648 1677 955

1479 1697 1560 1735 siet.

289 1782 380 1806 nam
402 1769 477 1805 hoc
498 1766 629 1817 negoti
651 1766 898 1805 clandestino
920 1774 962 1804 ut
989 1778 1144 1816 agerem
1166 1765 1434 1802 mandatumst
1455 1762 1560 1800 mihi.
1601 1756 1603 1759 ⁴

291 1835 358 1871 ΡΥ.
391 1846 509 1870 nemo
538 1833 659 1870 adest.
720 1834 787 1869 PA.
821 1833 926 1870 hunc
956 1831 1187 1869 arrabonem
1218 1828 1361 1867 amoris
1394 1827 1564 1878 primum

1292 1908 1315 1932 a
1335 1907 1398 1931 me
1418 1892 1562 1942 accipe.

292 1967 359 2002 ΡΥ.
384 1964 478 2014 quid
493 1963 585 2002 hic?
610 1965 715 2003 unde
732 1966 819 2003 est?
851 1966 918 2002 ΡΑ.
943 1964 1177 2002 aluculenta
1192 1960 1237 1999 ac
1253 1959 1393 1999 festina
1409 1957 1563 2004 femina,

281 2081 343 2110 941
370 2070 472 2110 lepidi
490 2081 561 2101 sum
578 2077 610 2102 et
623 2071 820 2102 comisumet
835 2069 898 2100 cod.
917 2080 922 2099 :
949 2079 1026 2099 corr.
1047 2067 1204 2098 Gruterus
1264 2063 1469 2096 comsissime
1487 2063 1523 2101 (i.
1539 2073 1565 2093 e.

239 2114 498 2155 compsissume)
527 2115 732 2146 Glossarium
755 2113 873 2144 Plauli
894 2116 949 2151 (cx
965 2111 1167 2151 lmcfabula)
1259 2109 1393 2140 cumfut.
1412 2106 1475 2137 cod.
1495 2108 1568 2146 (pro

239 2159 317 2189 fisut.
337 2158 392 2188 1'.e.
412 2159 576 2195 consum)
690 2168 754 2197 942
781 2157 980 2187 malitiarum
994 2155 1089 2187 Ital:
1117 2154 1309 2185 militiarum
1327 2151 1393 2182 cod.
1502 2160 1566 2188 944

239 2203 398 2232 abeamus
425 2202 658 2232 Camerarius:
694 2202 857 2232 habemus
883 2199 947 2231 cod.
1092 2207 1156 2238 945
1188 2201 1261 2237 post
1284 2196 1349 2236 946
1373 2193 1463 2226 cod.:
1496 2193 1566 2223 irai.

242 2245 455 2276 Gulielmius:
481 2247 536 2276 vz'x
550 2244 730 2276 secludend.
819 2254 882 2283 947
901 2248 1003 2282 atque
1020 2253 1062 2273 ex
1079 2242 1167 2278 Ital„
1186 2240 1311 2271 Ritschl
1408 2239 1472 2277 948
1496 2246 1564 2275 reg.

241 2289 310 2320 Sel.
331 2289 371 2329 (2)
389 2290 522 2319 Asmus
538 2289 575 2319 de
590 2289 793 2329 appositione,
814 2297 845 2326 p.
863 2288 905 2326 48
1046 2297 1111 2325 949
1142 2285 1265 2315 ducere
1288 2282 1353 2313 cod.
1503 2289 1568 2319 950

240 2343 306 2371 que
338 2332 402 2363 cod.
440 2335 515 2372 (pro
541 2333 619 2371 quei
631 2333 656 2372 2)
791 2340 853 2370 951
888 2334 923 2360 tu
950 2329 1056 2369 tuam]
1083 2333 1155 2359 tuta
1180 2337 1255 2357 uam
1283 2326 1376 2357 PCD:
1414 2329 1504 2354 tuam
1537 2323 1567 2353 B

242 2386 305 2415 954
337 2377 414 2406 dido
439 2375 505 2406 cod.
649 2384 714 2414 955
742 2374 984 2413 circumspicito
1010 2383 1083 2403 cum
1109 2371 1198 2402 cod.:
1233 2380 1310 2400 corr.
1330 2368 1412 2404 Ital,
1435 2368 1567 2398 Gm‘clus

187 2463 189 2465 ι
242 2421 308 2459 956
331 2430 430 2458 agere
443 2419 620 2450 mandatus
634 2418 698 2450 cod.
789 2427 851 2458 957
876 2417 999 2447 amoris
1009 2415 1106 2446 Ital:
1129 2414 1230 2445 moris
1243 2413 1308 2444 cod.
1373 2412 1486 2450 accepi
1499 2409 1563 2441 cod.

981 2520 1004 2530 l
