1783 2707
203 160 318 199 III.i
724 161 771 197 T.
805 160 984 198 MACCI
1018 160 1221 196 PLAVTI

301 271 380 307 TH.
413 270 563 307 bonum
584 282 835 318 aequomque
857 282 954 306 oras.
1014 267 1036 315 i,
1059 275 1287 318 percontare
1309 275 1347 305 et
1367 280 1470 317 roga.

217 351 276 381 150
300 348 372 384 ego
393 335 457 373 hic
478 334 676 384 tantisper,
701 335 795 372 dum
817 333 909 380 exis,
933 341 970 371 te
991 333 1170 383 opperiar
1189 333 1291 371 foris.

300 401 376 437 TR.
409 399 448 437 di
469 407 506 437 te
528 400 705 449 deaeque
726 398 864 437 omnes
886 398 1061 436 funditus
1082 398 1258 448 perdant,
1282 411 1410 444 senex,

300 463 352 501 ita
374 477 461 502 mea
481 463 645 502 consilia
666 463 843 513 undique
864 476 1069 512 oppugnas
1091 464 1202 501 male.

300 542 421 579 eugae
439 532 444 566 1
475 537 638 578 optume
659 542 796 567 eccum
818 528 976 566 ae'dium
999 527 1183 565 dominus
1204 528 1306 565 foras
1354 561 1357 563 ,

300 593 408 631 Simo
429 592 674 643 progreditur
694 592 811 642 ipsus.
872 594 949 630 huc
970 605 1212 638 concessero,

218 672 276 704 155
301 659 397 696 dum
419 657 473 695 mi
494 665 674 696 senatum
696 657 833 696 consili
855 656 895 694 in
917 670 983 695 cor
1004 669 1196 694 conuoco.

299 722 413 773 igitur
433 730 517 761 tum
538 723 726 761 accedam
747 723 864 767 hunc,
889 723 1049 771 quando
1070 721 1165 771 quid
1186 735 1297 771 agam
1319 721 1519 760 inuenero.

249 879 279 914 ii
445 877 584 914 S1Mo
695 878 919 914 TRANIO
1031 877 1480 913 THEOPROPIDES

460 978 514 1015 S1.
548 976 692 1015 Melius
713 990 819 1014 anno
841 978 917 1015 hoc
939 975 1034 1014 mihi
1056 989 1137 1013 non
1158 975 1228 1013 fuit
1245 974 1355 1013 domi

459 1057 532 1081 nec
554 1044 662 1093 quod
683 1056 762 1080 una
783 1056 871 1080 esca
893 1056 955 1080 me
976 1041 1116 1080 iuuerit
1138 1040 1270 1091 magis.

458 1108 668 1158 prandium
690 1121 786 1145 uxor
807 1106 903 1144 mihi
925 1107 1143 1157 perbonum
1167 1105 1287 1152 dedit,

461 1187 567 1211 nunc
588 1172 802 1211 dormitum
824 1172 933 1210 iubet
955 1186 1017 1210 me
1038 1171 1115 1209 ire:
1147 1169 1319 1209 minime.

257 1247 274 1277 5
458 1252 540 1277 non
561 1237 657 1276 mihi
678 1239 777 1276 forte
798 1237 927 1275 uisum
949 1236 1038 1275 ilico
1059 1236 1140 1283 fuit,

459 1304 599 1342 melius
621 1317 741 1354 quom
764 1303 974 1353 prandium
996 1315 1114 1352 quam
1137 1303 1234 1339 solet
1255 1301 1389 1340 dedit:

459 1369 584 1408 uoluit
605 1369 644 1407 in
665 1368 892 1407 cubiculum
914 1368 1111 1406 abducere
1132 1380 1195 1405 me
1215 1380 1325 1404 anus.

459 1448 540 1473 non
563 1435 707 1473 bonust
728 1435 880 1472 somnu'
903 1434 953 1471 de
974 1431 1149 1482 prandio.
1209 1445 1343 1481 apage.

460 1500 684 1537 clanculum
706 1512 751 1537 ex
771 1498 937 1536 aedibus
960 1511 1022 1535 me
1043 1496 1150 1535 edidi
1171 1497 1283 1534 foras.

237 1581 275 1604 10
460 1571 542 1603 tota
562 1571 688 1614 turget
710 1563 806 1601 mihi
828 1577 932 1609 uxor,
958 1562 1050 1610 scio,
1073 1561 1193 1601 domi.

460 1631 536 1668 TR.
569 1643 628 1668 res
649 1636 783 1679 parata
804 1637 861 1667 est
883 1630 985 1666 mala
1006 1628 1045 1666 in
1067 1641 1275 1677 uesperum
1297 1626 1389 1666 huic
1409 1627 1506 1667 seni.

460 1709 551 1733 nam
574 1702 611 1733 et
632 1695 857 1733 cenandum
881 1701 919 1732 et
941 1694 1207 1732 cubandumst
1228 1692 1261 1730 ei
1285 1694 1398 1731 male.

461 1762 516 1798 SI.
547 1773 667 1809 quom
691 1758 812 1809 magis
834 1758 964 1808 cogito
987 1771 1077 1796 cum
1099 1770 1188 1796 meo
1209 1756 1366 1795 animo:

461 1824 492 1862 si
513 1824 589 1874 qui'
610 1825 786 1862 dotatam
808 1837 968 1861 uxorem
989 1830 1108 1872 atque
1128 1836 1247 1861 anum
1268 1822 1398 1869 habet,

242 1904 278 1935 ¹5
515 1889 713 1927 neminem
736 1888 918 1927 sollicitat
939 1901 1080 1938 sopor:
1113 1886 1184 1940 [in]
1207 1887 1392 1926 omnibus

341 1995 404 2025 682
429 1993 521 2035 oras]
540 2004 639 2033 rogas
651 1993 681 2023 A
700 1994 743 2032 [v.
762 2004 774 2024 1
789 2006 792 2024 a
887 1995 894 2024 i
910 2005 976 2024 om.
990 1994 1022 2024 P
1107 1995 1171 2033 685
1189 1993 1275 2024 mala
1287 1992 1320 2023 P
1405 1994 1468 2023 686
1494 1993 1630 2032 FugeP

300 2038 342 2076 (F
355 2043 416 2078 pro
433 2038 481 2069 E:
504 2037 545 2068 vi.
570 2039 600 2076 Ι)
712 2039 775 2076 687
801 2048 850 2077 pr.
873 2038 964 2069 intus
981 2038 1012 2067 A
1133 2039 1198 2076 689
1223 2038 1286 2067 huc
1304 2035 1386 2066 ΑΒ2
1451 2047 1624 2067 enuenero

1561 2082 1624 2120 692

298 2125 471 2165 peranium
486 2124 615 2163 (-ann-)
630 2123 663 2153 P
677 2126 769 2164 (corr.
786 2123 848 2160 3²)
940 2128 1003 2164 693
1025 2126 1141 2156 mieire
1155 2125 1188 2155 P
1202 2127 1295 2163 (corr.
1313 2123 1373 2159 ΒΕ)
1463 2126 1526 2163 695
1546 2135 1624 2163 qum

299 2169 352 2199 A:
370 2179 467 2207 quam
483 2168 515 2198 P
585 2168 692 2198 solum
708 2168 741 2198 P
825 2171 887 2208 697
910 2169 1031 2199 bonum
1050 2174 1102 2199 est
1119 2178 1273 2199 somnum
1290 2168 1340 2198 A:
1361 2168 1470 2198 bonus
1487 2178 1624 2199 somnus

299 2217 349 2243 est
367 2211 399 2242 P
413 2223 419 2242 :
433 2213 515 2252 sort.
534 2212 690 2242 bonumst
706 2222 846 2242 somnus
949 2215 1013 2251 699
1037 2213 1108 2243 scio
1128 2212 1248 2254 [nunc]
1266 2211 1300 2242 P
1401 2222 1463 2250 700
1486 2212 1572 2242 male
1588 2211 1621 2241 A

299 2266 360 2294 701
387 2266 462 2286 nam
482 2261 515 2286 et
532 2256 723 2286 cenandum
740 2256 770 2286 ei
788 2261 822 2286 et
839 2256 1026 2286 cubandum
1045 2262 1095 2287 est
1110 2257 1195 2287 male
1208 2255 1240 2285 Ἀ
1258 2267 1264 2285 ;
1290 2266 1366 2286 nam
1384 2260 1418 2285 et
1435 2256 1622 2286 cenandum

299 2304 332 2329 et
356 2300 542 2329 cubandum
568 2303 600 2329 st
626 2299 658 2329 ni
684 2299 823 2339 [trahis]
849 2300 936 2330 male
954 2299 987 2329 P
1008 2301 1105 2340 (fort.
1131 2311 1170 2330 ex
1191 2300 1279 2330 ΤΚΛ.
1304 2298 1388 2339 Mic)
1410 2299 1562 2338 s(upple)
1588 2299 1623 2328 in

300 2352 406 2383 marg.
424 2342 602 2383 ααέειψίος
627 2343 660 2373 ii.
680 2345 721 2379 6;
745 2343 786 2373 iv.
808 2343 842 2381 5)
860 2355 866 2373 :
890 2353 966 2374 corr.
988 2343 1116 2373 Ritsclzl
1256 2352 1362 2382 703-5
1385 2342 1503 2372 lacuna
1519 2342 1552 2372 in
1569 2342 1624 2372 ΡΑ

300 2387 350 2426 (cf
369 2388 417 2417 vv'.
440 2387 561 2425 723e6)
711 2396 772 2425 703
795 2391 897 2425 atque
926 2397 1023 2417 anum
1052 2398 1118 2417 om.
1148 2386 1181 2415 P
1202 2387 1306 2427 spatio
1334 2386 1434 2416 relicto
1522 2385 1622 2416 habet

298 2432 398 2460 anum
418 2430 459 2469 (3)
486 2430 561 2469 Leo,
576 2440 656 2459 nam
684 2430 796 2460 hiatus
819 2440 920 2460 anum
941 2429 946 2468 Ι
966 2431 1065 2460 habet
1086 2429 1226 2469 dt'splt'cet
1358 2440 1419 2468 704
1456 2439 1556 2469 sopor
1587 2429 1621 2460 in

297 2081 330 2111 P
344 2082 397 2120 (cf.
418 2081 465 2111 ad
478 2081 557 2121 394)
690 2083 751 2121 691
781 2082 971 2120 nequodest
989 2082 1261 2112 cannameruerit
1278 2081 1384 2119 magis
1400 2080 1434 2111 P

298 2479 453 2511 omnibus
470 2479 501 2509 A
519 2491 525 2510 :
550 2489 634 2519 sopo
655 2479 787 2509 omissis
802 2480 952 2510 extremis
967 2479 1000 2509 P
1012 2479 1130 2520 (sopor
1141 2478 1204 2518 ΒΕ)
1222 2491 1229 2509 :
1253 2489 1269 2509 s
1297 2479 1339 2509 ibi
1357 2490 1386 2509 o.
1412 2471 1539 2508 Ritsc'lzl

964 2529 987 2539 l

1648 467 1713 510 685

1646 977 1716 1021 690

1648 1638 1716 1671 700
