1731 2713
631 123 1043 162 TRVCVLENTVS
1451 121 1503 157 11.
1526 131 1554 156 v

336 237 483 274 nullam
505 247 585 272 rcm
607 240 761 283 oportet
783 233 921 272 dolose
940 230 1133 281 adgrediri

337 301 408 338 nisi
429 307 556 338 astute
576 305 836 347 accurateque
858 309 1079 346 exsequarc.

283 373 436 403 uosmet
456 364 534 403 iam
555 364 697 402 uidetis
719 370 760 401 ut
781 371 917 401 ornata
938 362 1081 400 incedo
1101 376 1107 399 :

282 431 487 481 puerperio
507 443 580 481 ego
601 443 707 468 nunc
728 430 820 467 med
840 442 925 467 esse
945 440 1099 477 aegram
1121 426 1326 465 adsimulo.
1525 438 1560 469 15

87 501 153 546 465
176 497 277 535 male
296 497 404 546 quod
426 495 563 534 mulier
583 496 709 534 facere
730 494 886 544 incepit,
910 492 983 530 nisi
1003 490 1079 543 <id>
1098 493 1261 530 ecficere
1282 497 1488 540 perpetrat,

175 562 215 600 id
237 561 289 599 illi
310 561 459 607 morbo,
483 560 523 599 id
544 560 597 598 illi
619 559 776 606 seniost,
801 573 845 597 ea
866 558 919 596 illi
941 557 1104 596 miserae
1125 556 1315 594 miseriast
1334 570 1343 602 3

176 629 277 666 bene
297 626 329 665 si
349 627 475 665 facere
496 625 651 676 incepit,
676 624 758 663 eius
779 624 833 662 rei
854 623 960 661 nimi'
981 622 1060 661 cito
1081 621 1217 660 odium
1238 620 1412 671 percipit.

176 692 282 730 nimi’
296 705 414 742 quam
429 704 576 741 paucae
590 698 680 729 sunt
693 691 870 729 defessae
884 690 986 727 male
999 701 1100 738 quae
1114 688 1240 725 facere
1253 693 1501 736 occeperunt,

175 757 362 807 nimi’que
382 770 530 807 paucae
551 756 735 796 ecficiunt
756 755 786 794 si
808 754 903 805 quid
925 756 1051 792 facere
1072 760 1309 802 occeperunt
1331 751 1432 790 bene
1452 765 1458 788 :
1526 764 1567 787 20

90 834 158 870 470
177 821 327 861 mulieri
348 821 471 860 nimio
492 822 593 860 male
613 822 739 859 facere
761 819 899 858 melius
921 832 1021 858 onus
1042 826 1099 857 est
1120 831 1238 867 quam
1260 818 1372 856 bene.

176 901 248 938 ego
280 888 388 938 quod
423 888 525 925 mala
559 900 656 933 sum,
694 885 826 923 matris
857 897 976 935 opera
1021 884 1123 921 mala
1157 896 1243 920 sum
1279 889 1316 920 et
1352 888 1507 931 meapte

475 1004 481 1006 ξ
1347 946 1508 995 malitia,

176 1033 276 1070 quae
298 1032 360 1058 me
381 1019 582 1069 grauidam
604 1032 689 1057 esse
708 1015 946 1056 adsimulaui
968 1015 1079 1054 militi
1102 1014 1345 1065 Babylonio:

177 1099 263 1124 eam
284 1098 389 1123 nunc
411 1083 598 1122 malitiam
619 1090 842 1121 accuratam
864 1081 974 1120 miles
996 1080 1171 1119 inueniat
1191 1081 1294 1118 uolo.

178 1151 208 1188 is
235 1150 298 1188 hic
328 1151 405 1188 hau
436 1150 560 1187 multo
589 1156 688 1198 post,
713 1148 843 1195 credo,
866 1146 990 1186 aderit
1008 1161 1017 1195 3
1047 1160 1153 1185 nunc
1174 1144 1270 1196 priu'
1291 1156 1509 1196 praecaueo
1531 1155 1568 1187 25

1384 1209 1510 1248 sciens

92 1294 158 1331 475
179 1285 374 1331 †eumque
395 1287 575 1319 ornatum
597 1286 639 1318 ut
659 1278 845 1330 grauida†
867 1277 979 1328 quasi
1001 1276 1208 1329 puerperio
1229 1277 1382 1315 cubem.

179 1348 270 1386 date
304 1345 357 1384 mi
388 1347 465 1384 huc
497 1352 661 1384 stactam
696 1352 815 1394 atque
849 1343 979 1394 ignem
1019 1343 1058 1381 in
1097 1356 1216 1389 aram,
1253 1349 1294 1380 ut
1326 1353 1511 1380 uenerem

1154 1406 1346 1445 Lucinam
1369 1418 1508 1444 meam.

179 1477 243 1516 hic
262 1476 449 1527 apponite
470 1484 589 1526 atque
609 1475 715 1514 abite
735 1475 785 1513 ab
807 1474 941 1513 oculis.
1003 1475 1091 1521 eho,
1115 1471 1336 1511 Pithecium
1357 1474 1363 1509 ἲ

179 1544 263 1581 face
283 1550 325 1580 ut
345 1542 590 1588 accumbam,
606 1541 763 1588 accede,
779 1539 922 1579 adiuta.
975 1552 1038 1578 em
1060 1540 1115 1577 sic
1136 1539 1250 1577 decet
1267 1549 1509 1587 puerperam.

180 1609 304 1646 soleas
327 1606 421 1645 mihi
442 1607 607 1652 deduce,
631 1605 792 1656 pallium
814 1604 916 1643 inice
937 1604 976 1642 in
998 1617 1061 1642 me
1082 1604 1175 1650 huc,
1195 1600 1374 1640 Archilis.
1532 1611 1573 1642 30

224 1715 284 1753 461
311 1712 433 1756 (nam)
466 1712 589 1744 nullam
624 1711 778 1752 Spengel,
812 1714 849 1741 nt
882 1710 1004 1751 integer
1034 1711 1218 1740 tetrameter
1238 1707 1306 1746 fiat
1326 1718 1332 1737 :
1369 1717 1414 1737 an
1445 1716 1511 1737 non

182 1758 294 1789 ullam?
321 1757 391 1797 (vii,
411 1767 443 1797 p.
461 1756 520 1796 99)
654 1756 717 1794 462
743 1755 807 1786 nisi
823 1753 897 1797 (si)
914 1753 1026 1791 Bothe,
1051 1755 1090 1783 ut
1111 1752 1234 1791 integer
1255 1753 1435 1782 tetrameter
1447 1750 1517 1789 fiat

182 1807 256 1833 astu
274 1802 372 1832 docte
389 1810 459 1832 acc.
477 1799 604 1831 Schoell
690 1808 882 1838 exsequere
899 1797 964 1828 cod.
981 1809 986 1828 :
1013 1807 1094 1827 corr.
1115 1795 1190 1826 Ital.
1304 1796 1368 1833 463
1392 1793 1514 1824 uidetis

181 1844 279 1888 (me)
306 1843 440 1875 Mueller
593 1845 656 1883 464
681 1853 792 1874 essem
820 1841 886 1873 cod.
1041 1841 1104 1881 465
1139 1840 1172 1870 id
1200 1837 1275 1870 add.
1303 1837 1516 1868 Camerarius

182 1891 247 1929 466
279 1889 429 1920 morbost
455 1887 597 1929 Spengel
682 1886 778 1918 senio
800 1887 878 1926 (om.
909 1885 976 1927 est)
1003 1884 1036 1915 B
1192 1884 1254 1922 467
1279 1882 1307 1913 si
1330 1881 1418 1912 bene
1441 1880 1516 1911 ΡΟ)

182 1934 256 1964 eius
273 1933 362 1964 enim
379 1932 463 1963 scito
482 1932 564 1970 (cito
581 1930 670 1972 PCD)
688 1931 752 1962 cod.
774 1942 780 1961 ε
804 1941 883 1962 corr.
911 1927 1055 1971 Spengel
1193 1927 1257 1966 468
1281 1935 1379 1965 quam
1399 1924 1513 1956 Came-

183 1977 294 2008 rarius
309 1988 316 2007 :
339 1987 426 2016 quae
443 1975 509 2007 cod.
608 1978 810 2015 occeperent
827 1974 894 2006 cod.
912 1975 944 2013 (i.
958 1985 983 2005 e.
1006 1972 1088 2004 -rint
1099 1971 1125 2012 ἓ)
1284 1971 1348 2008 469
1372 1977 1513 2007 occepe-

183 2026 261 2052 runt
278 2020 374 2060 (-rint
391 2020 479 2055 PCD)
497 2020 584 2050 bene
611 2019 720 2050 facere
745 2018 834 2050 cod.:
870 2019 940 2050 tras.
962 2017 1066 2049 Bothe
1201 2025 1266 2054 470
1289 2013 1409 2044 melius
1426 2021 1513 2042 onus

181 2064 321 2106 displicet
409 2063 518 2094 leuius
541 2063 614 2094 Ital.
634 2075 640 2094 :
673 2063 808 2094 mollius
825 2062 957 2102 Bentley
1048 2066 1100 2092 est
1127 2070 1212 2091 onus
1229 2057 1328 2088 PCD:
1359 2065 1445 2096 opus
1462 2060 1513 2085 est

182 2108 331 2148 Scaliger
458 2117 521 2147 474
545 2108 574 2138 is
592 2107 645 2137 hic
667 2107 789 2137 Weise:
813 2106 888 2137 istic
913 2105 979 2138 cod.
1075 2113 1261 2144 praecaueo
1279 2099 1513 2132 Camerarius:

183 2162 284 2192 prece
295 2162 398 2183 caueo
410 2151 478 2182 cod.
592 2160 655 2190 475
681 2150 831 2190 Sumque
842 2154 961 2181 ornata
979 2150 1024 2180 ita
1041 2153 1078 2179 ut
1094 2157 1197 2186 aegra
1215 2146 1334 2176 uidear
1343 2141 1517 2175 Buecheler

182 2205 268 2235 puer
288 2194 502 2235 perlocubem
525 2194 590 2225 cod.
757 2195 821 2233 476
844 2198 985 2225 stactam
1014 2191 1248 2223 Camerarius:
1276 2189 1416 2219 eiectam
1443 2185 1509 2216 cod.

182 2239 343 2270 benerem
361 2238 505 2269 iucinam
520 2238 680 2276 (uicinam
695 2236 783 2277 PCD)
801 2236 867 2268 cod.
886 2247 892 2267 :
917 2247 995 2267 corr.
1016 2235 1203 2267 Saracenas
1331 2241 1393 2270 477
1420 2241 1438 2260 e
1456 2229 1511 2268 opi

182 2283 314 2313 hecium
336 2281 538 2322 (opihetium
551 2280 640 2318 PCD)
658 2280 724 2312 cod.
832 2281 895 2319 478
919 2280 1073 2311 adiutare
1090 2278 1137 2309 sic
1154 2275 1219 2308 cod.
1239 2288 1245 2307 :
1270 2285 1348 2306 corr.
1370 2273 1509 2311 Parcus,

182 2325 319 2366 Seyffert
385 2334 584 2364 puerperam
600 2324 675 2356 Ital.
694 2335 701 2355 ε
719 2324 815 2363 pueri
833 2333 925 2354 eram
942 2323 1007 2354 cod.
1117 2331 1181 2360 479
1206 2320 1335 2350 deduce
1356 2317 1510 2357 Geppert:

183 2369 268 2399 duce
285 2367 351 2399 cod.
442 2368 529 2398 inice
546 2367 620 2398 Ital.
640 2379 647 2398 :
671 2368 793 2398 minice
808 2366 875 2398 cod.

227 2454 345 2477 PLAvr.
365 2453 388 2476 ιι
1382 2438 1423 2468 33
