1731 2713
652 102 1062 139 TRVCVLEN'I‘VS
1455 106 1519 142 lv.
1547 106 1558 141 i

176 225 277 261 >mea
294 213 399 251 dona
415 213 596 252 deamata
613 221 853 262 acceptaque
870 213 1002 251 habita
1019 227 1104 252 esse
1120 216 1226 263 apud
1247 216 1501 254 Phronesium
1517 231 1522 256 ;
1544 234 1558 263 .=

191 291 311 327 quom
335 279 409 316 hoc
432 278 505 316 iam
534 279 654 328 uolup
675 286 743 325 cst,
768 286 849 316 tum
880 278 969 316 illuc
997 278 1120 316 nimio
1150 293 1313 329 magnac
1343 280 1522 318 mellinae

1414 345 1518 391 mihi,

103 420 167 457 705
193 407 323 445 militis
344 407 481 446 odiosa
503 407 729 458 ingrataque
750 407 894 446 habita.
954 416 1058 446 totus
1079 410 1243 459 gaudeo.

191 486 276 511 mea
297 472 375 523 pila
395 481 452 511 est
470 488 476 511 z
507 473 536 511 si
559 473 784 523 repudiatur
806 473 926 520 mile&
952 473 1090 512 mulier
1112 488 1265 513 mecum
1288 475 1368 514 erit.

189 540 318 576 saluos
340 551 441 585 sum,
460 538 552 588 quia
573 551 714 588 pereo3
744 537 774 576 si
796 551 875 576 non
898 551 1066 588 peream,
1090 541 1205 589 plane
1227 539 1448 579 interierim.

189 616 295 641 nunc
315 603 547 654 speculabor
567 603 662 653 quid
685 603 736 641 ibi
757 611 903 654 agatur,
926 604 1013 653 quis
1035 611 1096 642 eat
1118 604 1230 652 intro,
1249 605 1315 656 qui
1337 606 1437 644 foras
1543 620 1580 642 10

189 667 320 706 ueniat
336 683 345 715 3
374 669 509 718 procul
530 668 622 706 hine
642 669 864 718 opseruabo
886 669 981 708 meis
1003 669 1099 720 quid
1120 670 1284 709 fortunis
1306 672 1396 709 fuat.

101 745 171 779 710
189 733 279 783 quia
301 732 353 770 nil
375 733 513 780 habeo,
537 747 627 771 nam
649 733 780 772 amoui
804 734 855 772 mi
878 734 941 773 hic
962 735 1105 783 omnia,
1129 748 1241 785 agam
1264 735 1447 786 precario.

446 847 780 883 ASTAPHIVM
896 848 1261 885 DlNlARCHVS
1538 847 1565 883 ii

187 930 254 966 As.
288 927 436 977 Lepide
457 926 631 965 ecficiam
655 940 786 966 meum
817 940 890 978 ego
918 927 1089 966 officium
1111 942 1118 965 :
1157 927 1249 966 uide
1270 927 1373 966 intus
1395 929 1517 967 modo

977 1000 1018 1031 ut
1040 1000 1079 1030 tu
1102 1000 1209 1031 tuom
1233 992 1326 1031 item
1347 993 1512 1032 ecficias.

291 1073 389 1106 ama,
413 1059 451 1098 id
473 1059 581 1109 quod
602 1059 726 1105 decet,
751 1071 831 1097 rem
854 1066 985 1098 tuam:
1017 1058 1134 1097 istum
1156 1058 1322 1097 exinani.

240 1138 344 1164 nunc
364 1125 459 1163 dum
476 1123 538 1162 isti
555 1123 675 1171 lubet,
690 1124 785 1162 dum
804 1124 934 1171 habet,
951 1126 1107 1174 tempus
1124 1124 1158 1163 ei
1176 1124 1229 1163 rei
1245 1126 1513 1172 secundumst‚

238 1202 373 1241 prome
394 1196 641 1227 uenustatem
664 1195 772 1226 tuam
793 1188 953 1236 amanti,
976 1196 1019 1227 ut
1038 1189 1208 1239 gaudeat
1229 1202 1350 1239 quom
1372 1190 1513 1240 perdis.

97 1265 161 1302 715
290 1268 363 1305 ego
384 1253 446 1293 hic
467 1253 621 1292 interim
643 1253 809 1292 restitrix
830 1253 1076 1304 praesidebo,
1537 1273 1552 1303 5

290 1319 375 1358 istic
395 1319 490 1358 dum
511 1318 567 1357 sic
587 1318 703 1357 faciat
723 1320 889 1358 domum
909 1321 960 1358 ad
981 1326 1019 1359 te
1039 1332 1252 1370 exagogam
1268 1334 1277 1367 ;

289 1397 361 1423 nec
381 1396 621 1435 quemquam
643 1383 798 1423 interim
819 1384 918 1423 istoc
938 1385 989 1423 ad
1010 1398 1082 1423 uos
1103 1384 1171 1435 qui
1191 1385 1240 1424 sit
1260 1385 1355 1424 odio

289 1450 390 1488 intro
410 1448 561 1487 mittam
580 1464 586 1487 :
617 1456 657 1488 tu
680 1462 796 1500 perge
817 1457 859 1488 ut
879 1450 988 1489 lubet
1008 1451 1104 1489 ludo
1124 1450 1163 1488 in
1185 1450 1294 1489 istoc.

226 1565 288 1595 703
313 1556 444 1586 deamat
461 1555 526 1587 cod.
680 1566 740 1595 704
767 1565 804 1586 es
821 1554 886 1586 cod.
1001 1554 1079 1585 illuc
1100 1554 1186 1594 (-oc)
1204 1554 1295 1585 Baclt
1313 1566 1318 1585 :
1356 1555 1419 1586 hoc
1443 1555 1509 1587 cod.

183 1599 319 1629 nimium
336 1597 474 1640 Langen
493 1600 526 1639 (i.
548 1601 583 1639 3)
664 1599 749 1639 sort.
767 1603 836 1630 tum
854 1598 917 1630 hoc
941 1598 1081 1629 nimium
1095 1597 1168 1637 (do)
1181 1598 1246 1628 iam
1343 1599 1512 1630 meliiniae

182 1642 264 1674 cod.:
282 1652 361 1675 corr.
375 1642 504 1673 Merula
596 1652 658 1683 705
675 1642 786 1674 habita
799 1647 890 1673 totus
901 1642 1033 1681 gaudeo
1046 1641 1119 1673 Ital.
1135 1654 1141 1673 z
1160 1641 1308 1673 habitato
1319 1646 1393 1673 tuca
1402 1643 1512 1674 audeo

182 1686 248 1718 cod.
268 1686 310 1725 (C
323 1691 384 1726 pro
401 1685 446 1727 G)
605 1688 668 1726 706
692 1686 755 1718 erit
773 1685 847 1717 Ital.
871 1697 876 1716 :
906 1686 972 1725 prit
989 1684 1199 1725 (antecedente
1213 1685 1318 1725 spatio
1333 1685 1423 1726 PCD)
1442 1686 1508 1719 cod.

184 1728 227 1771 (P
239 1735 299 1770 pro
316 1729 359 1768 E)
465 1740 526 1770 707
552 1731 650 1770 plane
668 1730 778 1771 (Ital.)
797 1729 984 1761 interierim
1009 1727 1128 1760 Wet'se:
1154 1739 1249 1769 pane·
1258 1729 1363 1760 uriem
1382 1729 1510 1768 (urient

181 1773 268 1813 PCD)
287 1772 354 1804 cod.
378 1775 452 1815 (pm
469 1774 589 1814 §ier-im,
617 1775 637 1805 i.
654 1786 676 1805 e.
698 1774 900 1814 inter-ierim)
917 1785 923 1804 :
948 1783 980 1813 p.
999 1773 1158 1812 perierim
1178 1772 1309 1812 Goeller,
1325 1773 1406 1811 sort.
1436 1778 1511 1805 recle

182 1827 245 1856 709
268 1818 384 1858 procui
407 1818 494 1848 hunc
513 1818 604 1849 cod.:
638 1828 717 1850 corr.
746 1817 874 1848 Merula
979 1817 1063 1848 meis
1085 1816 1280 1848 Acidalius:
1322 1816 1417 1847 miles
1440 1817 1506 1848 cod.

183 1862 208 1899 (ἓ
215 1866 278 1901 pro
289 1861 393 1899 mieis,
407 1862 544 1901 antiqua
549 1861 684 1901 forma)
779 1871 842 1900 710
853 1872 930 1892 nam
944 1861 1055 1892 amoni
1067 1860 1198 1902 scripsi:
1225 1870 1325 1891 unum
1340 1860 1507 1902 a[nimos]

180 1905 269 1935 moui
286 1904 352 1936 cod.
366 1905 426 1943 (iv.
443 1915 481 1944 3;
506 1916 535 1936 v.
556 1907 592 1945 8)
683 1905 762 1936 mihi
781 1905 893 1936 omnia
910 1904 983 1936 PCD
1074 1915 1132 1944 711
1160 1914 1270 1935 meum
1290 1903 1502 1936 Gulielmius:

181 1958 254 1979 mea
278 1948 342 1979 cod.
372 1948 407 1988 (a
424 1954 487 1989 pro
512 1950 546 1989 u)
657 1960 723 1989 ego
747 1947 831 1980 Leo:
857 1959 916 1980 ero
941 1948 1006 1980 cod.
1025 1948 1076 1989 (cſs
1103 1948 1201 1980 Asin.
1221 1949 1296 1987 456,
1316 1946 1388 1978 Mil.
1409 1948 1508 1987 1353)

169 1993 250 2031 fhrl.
271 1992 348 2023 uide
364 1991 498 2032 delenti„
517 2003 600 2024 nam
618 1994 694 2024 uide
717 1996 806 2023 intus
822 1992 962 2033 dtlsplicet
1048 1998 1083 2024 tu
1109 1997 1200 2023 tuom
1219 1991 1349 2022 Merula
1366 2003 1373 2022 :
1398 1996 1506 2023 tutum

179 2035 244 2067 cod.
338 2045 400 2074 712
424 2037 521 2067 istum
541 2035 774 2067 emmeramus:
810 2040 918 2067 estum
945 2036 1010 2068 cod.
1128 2046 1190 2076 713
1215 2036 1293 2066 dum
1321 2035 1398 2067 iusti
1416 2035 1507 2066 iubet

178 2079 244 2110 cod.
261 2091 267 2109 ε
293 2089 372 2111 corr.
388 2079 463 2111 Ital.
559 2081 640 2119 sort.
654 2081 685 2110 ei
698 2081 746 2111 rei
762 2079 897 2120 delend„
918 2083 955 2110 ut
966 2080 1069 2111 bacch.
1084 2083 1211 2110 tetram.
1223 2079 1290 2119 fiat
1386 2089 1506 2110 secun—

179 2123 291 2154 dumst
309 2122 460 2164 Geppert:
484 2124 653 2155 secundas
673 2123 737 2155 cod.
762 2125 794 2164 (a
813 2129 874 2164 pro
897 2124 933 2162 u)
1069 2133 1131 2162 714
1155 2123 1278 2154 amanti
1296 2127 1387 2153 tuam
1409 2121 1474 2154 cod.
1498 2134 1504 2153 :

178 2167 252 2198 trat'.
270 2166 402 2207 Geppert
470 2167 616 2206 gaudeat
635 2166 789 2199 Mueller:
809 2167 929 2206 gaudia
939 2165 1003 2197 cod.
1075 2167 1190 2206 perdis
1201 2165 1285 2197 Leo:
1310 2167 1424 2205 pel-eis
1437 2166 1500 2197 cod.

180 2209 278 2241 Nunc
294 2210 372 2241 dum
387 2211 439 2241 isti
457 2209 560 2251 lubet,
579 2211 657 2242 dum
671 2211 780 2250 habet,
795 2214 942 2251 tempust
959 2211 988 2240 ei
1007 2210 1066 2241 rei.
1127 2209 1196 2241 Sed
1217 2212 1369 2241 cunctam
1387 2219 1503 2249 prome

179 2255 390 2285 uenustatem
414 2258 516 2293 tuam,
541 2255 667 2285 amanti
691 2259 727 2285 ut
751 2254 895 2293 gaudeat
919 2256 993 2284 cum
1018 2253 1133 2292 perdis
1152 2254 1192 2293 (2)
1211 2253 1276 2283 Leo
1440 2263 1502 2292 715

177 2296 311 2328 interim
332 2297 387 2328 hic
410 2297 477 2328 cod.
497 2309 504 2328 :
528 2294 601 2329 t'rai.
620 2297 725 2329 Bothe
813 2297 989 2329 restitricis
1015 2297 1137 2336 (restiti
1162 2296 1254 2327 tricis
1276 2296 1321 2335 Β)
1341 2295 1406 2327 cod.
1429 2297 1503 2337 (pro

178 2341 254 2371 -tris
266 2341 312 2379 2):
338 2351 416 2373 corr.
439 2341 608 2372 Turnebus
741 2342 804 2381 716
827 2341 891 2372 iste
909 2339 975 2371 cod.
1101 2350 1162 2379 717
1187 2350 1249 2370 nec
1273 2339 1501 2373 Camerarius:

178 2394 217 2418 ec
234 2384 300 2417 cod.
437 2386 499 2426 718
524 2395 623 2426 perce
641 2390 677 2417 ut
695 2384 784 2416 iubet
802 2384 895 2416 ludin
913 2384 995 2415 istos
1012 2383 1080 2415 cod.
1095 2394 1103 2414 ε
1122 2394 1201 2415 corr.
1220 2383 1296 2414 Ital.
