1783 2707
188 114 266 152 III.
290 113 304 149 i

234 298 275 329 45

237 626 278 658 50

240 1022 279 1057 55

240 1337 283 1369 60

705 111 751 147 T.
786 108 965 148 MACCI
997 107 1201 145 PLAVTI

404 234 541 259 uerum
562 220 597 259 ei
618 219 671 258 rei
692 231 852 269 operam
874 218 926 255 do
948 230 997 254 ne
1017 215 1081 254 alii
1103 215 1236 254 dicant
1256 214 1391 265 quibu’
1412 213 1512 252 licet.

405 288 494 325 SAT.
527 285 632 323 dicat
653 284 762 334 quod
783 282 949 332 quisque
971 282 1078 328 uolt3
1108 294 1181 330 ego
1202 281 1251 318 de
1272 280 1345 317 hac
1367 277 1561 316 sententia

403 367 485 391 non
506 351 761 391 demouebor.
821 351 884 386 V1.
916 355 966 395 at,
991 360 1080 384 meo
1101 347 1133 383 si
1153 345 1267 383 liceat
1289 345 1422 390 modo,

404 418 599 468 sapienter
619 415 749 466 potius
770 413 888 452 facias
909 425 1029 463 quam
1057 412 1184 448 stulte.
1244 411 1334 448 SAT.
1367 408 1488 447 lubet.
1644 414 1709 451 375

403 486 467 521 V1.
500 483 634 521 lubere
655 480 726 519 tibi
747 494 814 530 per
835 493 898 517 me
918 478 1034 516 licere
1055 476 1240 525 intellego
1257 489 1267 522 3

405 562 542 588 uerum
563 547 697 585 lubere
718 547 795 583 hau
816 544 941 590 liceat,
965 542 996 580 si
1016 542 1150 580 lubeat
1171 539 1277 578 mihi.

406 617 496 654 SAT.
529 615 657 651 futura
677 624 717 649 es
739 610 846 649 dicto
867 607 1086 648 oboediens
1107 620 1157 644 an
1179 619 1259 643 non
1280 603 1411 655 patri?

409 683 468 718 V1.
502 681 640 717 futura.
700 679 790 716 SAT.
823 675 897 714 scis
927 688 1020 713 nam
1050 673 1121 712 tibi
1160 686 1261 723 quae
1290 670 1502 722 praecepi?
1559 671 1623 707 Vx.

1481 735 1624 775 omnia.

406 813 496 851 SAT.
530 818 568 849 et
588 817 630 848 ut
651 810 690 848 ui
711 815 890 858 surrupta
911 806 1059 845 fueris?
1115 806 1179 843 V1.
1213 805 1330 843 docte
1355 804 1488 841 calleo.
1647 804 1716 848 380

408 880 498 916 SAT.
531 883 569 914 et
596 875 663 925 qui
685 881 864 925 parentes
886 872 1061 911 fuerint?
1117 873 1182 908 V1.
1214 870 1344 908 habeo
1365 868 1405 907 in
1426 866 1626 906 memoria.

408 941 643 980 necessitate
665 953 727 978 me
749 940 851 977 mala
871 945 913 976 ut
934 939 1025 975 fiam
1047 935 1152 975 facis.

408 1019 545 1045 uerum
566 1004 711 1050 uideto‚
736 1017 798 1042 me
819 1002 887 1041 ubi
907 1004 1017 1040 uoles
1039 1008 1207 1051 nuptum
1229 1000 1332 1047 dare,

407 1086 457 1110 ne
478 1073 575 1110 haec
596 1072 700 1108 fama
720 1069 835 1108 faciat
856 1067 1086 1118 repudiosas
1107 1065 1274 1116 nuptias.

409 1139 498 1176 SAT.
532 1143 628 1182 tace,
653 1136 780 1173 stulta.
822 1147 903 1172 non
925 1140 967 1171 tu
988 1146 1095 1170 nunc
1115 1130 1323 1169 hominum
1345 1142 1474 1168 mores
1488 1129 1612 1176 uides,
1648 1129 1713 1173 385

408 1201 554 1252 quoiiu'
574 1200 683 1239 modi
704 1199 768 1238 hic
789 1213 880 1238 cum
901 1199 1005 1236 mala
1025 1198 1129 1235 fama
1148 1195 1261 1234 facile
1283 1194 1470 1233 nubitur?

408 1268 505 1306 dum
526 1268 598 1305 dos
619 1265 677 1312 sit,
702 1266 853 1303 nullum
876 1263 1016 1301 uitium
1038 1261 1135 1300 uitio
1156 1260 1330 1299 uortitur.

408 1334 472 1370 V1.
505 1345 596 1382 ergo
616 1330 716 1370 istuc
737 1329 854 1368 facito
876 1336 918 1367 ut
938 1328 1071 1367 ueniat
1092 1327 1132 1365 in
1153 1334 1328 1365 mentem
1349 1323 1420 1363 tibi

409 1411 472 1436 me
493 1409 578 1436 esse
597 1396 828 1434 indotatam.
887 1395 978 1432 SAT.
1011 1406 1108 1432 caue
1129 1392 1180 1430 sis
1201 1399 1243 1430 tu
1264 1391 1363 1429 istuc
1384 1388 1536 1429 dixeris.

408 1465 474 1513 pol
496 1464 615 1501 deum
636 1461 779 1500 uirtute
800 1460 930 1499 dicam
952 1467 989 1498 et
1012 1459 1203 1498 maiorum
1225 1471 1368 1504 meum,
1651 1464 1722 1500 390

410 1541 459 1566 ne
480 1535 518 1565 te
539 1527 755 1565 indotatam
779 1525 886 1564 dicas
909 1524 1002 1574 quoi
1024 1525 1096 1562 dos
1118 1523 1166 1561 sit
1187 1522 1296 1561 domi
1316 1537 1322 1560 :

410 1592 599 1631 librorum
619 1591 800 1630 eccillum
821 1591 951 1629 habeo
972 1591 1134 1640 plenum
1156 1601 1348 1627 soracum.

411 1657 442 1696 si
464 1659 539 1696 hoc
559 1656 777 1696 adcurassis
797 1655 938 1706 lepide,
962 1654 1057 1705 quoi
1077 1654 1131 1692 rei
1151 1667 1312 1704 operam
1333 1654 1483 1699 damus,

409 1723 609 1761 dabuntur
628 1721 731 1760 dotis
753 1720 824 1759 tibi
843 1720 936 1758 inde
957 1718 1125 1758 sescenti
1145 1718 1247 1769 logei

408 1794 527 1837 atque
549 1786 669 1824 Attici
689 1799 827 1824 omnes
842 1800 852 1833 ,·
882 1787 1035 1824 nullum
1057 1785 1233 1824 Siculum
1253 1782 1451 1834 acceperis
1470 1798 1477 1822 :
1612 1768 1615 1772 i
1650 1789 1716 1826 395

408 1866 499 1891 cum
520 1853 594 1891 hac
615 1853 708 1891 dote
728 1851 873 1903 poteris
895 1853 958 1890 uel
981 1851 1167 1891 mendico
1187 1851 1346 1889 nubere.

408 1920 472 1956 V1.
505 1917 601 1969 quin
621 1925 662 1956 tu
684 1931 747 1956 me
768 1918 890 1965 ducis,
914 1918 946 1956 si
968 1931 1047 1968 quo
1068 1918 1279 1963 ducturu's‚
1302 1917 1440 1966 pater?

408 1985 471 2023 uel
492 1991 534 2022 tu
555 1997 619 2022 me
639 1985 770 2022 uende
791 1985 854 2022 uel
876 1982 1114 2033 face—-quid
1136 1981 1206 2021 tibi
1226 1981 1347 2020 lubet.

343 2099 406 2128 372
431 2088 538 2119 uirum
561 2088 594 2119 P
700 2090 766 2128 376
791 2098 852 2128 per
876 2098 929 2118 me
953 2087 1013 2118 tibi
1037 2087 1070 2118 P
1200 2096 1262 2125 377
1289 2085 1389 2116 liceat
1409 2085 1436 2116 si
1456 2085 1556 2115 liceat
1573 2083 1630 2115 A:

298 2131 410 2163 lubeat
434 2133 462 2163 si
486 2133 586 2163 liceat
611 2132 758 2171 Pistoris,
785 2132 824 2173 cf.
845 2132 934 2170 Gray
959 2131 1078 2171 (δίετες.
1103 2130 1181 2160 Rev.
1205 2141 1254 2168 14,
1275 2130 1332 2167 24)
1466 2139 1530 2167 379
1553 2138 1631 2159 narn

296 2175 455 2216 displicet:
479 2176 543 2206 iarn
561 2175 696 2216 Seyffert
791 2177 855 2214 380
872 2180 906 2206 et
917 2175 949 2205 id
968 2179 1004 2205 ut
1021 2185 1046 2205 s.
1068 2173 1100 2204 P
1212 2174 1276 2212 386
1292 2172 1425 2212 quoiuis
1442 2182 1485 2202 m.
1499 2171 1632 2202 Gm'etus

296 2220 360 2258 387
385 2219 446 2260 sit]
458 2223 489 2258 et
500 2220 533 2250 A
625 2230 690 2259 390
715 2220 789 2259 dico
802 2219 834 2248 A
912 2228 973 2257 391
1001 2218 1034 2248 ni
1047 2217 1080 2247 A
1158 2227 1222 2256 392
1235 2216 1378 2247 eccillud
1391 2214 1630 2247 Sonnenschein

298 2262 417 2301 (class.
437 2263 516 2294 Rev.
536 2264 568 2303 6,
588 2265 679 2302 400),
701 2262 755 2301 (ex
776 2262 885 2293 Paulo
913 2263 986 2301 296,
1013 2261 1071 2301 qui
1093 2264 1202 2291 tamen
1227 2270 1380 2291 soracum
1402 2265 1463 2300 pro
1490 2268 1630 2289 soracus

291 2310 464 2347 perperam
483 2307 633 2347 posuisse
656 2306 799 2344 videtum
831 2306 866 2344 cf.
901 2305 1002 2336 Class.
1031 2304 1109 2335 Rev.
1139 2314 1168 2343 5,
1188 2303 1223 2343 93
1335 2303 1474 2343 plenum
1502 2301 1628 2344 [illum]

296 2350 353 2423 *ἐξ
367 2351 448 2424 ῙΙοῖί.
470 2349 608 2391 plellum
620 2350 671 2392 (cf
687 2350 880 2389 Poen.314)
1000 2358 1065 2389 394
1087 2347 1178 2387 longi
1196 2346 1229 2377 P
1358 2347 1422 2386 398
1444 2344 1542 2388 (me)
1560 2345 1630 2376 sace

331 2397 406 2425 ztscz
