1783 2707
168 134 236 171 IV.

205 647 244 683 75

212 1231 253 1262 80

257 133 286 169 ii
673 131 719 166 T.
754 127 933 166 MACCI
965 125 1169 163 PLAVTI

262 243 334 279 M1.
371 240 528 279 dabitur
566 246 756 289 quantum
796 236 902 286 ipsus
941 234 1039 285 preti
1078 240 1225 284 poscet.
1284 233 1352 269 ΡΑ.
1393 232 1583 268 talentum

979 298 1150 348 Philippi
1171 296 1262 335 huic
1283 309 1381 346 opus
1401 294 1483 332 auri
1504 302 1586 341 est3

262 371 391 408 minus
425 371 475 408 ab
511 369 668 407 nemine
703 367 879 416 accipiet.
940 367 1013 402 Mr.
1051 377 1099 401 eu
1139 369 1290 401 ecastor
1327 360 1434 398 nimi'
1472 358 1586 396 uilest

1402 425 1561 462 tandem
1580 426 1586 461 1

263 503 332 539 ΡΥ.
365 514 444 538 non
472 498 567 536 mihi
596 496 758 536 auaritia
788 508 976 545 umquam
1007 493 1200 531 innatast:
1232 490 1323 529 satis
1344 490 1472 527 habeo
1493 488 1589 527 diui—

1438 554 1591 600 tiarum,

264 632 351 681 plus
391 629 442 667 mi
481 628 563 667 auri
603 628 708 666 mille
743 634 800 665 est
836 625 1059 664 modiorum
1100 621 1282 672 Philippi.
1341 622 1409 657 PA.
1440 626 1591 669 praeter

1347 687 1587 723 thensauros.

266 770 349 799 tum
379 760 527 810 argenti
557 766 722 805 montes,
747 770 827 795 non
858 768 1016 801 massas,
1039 754 1158 792 habet
1188 751 1331 790 Aetina
1359 764 1438 788 non
1466 762 1591 799 aeque

1479 817 1589 853 altos,

268 896 340 932 M1.
373 906 421 930 eu
443 899 594 930 ecastor

267 958 469 997 hominem
509 955 725 1006 peiiuruml
785 956 852 991 ΡΑ.
891 955 933 991 tit
972 952 1096 990 ludo?
1158 951 1233 988 M1.
1269 948 1365 998 quid
1404 948 1505 997 ego?
1553 954 1594 983 ut

1120 1015 1330 1053 sublecto?
1387 1015 1454 1050 ΡΑ.
1488 1011 1594 1049 scite.

272 1092 343 1128 M1.
378 1089 447 1126 sed
485 1087 638 1132 amabo,
681 1085 793 1123 mitte
832 1098 895 1121 me
934 1083 1124 1121 actutum.
1188 1081 1256 1117 PA.
1290 1078 1385 1128 quin
1425 1085 1466 1115 tu
1507 1076 1598 1114 huic

1202 1144 1416 1194 respondes
1436 1141 1595 1191 aliquid,

272 1227 338 1258 aut
365 1220 558 1257 facturum
582 1224 649 1254 aut
674 1229 754 1253 non
781 1214 1003 1253 facturum?
1061 1213 1134 1249 M1.
1167 1209 1264 1259 quid
1290 1209 1395 1246 illam
1416 1207 1598 1245 miseram

1247 1272 1368 1311 animi
1389 1271 1597 1318 excrucias,

274 1363 374 1400 quae
408 1360 625 1397 numquam
662 1347 763 1384 male
797 1346 847 1383 de
881 1352 918 1382 te
953 1342 1155 1381 meritast?
1212 1341 1279 1377 ΡΥ.
1312 1338 1404 1376 iube
1442 1350 1601 1387 eampse

1225 1404 1326 1443 exire
1347 1405 1424 1442 huc
1444 1404 1495 1441 ad
1516 1416 1599 1440 nos.

275 1480 339 1519 dic
370 1492 432 1517 me
463 1478 498 1517 ei
527 1476 661 1516 omnia
691 1489 792 1526 quae
822 1476 904 1513 uolt
934 1474 1138 1511 facturum.
1200 1472 1274 1508 M1.
1306 1468 1389 1507 faci'
1421 1481 1526 1506 nunc
1560 1475 1602 1506 ut

1274 1536 1400 1573 facere
1420 1547 1602 1584 aequom,

278 1624 410 1661 quom,
434 1622 534 1659 quae
552 1616 589 1646 te
605 1608 698 1654 uolt,
718 1607 887 1645 eandem
908 1612 950 1642 tu
971 1603 1041 1641 uis.
1104 1604 1171 1639 Pv.
1204 1613 1285 1639 non
1307 1599 1497 1638 insulsum
1515 1598 1606 1637 huic

1393 1663 1604 1714 ingenium.

326 1781 404 1811 1061
432 1778 594 1810 talentum
618 1780 802 1816 suspectum
901 1774 1099 1815 philippium
1125 1772 1190 1804 cod.
1345 1773 1428 1802 1062
1452 1771 1492 1801 ab
1519 1780 1605 1800 nem.

280 1825 357 1855 min.
381 1824 427 1863 (2)
454 1822 530 1859 Leo,
558 1821 710 1860 rhythmo
743 1819 913 1850 consulens
1049 1820 1130 1856 1064
1155 1818 1357 1847 thensaurus
1385 1815 1450 1846 cod.
1481 1818 1517 1844 ut
1543 1812 1605 1845 vid.

283 1870 365 1907 1065
390 1867 511 1897 aethna
536 1866 616 1905 (om.
641 1865 686 1903 Β)
712 1874 810 1894 mons
837 1864 916 1902 (orn.
941 1863 987 1900 Β)
1013 1872 1082 1892 non
1106 1871 1212 1900 aeque
1237 1871 1265 1891 a.
1283 1859 1371 1890 cod.:
1399 1859 1522 1889 Aetina
1544 1868 1609 1887 non

280 1921 387 1950 aeque
405 1910 504 1940 altast
521 1909 652 1939 Loewe:
676 1907 788 1938 Aetna
806 1911 904 1937 mons
920 1917 987 1937 non
1006 1915 1113 1945 aeque
1131 1905 1233 1935 altust
1250 1902 1448 1933 Lachmann
1465 1914 1472 1932 z
1497 1901 1610 1931 Aetna

282 1965 377 1986 mons
395 1964 502 1993 aeque
519 1953 605 1983 altas
631 1951 743 1982 Tzlller
885 1952 983 1981 10669‘
1007 1954 1043 1980 ut
1059 1948 1291 1980 Camerarius:
1324 1947 1357 1976 ui
1377 1946 1444 1977 cod.
1532 1944 1609 1974 sub-

282 1999 387 2029 lectos
406 1996 470 2028 cod.
572 1996 632 2026 ΡΑ.
665 1996 749 2026 scite
769 1995 825 2026 del.
850 1994 1030 2031 Acidaffizs,
1064 1993 1116 2023 cui
1140 2002 1182 2022 eu
1211 1995 1344 2022 ecastor
1367 1993 1456 2020 extra
1478 1998 1610 2019 versum

282 2042 491 2083 epiphonema
517 2039 678 2080 displicet:
713 2039 822 2070 versui
850 2038 995 2077 sequenti
1024 2038 1113 2076 (cum
1142 2035 1325 2074 responde)
1351 2033 1461 2064 tribuit
1487 2030 1613 2063 Sclzoell

287 2086 367 2124 1067
393 2085 441 2116 vel
453 2083 535 2114 mitt'
548 2084 627 2114 med
642 2095 650 2114 ε
666 2083 789 2113 mittite
803 2093 854 2112 me
869 2082 902 2121 C,
916 2082 954 2120 cf.
970 2080 1107 2112 Skutsch
1127 2078 1258 2118 (Philol.
1282 2088 1333 2117 59,
1358 2078 1435 2115 483)
1530 2076 1613 2113 1069

284 2131 326 2160 de
350 2135 383 2160 te
408 2128 575 2168 meritast]
603 2127 725 2157 dixerit
749 2132 782 2157 at
806 2126 838 2156 Β
863 2126 934 2166 (pro
958 2124 1098 2156 d&eerit
1122 2124 1195 2154 ast?
1227 2122 1269 2159 vi,
1293 2131 1325 2160 p.
1348 2121 1404 2159 85)
1537 2118 1613 2148 iube

285 2183 422 2213 eampse
455 2171 711 2202 Rittershnsius:
745 2171 875 2201 iubeam
910 2169 983 2208 ipse
1019 2167 1083 2197 cod.
1242 2175 1324 2204 1070
1352 2174 1405 2194 me
1428 2163 1458 2193 ei
1483 2161 1614 2202 scripsi:

287 2217 367 2248 mihi
384 2216 450 2248 cod.
467 2228 474 2246 ε
502 2226 555 2246 me
572 2213 645 2245 Ital.
669 2214 790 2254 (immo
807 2213 899 2252 med)
1004 2209 1082 2252 (te)
1110 2210 1221 2240 facere
1239 2208 1417 2238 Hermann
1432 2218 1438 2237 ε
1473 2206 1617 2237 facerest

290 2260 385 2291 Goelz
466 2260 516 2291 vel
530 2262 707 2298 aequomst
823 2265 901 2295 1071
927 2265 1028 2294 quom
1046 2253 1233 2297 Lamſjinus
1248 2264 1254 2282 :
1278 2251 1366 2290 quod
1383 2249 1448 2281 cod.
1531 2258 1617 2288 quae

289 2313 393 2378 teste
413 2336 476 2368 cod.
499 2339 535 2366 ut
557 2334 619 2366 vid.
649 2334 710 2372 (ita
733 2333 789 2364 D:
821 2333 891 2372 ipte
918 2332 964 2362 C:
997 2341 1062 2370 que
1087 2330 1131 2362 Β)
1237 2339 1304 2358 non
1331 2327 1426 2369 [hoc]
1453 2325 1617 2357 insulsum

290 2382 368 2412 hinc
393 2381 456 2412 cod.
479 2392 485 2411 :
523 2389 602 2410 corr.
630 2377 757 2408 Ritschl
841 2386 910 2406 non
927 2399 934 2407 .
954 2399 961 2406 .
983 2398 990 2405 .
1007 2375 1074 2414 ing.
1105 2372 1326 2404 Palaestn‘om'
1347 2371 1405 2402 dat
1428 2370 1517 2408 Παλ,
1535 2369 1618 2409 fort.

292 2430 366 2456 recte

995 2521 1019 2531 l

1616 752 1699 796 1065

1618 957 1630 981 1
1637 945 1728 980 066ει

1626 1480 1715 1514 1070
