1783 2707
157 137 225 174 IV.
248 137 289 173 iii
666 137 711 173 T.
745 135 925 173 MACCI
959 135 1162 173 PLAVTI

196 262 230 284 ιο
252 249 313 286 ST.
347 247 453 298 quid,
476 248 597 285 homo
618 246 740 292 nihili,
764 259 844 284 non
866 246 987 295 pudet
1010 247 1077 283 te?
1107 244 1271 284 tribu'ne
1293 252 1330 284 te
1351 246 1509 296 poteriis

252 312 480 351 memoriam
497 325 581 350 esse
598 311 796 350 oblitum?
823 323 874 348 an
896 323 1000 355 uem,
1018 309 1109 359 quia
1129 323 1218 348 cum
1236 310 1332 359 frugi
1351 310 1576 349 hominibus

251 377 302 416 ibi
326 377 469 424 bibisti,
491 377 557 427 qui
578 377 628 415 ab
648 376 778 415 alieno
799 375 912 414 facile
933 374 1163 413 cohiberent
1185 378 1353 414 manus?

251 444 473 483 †Truthus†
494 442 576 487 fuit,
601 440 852 488 Cerconicus,
877 439 1059 486 Crinan
1084 440 1342 487 Cercobulus,
1363 441 1563 489 CollabuS,
1598 449 1687 476 1020

251 507 550 558 oculicrepidae,
573 506 869 557 cruricrepidae,
893 505 1053 544 ferriteri
1075 504 1299 555 mastigiae:

194 586 232 618 15
253 574 352 612 inter
372 586 491 612 eosne
512 572 692 611 homines
713 571 941 611 condalium
963 578 1001 609 te
1023 570 1204 620 redipisci
1225 571 1428 620 postulas?

252 652 420 690 quorum
441 651 575 677 eorum
597 639 699 675 tinus
720 635 916 687 surrupuit
937 635 1106 674 currenti
1127 635 1272 673 cursori
1294 636 1431 673 solum.

253 705 329 744 CH.
361 704 413 743 ita
435 717 497 742 me
513 703 553 742 di
569 710 712 749 ament,
729 701 958 753 graphicum
975 702 1098 740 furem
1117 704 1123 739 1
1168 702 1230 739 ST.
1261 700 1355 750 quid
1376 713 1449 750 ego
1469 701 1577 750 quod

1283 765 1395 816 periit
1416 767 1578 815 petam?

252 834 322 873 nisi
345 834 462 873 etiam
479 834 652 872 laborem
674 834 725 872 ad
741 833 930 871 damnum
953 832 1150 881 apponam
1170 831 1389 881 epithecam
1408 830 1574 881 insuper.
1601 840 1685 878 1025

252 900 347 950 quin
369 907 409 938 tu
431 900 539 949 quod
560 898 671 949 periit
693 897 852 948 periisse
873 893 1015 936 ducis?
1045 909 1142 946 cape
1163 895 1388 942 umsoriam,

193 980 232 1002 20
252 964 379 1015 recipe
401 973 438 1003 te
458 965 507 1003 ad
534 977 653 1002 erum.
715 964 791 1003 CH.
825 976 905 1001 non
933 961 1135 1011 fugitiuost
1164 961 1226 999 hic
1254 962 1386 1007 homo,
1409 973 1579 999 comme-

1324 1025 1436 1064 minit
1456 1026 1576 1065 domi.

251 1097 313 1133 ST.
346 1095 496 1134 utinam
518 1101 669 1133 ueteres
692 1091 918 1145 homin<um
941 1090 1096 1143 mor>es‚
1120 1098 1271 1130 ueteres
1292 1090 1553 1141 parsimoniae

251 1160 380 1211 potius
400 1159 475 1213 (in)
496 1159 641 1198 maiore
663 1160 812 1198 honore
833 1157 897 1196 hie
919 1164 1049 1196 essent
1070 1170 1188 1207 quam
1210 1169 1337 1194 mores
1361 1155 1449 1194 mali
1468 1159 1474 1194 Ξ

251 1228 327 1266 CH.
374 1225 414 1265 di
453 1225 693 1273 inmortales,
727 1223 887 1263 basilica
927 1222 1156 1273 hicquidem
1196 1221 1368 1260 facinora
1407 1221 1578 1271 inceptat
1601 1229 1691 1264 1030

980 1280 983 1283 ¹
1446 1286 1553 1337 loqui
1572 1290 1577 1325 !

250 1365 382 1396 uetera
402 1356 563 1407 quaerit,
587 1362 719 1394 uetera
739 1368 870 1393 amare
892 1355 998 1392 hunc
1020 1366 1128 1391 more
1149 1351 1341 1391 maiorum
1363 1351 1472 1390 scias.

192 1436 229 1467 25
251 1425 313 1463 ST.
356 1435 446 1461 nam
476 1435 582 1460 nunc
618 1434 745 1460 mores
776 1419 885 1459 nihili
917 1419 1064 1458 faciunt
1095 1419 1203 1469 quod
1238 1417 1327 1456 licet
1363 1416 1434 1455 nisi
1470 1418 1579 1467 quod

1447 1483 1578 1521 lubet:

250 1553 414 1592 ambitio
436 1552 512 1591 iam
535 1565 642 1591 more
664 1557 846 1597 sanctast,
871 1549 1028 1588 liberast
1049 1562 1072 1587 a
1092 1548 1243 1599 legibus
1258 1562 1268 1595 ;

251 1628 361 1659 scuta
381 1619 506 1659 iacere
526 1620 738 1669 fugereque
759 1616 883 1655 hostis
905 1629 1013 1655 more
1035 1616 1182 1655 habent
1204 1613 1402 1653 licentiam
1420 1628 1427 1652 ε

251 1694 383 1737 petere
399 1687 590 1724 honorem
607 1698 677 1735 pro
694 1682 840 1734 flagitio
857 1696 966 1721 more
983 1683 1037 1720 fit.
1078 1683 1155 1721 CH.
1180 1693 1329 1719 morem
1344 1679 1554 1729 inprobum
1572 1681 1579 1717 ἲ
1603 1685 1688 1723 1035

253 1754 315 1791 ST.
347 1749 606 1803 strenuos<os>
626 1748 833 1800 praeterire
855 1761 963 1787 more
985 1748 1037 1785 fit.
1092 1748 1169 1785 CH.
1203 1758 1372 1795 nequam
1395 1744 1554 1794 quidem
1574 1748 1579 1782 1

192 1830 234 1861 30
253 1819 314 1856 ST.
348 1830 475 1855 mores
496 1818 599 1866 leges
620 1816 887 1866 perduxerunt
908 1813 984 1851 iarn
1006 1812 1045 1850 in
1067 1818 1302 1862 potestatem
1325 1823 1447 1858 suam,

254 1882 446 1932 magi'que
467 1882 497 1919 is
519 1889 608 1919 sunt
630 1880 872 1919 obnoxiosae
894 1891 1012 1929 quam
1035 1884 1215 1928 parentes
1236 1875 1377 1914 liberis.

300 1987 381 2017 1018
407 1986 567 2017 memoria
582 1985 647 2016 cod.
666 1996 673 2015 :
697 1996 774 2016 corr.
795 1984 930 2024 Seyffert
1018 1981 1112 2023 quia]
1133 1981 1279 2021 quinque
1297 1978 1433 2010 Mueller
1447 1979 1581 2017 (thein.

253 2029 345 2060 Mus.
362 2039 413 2070 54,
433 2030 512 2070 540)
607 2040 690 2061 1020
714 2029 853 2060 truchus
866 2028 938 2058 pet)
1030 2026 1191 2057 Struthus
1207 2024 1279 2062 suit,
1295 2022 1527 2062 Circonychus
1539 2024 1579 2064 (2)

254 2074 318 2104 Leo
408 2073 562 2104 Crimnus
580 2073 729 2113 Scalzger
840 2081 918 2102 1021
947 2070 1015 2111 oc.]
1036 2068 1273 2108 collierepidae
1290 2067 1411 2097 Becker
1498 2076 1580 2104 1024

254 2121 366 2148 ament
383 2117 456 2148 Ital.
476 2130 481 2148 :
507 2122 622 2148 amant
639 2116 703 2148 cod.
814 2124 894 2153 1025
919 2114 1109 2153 epithecam
1124 2111 1336 2143 Camerarius
1352 2122 1359 2141 τ
1384 2110 1580 2149 apothecam

255 2161 319 2192 cod.
337 2173 343 2191 ε
369 2162 585 2201 prosthecam
600 2162 642 2201 (ξ’)
672 2160 735 2190 Leo
838 2158 920 2188 1028
944 2162 1010 2188 uct.
1029 2157 1198 2187 hominum
1217 2165 1327 2184 mores
1348 2153 1555 2183 Lindemann
1574 2164 1580 2183 :

256 2210 324 2236 net.
337 2210 489 2236 ueterum
501 2214 611 2235 mores
626 2204 750 2234 Rilsclzl
839 2212 922 2241 1029
939 2212 970 2241 p.
984 2200 1098 2231 maiori
1113 2199 1229 2230 honori
1243 2198 1308 2229 cod.
1326 2209 1333 2227 z
1356 2207 1433 2227 corr.
1445 2195 1580 2226 Loman

260 2259 336 2287 1031
364 2259 457 2280 more
483 2249 621 2279 Donsa:
655 2256 783 2278 morem
811 2245 877 2276 cod.
1026 2253 1107 2282 1032
1134 2241 1260 2282 mores]
1288 2241 1443 2271 homines
1471 2239 1581 2279 Bmgk

256 2293 336 2322 nihil
363 2293 430 2323 cod.
554 2301 636 2330 1035
669 2291 799 2321 honore
825 2288 889 2320 cod.
920 2288 1014 2327 (corr.
1037 2287 1086 2320 D}
1203 2285 1284 2323 1036
1308 2289 1462 2315 strenuos
1487 2282 1580 2314 coest:

253 2347 329 2368 corr.
349 2336 461 2367 Loewe
598 2335 680 2373 1038
705 2334 812 2373 magis
838 2333 894 2372 qui
922 2336 1000 2362 sunt
1025 2330 1115 2362 cod.:
1139 2339 1216 2360 corr.
1241 2327 1399 2368 Spengel:
1435 2337 1477 2357 m.
1504 2330 1580 2365 quis

253 2385 330 2411 sunt
347 2379 430 2409 Pius
512 2378 561 2410 vel
574 2388 738 2417 mageque
848 2374 1027 2406 obnoxiosi
1043 2373 1107 2405 cod.
1223 2370 1337 2402 liberis
1359 2369 1432 2401 Ital.
1451 2381 1457 2399 :
1483 2369 1578 2400 liberi

252 2423 318 2453 cod.

956 2518 977 2528 l
