1731 2713
700 117 990 156 POENVLVS
1438 123 1505 160 IV.
1526 123 1556 160 ii

177 229 262 266 -M1.
296 227 380 266 scin
400 236 442 267 tu
462 241 570 266 erum
592 235 702 266 tuom
723 241 812 266 meo
839 242 904 267 ero
932 242 1016 268 esse
1043 228 1248 269 inimicum
1276 231 1512 282 capitalem?

1323 298 1384 335 ΞΥ.
1418 297 1509 335 scio.

100 363 168 397 880
188 359 260 396 M1.
308 366 466 408 propter
498 359 792 397 amorem—SV.
835 372 994 397 omnem
1030 372 1189 409 operam
1224 361 1364 410 perdis
1437 364 1508 400 M1.

720 423 815 473 quid
837 423 943 461 iam?
987 426 1048 462 ΞΥ.
1083 425 1174 474 quia
1195 426 1355 464 doctum
1379 428 1508 465 doces.

185 491 256 526 M1.
299 488 394 538 quid
428 502 519 538 ergo
553 488 710 527 dubitas
745 488 840 538 quin
875 490 1056 528 lubenter
1085 497 1153 528 tuo
1183 504 1249 529 ero
1280 493 1381 530 meu'
1402 494 1509 542 quod

1363 558 1509 607 possiet

181 622 306 659 facere
345 620 460 659 faciat
495 622 605 668 male,
640 620 722 659 eius
758 621 926 660 merito?
974 629 1056 659 tum
1095 629 1227 660 autem
1267 623 1297 661 si
1332 623 1427 673 quid
1467 632 1508 662 tu
1529 630 1571 662 60

1329 688 1506 736 adiuuas‚

179 764 227 788 eo
247 750 396 788 facilius
418 751 543 789 facere
564 750 715 800 poterit.
776 752 839 790 ΞΥ.
870 759 910 789 at
931 765 1003 801 ego
1025 752 1100 790 hoc
1122 760 1267 799 metuo,
1292 752 1472 802 Milphio.

181 817 253 854 M1.
285 815 381 866 quid
405 823 463 855 est
484 817 593 866 quod
617 818 798 855 metuas?
846 818 908 856 Sv.
942 818 1038 855 dum
1060 831 1126 856 ero
1147 817 1307 856 insidias
1328 819 1503 868 paritem,

1158 897 1207 921 ne
1228 897 1291 922 me
1311 884 1502 934 perduim.

91 948 156 992 885
178 946 208 985 si
229 945 307 985 eru'
330 960 439 985 meus
461 960 523 985 me
545 960 629 985 esse
650 948 850 985 elocutum
872 947 1086 998 quoiquam
1110 948 1261 986 mortali
1283 949 1389 997 sciat,

175 1013 365 1052 continuo
386 1013 417 1052 is
438 1027 500 1051 me
521 1028 568 1052 ex
589 1016 821 1063 Syncerasto
843 1015 1122 1065 Crurifragium
1144 1016 1287 1054 fecerit.

176 1080 248 1116 M1.
281 1091 499 1128 numquam
521 1079 662 1128 edepol
685 1079 858 1117 mortalis
881 1079 1089 1130 quisquam
1112 1081 1178 1118 fiet
1199 1094 1220 1119 6
1241 1095 1303 1120 me
1325 1082 1475 1130 certior,
1524 1087 1564 1127 65

174 1143 247 1182 nisi
268 1157 334 1182 ero
355 1145 444 1182 me'o
465 1142 532 1181 uni
554 1143 762 1191 indicasso,
784 1152 904 1194 atque
924 1145 959 1183 ei
980 1158 1140 1194 quoque
1161 1153 1203 1183 ut
1224 1160 1273 1184 ne
1294 1147 1471 1185 enuntiet

172 1208 213 1247 id
233 1223 318 1248 esse
338 1208 487 1248 facinus
515 1222 561 1247 ex
588 1210 654 1248 ted
678 1216 818 1247 ortum.
878 1212 940 1248 Sv.
974 1212 1075 1249 male
1102 1212 1259 1250 credam
1285 1219 1322 1250 et
1343 1213 1500 1250 credam

1353 1284 1496 1316 tamen.

83 1345 151 1389 890
170 1340 240 1378 sed
270 1341 345 1378 hoc
375 1346 416 1378 tu
446 1346 577 1378 tecum
607 1338 769 1377 tacitum
799 1340 956 1378 habeto.
1017 1342 1090 1378 M1.
1123 1340 1221 1379 Fide
1248 1355 1328 1379 non
1359 1342 1497 1381 melius

1313 1407 1492 1447 creditur.

166 1471 326 1520 loquere
348 1469 474 1520 (locus
495 1469 731 1520 occasioque
753 1470 827 1521 est)
849 1470 993 1509 libere:
1024 1470 1087 1509 hic
1108 1471 1180 1510 soli
1202 1485 1346 1510 sumus.

165 1538 229 1574 Sv.
261 1537 338 1574 eru'
359 1535 392 1573 si
412 1535 492 1573 tuo’
508 1536 591 1573 uolt
611 1536 737 1573 facere
753 1537 913 1586 frugem,
934 1549 1065 1574 meum
1087 1550 1195 1574 erum
1217 1539 1364 1587 perdet.
1416 1540 1488 1577 M1.
1514 1552 1553 1586 70

747 1597 750 1600 ⁴
1185 1604 1253 1652 qui
1273 1602 1312 1642 id
1332 1606 1492 1653 potest?

164 1667 227 1705 Sv.
259 1666 381 1704 facile,
443 1668 515 1704 Μῐ.
547 1667 607 1704 fac
642 1679 733 1716 ergo
766 1665 807 1704 id
844 1666 998 1705 ‘facile'
1033 1680 1194 1706 noscam
1227 1681 1314 1718 ego,
1347 1676 1389 1707 ut
1427 1669 1490 1709 ille

1171 1741 1294 1783 possrt
1314 1748 1486 1774 noscere.

159 1798 224 1836 Sv.
255 1796 348 1848 quia
367 1796 665 1848 Adelphasium,
689 1797 808 1847 quam
838 1810 925 1836 erus
955 1798 1112 1836 deamat
1142 1805 1240 1844 tuos,
1268 1798 1483 1849 ingenuast.

1085 1867 1097 1902 ’,
1127 1865 1199 1901 M1.
1233 1877 1311 1914 quo
1333 1866 1486 1904 modo?

72 1931 136 1976 895
159 1929 222 1966 Sv.
253 1929 395 1966 eodem
417 1941 497 1978 quo
517 1941 625 1966 soror
645 1927 746 1966 illius
767 1929 886 1966 altera
907 1928 1164 1967 Anterastilis.

160 1995 232 2032 M1.
265 1994 365 2032 cedo
386 1993 453 2044 qui
477 1993 518 2032 id
541 1994 710 2032 credam.
770 1995 833 2032 Sv.
866 1993 958 2043 quia
982 1993 1066 2032 illas
1093 1993 1187 2032 emit
1207 1993 1246 2032 in
1268 1995 1483 2034 Anactorio

1301 2062 1482 2109 paruolas

195 2164 256 2194 881
283 2163 381 2205 quin]
399 2164 454 2204 qui
471 2163 505 2194 P
605 2164 710 2206 quod]
731 2164 809 2204 quid
826 2163 859 2194 A
1009 2165 1074 2204 883
1099 2165 1225 2205 poteris
1242 2164 1276 2195 P
1415 2167 1478 2205 884

151 2250 278 2290 pariter
292 2251 326 2281 A
397 2251 547 2291 perdiam
560 2251 594 2281 P
608 2251 684 2291 (aut
694 2256 753 2291 pro
767 2218 869 2282 -D31M
883 2254 943 2282 aut
956 2261 992 2282 1A
1003 2262 1043 2282 ex
1054 2252 1116 2289 VA)
1208 2252 1270 2290 885
1289 2251 1434 2283 locutum
1447 2252 1482 2283 P

150 2294 300 2334 mortalis
316 2294 349 2324 A
370 2294 482 2333 (etiam
499 2294 566 2333 P3>
678 2296 741 2325 888
765 2306 824 2326 ero
841 2296 897 2325 uni
916 2305 991 2326 meo
1007 2295 1111 2326 Bothe
1228 2296 1293 2335 889
1310 2295 1360 2327 vel
1368 2301 1402 2327 te
1414 2296 1476 2336 (ita

148 2336 253 2373 codd.)
372 2339 433 2377 891
460 2337 565 2368 libera
576 2337 609 2367 A
721 2339 786 2378 892
802 2338 895 2369 uolet
906 2338 940 2368 P
1025 2339 1138 2378 perdit
1153 2338 1187 2368 A
1320 2341 1384 2379 893
1410 2350 1475 2379 ego

148 2390 214 2411 om.
229 2379 263 2410 P
389 2382 455 2420 896
478 2381 562 2412 cedo
579 2380 651 2422 qui]
670 2382 764 2421 sequi
780 2380 814 2412 P
898 2381 932 2412 id
948 2391 1015 2412 om.
1035 2381 1069 2412 A
1161 2383 1306 2422 parudas
1321 2382 1355 2413 P

1325 2438 1387 2469 15*
