<?xml version="1.0" encoding="UTF-8"?>
<!DOCTYPE html PUBLIC "-//W3C//DTD XHTML 1.0 Transitional//EN"
    "http://www.w3.org/TR/xhtml1/DTD/xhtml1-transitional.dtd">
<html xmlns="http://www.w3.org/1999/xhtml" xml:lang="en" lang="en">
 <head>
  <title>
</title>
<meta http-equiv="Content-Type" content="text/html;charset=utf-8" />
  <meta name='ocr-system' content='tesseract 3.04.00' />
  <meta name='ocr-capabilities' content='ocr_page ocr_carea ocr_par ocr_line ocrx_word'/>
</head>
<body>
  <div class='ocr_page' id='page_1' title='image "./tmacciplauticomo02plauuoft_0467.png"; bbox 0 0 1731 2713; ppageno 0'>
   <div class='ocr_carea' id='block_1_1' title="bbox 683 110 1572 148">
    <p class='ocr_par' dir='ltr' id='par_1_1' title="bbox 683 110 1572 148">
     <span class='ocr_line' id='line_1_1' title="bbox 683 110 1572 148; baseline 0 0"><span class='ocrx_word' id='word_1_1' title='bbox 683 110 1032 148; x_wconf 88' lang='lat' dir='ltr'><strong>TRINVMMVS</strong></span> <span class='ocrx_word' id='word_1_2' title='bbox 1469 111 1520 148; x_wconf 91' lang='lat' dir='ltr'>II.</span> <span class='ocrx_word' id='word_1_3' title='bbox 1543 112 1572 148; x_wconf 79' lang='lat'>11</span> 
     </span>
    </p>
   </div>
   <div class='ocr_carea' id='block_1_2' title="bbox 99 222 1604 1841">
    <p class='ocr_par' dir='ltr' id='par_1_2' title="bbox 99 222 1604 1841">
     <span class='ocr_line' id='line_1_2' title="bbox 171 222 1523 273; baseline 0.002 -13"><span class='ocrx_word' id='word_1_4' title='bbox 171 252 173 255; x_wconf 27' lang='lat' dir='ltr'>v</span> <span class='ocrx_word' id='word_1_5' title='bbox 200 235 335 261; x_wconf 88' lang='lat' dir='ltr'>uerum</span> <span class='ocrx_word' id='word_1_6' title='bbox 364 235 437 273; x_wconf 89' lang='lat' dir='ltr'>ego</span> <span class='ocrx_word' id='word_1_7' title='bbox 465 224 626 273; x_wconf 85' lang='lat' dir='ltr'>quando</span> <span class='ocrx_word' id='word_1_8' title='bbox 653 230 691 262; x_wconf 88' lang='lat' dir='ltr'>te</span> <span class='ocrx_word' id='word_1_9' title='bbox 718 230 756 262; x_wconf 89' lang='lat' dir='ltr'>et</span> <span class='ocrx_word' id='word_1_10' title='bbox 783 222 995 261; x_wconf 80' lang='lat' dir='ltr'>amicitiam</span> <span class='ocrx_word' id='word_1_11' title='bbox 1028 230 1066 263; x_wconf 88' lang='lat' dir='ltr'>et</span> <span class='ocrx_word' id='word_1_12' title='bbox 1090 223 1250 273; x_wconf 78' lang='lat' dir='ltr'>gratiam</span> <span class='ocrx_word' id='word_1_13' title='bbox 1286 223 1322 262; x_wconf 86' lang='lat' dir='ltr'>in</span> <span class='ocrx_word' id='word_1_14' title='bbox 1351 231 1523 263; x_wconf 86' lang='lat' dir='ltr'>nostram</span> 
     </span>
     <span class='ocr_line' id='line_1_3' title="bbox 1359 290 1523 329; baseline -0.006 -1"><span class='ocrx_word' id='word_1_15' title='bbox 1359 290 1523 329; x_wconf 88' lang='lat' dir='ltr'>domum</span> 
     </span>
     <span class='ocr_line' id='line_1_4' title="bbox 196 351 1337 401; baseline 0.002 -10"><span class='ocrx_word' id='word_1_16' title='bbox 196 351 313 392; x_wconf 86' lang='lat' dir='ltr'>uideo</span> <span class='ocrx_word' id='word_1_17' title='bbox 333 352 513 400; x_wconf 75' lang='lat' dir='ltr'>adlicere,</span> <span class='ocrx_word' id='word_1_18' title='bbox 537 353 608 392; x_wconf 87' lang='lat' dir='ltr'>etsi</span> <span class='ocrx_word' id='word_1_19' title='bbox 630 354 862 392; x_wconf 82' lang='lat' dir='ltr'>aduorsatus</span> <span class='ocrx_word' id='word_1_20' title='bbox 884 353 953 392; x_wconf 90' lang='lat' dir='ltr'>tibi</span> <span class='ocrx_word' id='word_1_21' title='bbox 976 353 1045 401; x_wconf 82' lang='lat' dir='ltr'>sui,</span> <span class='ocrx_word' id='word_1_22' title='bbox 1066 353 1161 392; x_wconf 83' lang='lat' dir='ltr'>istac</span> <span class='ocrx_word' id='word_1_23' title='bbox 1183 353 1337 393; x_wconf 86' lang='lat' dir='ltr'>iudico:</span> 
     </span>
     <span class='ocr_line' id='line_1_5' title="bbox 195 416 1403 468; baseline 0.002 -13"><span class='ocrx_word' id='word_1_24' title='bbox 195 416 265 456; x_wconf 89' lang='lat' dir='ltr'>tibi</span> <span class='ocrx_word' id='word_1_25' title='bbox 287 417 486 468; x_wconf 88' lang='lat' dir='ltr'>permitto;</span> <span class='ocrx_word' id='word_1_26' title='bbox 519 431 648 468; x_wconf 80' lang='lat' dir='ltr'>posce,</span> <span class='ocrx_word' id='word_1_27' title='bbox 665 420 778 457; x_wconf 82' lang='lat' dir='ltr'>duce.</span> <span class='ocrx_word' id='word_1_28' title='bbox 839 420 908 456; x_wconf 66' lang='lat' dir='ltr'>Lx‘.</span> <span class='ocrx_word' id='word_1_29' title='bbox 932 418 971 457; x_wconf 84' lang='lat' dir='ltr'>di</span> <span class='ocrx_word' id='word_1_30' title='bbox 994 427 1031 457; x_wconf 87' lang='lat' dir='ltr'>te</span> <span class='ocrx_word' id='word_1_31' title='bbox 1053 419 1262 458; x_wconf 85' lang='lat' dir='ltr'>seruassint</span> <span class='ocrx_word' id='word_1_32' title='bbox 1285 419 1379 458; x_wconf 89' lang='lat' dir='ltr'>mihi</span> <span class='ocrx_word' id='word_1_33' title='bbox 1398 423 1403 458; x_wconf 74' lang='grc' dir='ltr'>ἕ</span> 
     </span>
     <span class='ocr_line' id='line_1_6' title="bbox 108 482 1522 534; baseline 0.002 -15"><span class='ocrx_word' id='word_1_34' title='bbox 108 486 173 531; x_wconf 83' lang='lat'>385</span> <span class='ocrx_word' id='word_1_35' title='bbox 195 483 264 520; x_wconf 86' lang='lat' dir='ltr'>sed</span> <span class='ocrx_word' id='word_1_36' title='bbox 284 483 388 521; x_wconf 86' lang='lat' dir='ltr'>adde</span> <span class='ocrx_word' id='word_1_37' title='bbox 408 484 458 522; x_wconf 91' lang='lat' dir='ltr'>ad</span> <span class='ocrx_word' id='word_1_38' title='bbox 481 482 593 521; x_wconf 86' lang='lat' dir='ltr'>istam</span> <span class='ocrx_word' id='word_1_39' title='bbox 624 483 786 533; x_wconf 78' lang='lat' dir='ltr'>gratiam</span> <span class='ocrx_word' id='word_1_40' title='bbox 818 497 951 521; x_wconf 85' lang='lat' dir='ltr'>unum.</span> <span class='ocrx_word' id='word_1_41' title='bbox 1028 486 1102 522; x_wconf 81' lang='lat' dir='ltr'>PH.</span> <span class='ocrx_word' id='word_1_42' title='bbox 1135 484 1230 534; x_wconf 87' lang='lat' dir='ltr'>quid</span> <span class='ocrx_word' id='word_1_43' title='bbox 1253 484 1292 523; x_wconf 92' lang='lat' dir='ltr'>id</span> <span class='ocrx_word' id='word_1_44' title='bbox 1312 492 1370 523; x_wconf 86' lang='lat' dir='ltr'>est</span> <span class='ocrx_word' id='word_1_45' title='bbox 1390 492 1522 523; x_wconf 81' lang='lat' dir='ltr'>autem</span> 
     </span>
     <span class='ocr_line' id='line_1_7' title="bbox 1035 550 1518 599; baseline 0.002 -13"><span class='ocrx_word' id='word_1_46' title='bbox 1035 551 1189 587; x_wconf 88' lang='lat' dir='ltr'>unum?</span> <span class='ocrx_word' id='word_1_47' title='bbox 1245 550 1314 587; x_wconf 83' lang='lat' dir='ltr'>Lv.</span> <span class='ocrx_word' id='word_1_48' title='bbox 1348 551 1518 599; x_wconf 84' lang='lat' dir='ltr'>eloquar.</span> 
     </span>
     <span class='ocr_line' id='line_1_8' title="bbox 194 613 1603 665; baseline 0.003 -15"><span class='ocrx_word' id='word_1_49' title='bbox 194 619 276 650; x_wconf 89' lang='lat' dir='ltr'>tute</span> <span class='ocrx_word' id='word_1_50' title='bbox 296 613 346 651; x_wconf 88' lang='lat' dir='ltr'>ad</span> <span class='ocrx_word' id='word_1_51' title='bbox 368 626 458 651; x_wconf 87' lang='lat' dir='ltr'>cum</span> <span class='ocrx_word' id='word_1_52' title='bbox 480 613 611 662; x_wconf 73' lang='lat' dir='ltr'>adeas,</span> <span class='ocrx_word' id='word_1_53' title='bbox 629 620 711 652; x_wconf 89' lang='lat' dir='ltr'>tute</span> <span class='ocrx_word' id='word_1_54' title='bbox 732 613 930 662; x_wconf 81' lang='lat' dir='ltr'>concilies,</span> <span class='ocrx_word' id='word_1_55' title='bbox 950 621 1032 653; x_wconf 87' lang='lat' dir='ltr'>tute</span> <span class='ocrx_word' id='word_1_56' title='bbox 1053 627 1203 664; x_wconf 82' lang='lat' dir='ltr'>poscas.</span> <span class='ocrx_word' id='word_1_57' title='bbox 1265 616 1340 653; x_wconf 83' lang='lat' dir='ltr'>PH.</span> <span class='ocrx_word' id='word_1_58' title='bbox 1363 628 1496 653; x_wconf 80' lang='lat' dir='ltr'>eccere</span> <span class='ocrx_word' id='word_1_59' title='bbox 1514 618 1520 653; x_wconf 76' lang='lat' dir='ltr'>i</span> <span class='ocrx_word' id='word_1_60' title='bbox 1544 633 1603 665; x_wconf 87' lang='lat'>105</span> 
     </span>
     <span class='ocr_line' id='line_1_9' title="bbox 194 677 1519 730; baseline 0.002 -15"><span class='ocrx_word' id='word_1_61' title='bbox 194 678 263 715; x_wconf 72' lang='lat' dir='ltr'>Lv.</span> <span class='ocrx_word' id='word_1_62' title='bbox 297 677 419 717; x_wconf 88' lang='lat' dir='ltr'>nimio</span> <span class='ocrx_word' id='word_1_63' title='bbox 436 678 549 717; x_wconf 89' lang='lat' dir='ltr'>citius</span> <span class='ocrx_word' id='word_1_64' title='bbox 567 679 754 730; x_wconf 85' lang='lat' dir='ltr'>transiges</span> <span class='ocrx_word' id='word_1_65' title='bbox 774 695 780 717; x_wconf 75' lang='grc' dir='ltr'>ε</span> <span class='ocrx_word' id='word_1_66' title='bbox 812 680 967 717; x_wconf 86' lang='lat' dir='ltr'>firmum</span> <span class='ocrx_word' id='word_1_67' title='bbox 982 692 1101 718; x_wconf 90' lang='lat' dir='ltr'>omne</span> <span class='ocrx_word' id='word_1_68' title='bbox 1117 679 1186 718; x_wconf 87' lang='lat' dir='ltr'>erit</span> <span class='ocrx_word' id='word_1_69' title='bbox 1203 681 1311 730; x_wconf 86' lang='lat' dir='ltr'>quod</span> <span class='ocrx_word' id='word_1_70' title='bbox 1329 687 1369 718; x_wconf 89' lang='lat' dir='ltr'>tu</span> <span class='ocrx_word' id='word_1_71' title='bbox 1386 679 1519 730; x_wconf 80' lang='lat' dir='ltr'>egeris.</span> 
     </span>
     <span class='ocr_line' id='line_1_10' title="bbox 191 742 1522 794; baseline 0.002 -14"><span class='ocrx_word' id='word_1_72' title='bbox 191 742 345 791; x_wconf 84' lang='lat' dir='ltr'>grauius</span> <span class='ocrx_word' id='word_1_73' title='bbox 366 750 476 781; x_wconf 87' lang='lat' dir='ltr'>tuom</span> <span class='ocrx_word' id='word_1_74' title='bbox 498 744 569 783; x_wconf 88' lang='lat' dir='ltr'>erit</span> <span class='ocrx_word' id='word_1_75' title='bbox 589 757 712 782; x_wconf 86' lang='lat' dir='ltr'>unum</span> <span class='ocrx_word' id='word_1_76' title='bbox 740 743 905 782; x_wconf 88' lang='lat' dir='ltr'>uerbum</span> <span class='ocrx_word' id='word_1_77' title='bbox 926 745 976 783; x_wconf 88' lang='lat' dir='ltr'>ad</span> <span class='ocrx_word' id='word_1_78' title='bbox 1007 757 1092 783; x_wconf 90' lang='lat' dir='ltr'>eam</span> <span class='ocrx_word' id='word_1_79' title='bbox 1121 758 1200 782; x_wconf 92' lang='lat' dir='ltr'>rem</span> <span class='ocrx_word' id='word_1_80' title='bbox 1223 757 1341 794; x_wconf 85' lang='lat' dir='ltr'>quam</span> <span class='ocrx_word' id='word_1_81' title='bbox 1363 752 1522 783; x_wconf 84' lang='lat' dir='ltr'>centum</span> 
     </span>
     <span class='ocr_line' id='line_1_11' title="bbox 1423 823 1519 849; baseline 0.01 -1"><span class='ocrx_word' id='word_1_82' title='bbox 1423 823 1519 849; x_wconf 85' lang='lat' dir='ltr'>mea.</span> 
     </span>
     <span class='ocr_line' id='line_1_12' title="bbox 191 874 1403 926; baseline 0.002 -15"><span class='ocrx_word' id='word_1_83' title='bbox 191 875 266 912; x_wconf 82' lang='lat' dir='ltr'>PH.</span> <span class='ocrx_word' id='word_1_84' title='bbox 299 887 392 913; x_wconf 87' lang='lat' dir='ltr'>ecce</span> <span class='ocrx_word' id='word_1_85' title='bbox 413 882 546 913; x_wconf 89' lang='lat' dir='ltr'>autem</span> <span class='ocrx_word' id='word_1_86' title='bbox 569 874 607 913; x_wconf 90' lang='lat' dir='ltr'>in</span> <span class='ocrx_word' id='word_1_87' title='bbox 631 875 871 925; x_wconf 83' lang='lat' dir='ltr'>benignitate</span> <span class='ocrx_word' id='word_1_88' title='bbox 893 876 970 913; x_wconf 87' lang='lat' dir='ltr'>hoc</span> <span class='ocrx_word' id='word_1_89' title='bbox 991 875 1153 926; x_wconf 90' lang='lat' dir='ltr'>repperi,</span> <span class='ocrx_word' id='word_1_90' title='bbox 1178 875 1378 926; x_wconf 82' lang='lat' dir='ltr'>negotium</span> <span class='ocrx_word' id='word_1_91' title='bbox 1397 879 1403 913; x_wconf 86' lang='lat'>!</span> 
     </span>
     <span class='ocr_line' id='line_1_13' title="bbox 104 938 1521 990; baseline 0.001 -14"><span class='ocrx_word' id='word_1_92' title='bbox 104 947 173 984; x_wconf 86' lang='lat'>390</span> <span class='ocrx_word' id='word_1_93' title='bbox 191 938 348 977; x_wconf 87' lang='lat' dir='ltr'>dabitur</span> <span class='ocrx_word' id='word_1_94' title='bbox 364 952 492 989; x_wconf 90' lang='lat' dir='ltr'>opera.</span> <span class='ocrx_word' id='word_1_95' title='bbox 532 941 602 979; x_wconf 86' lang='lat' dir='ltr'>Lv.</span> <span class='ocrx_word' id='word_1_96' title='bbox 620 940 774 990; x_wconf 89' lang='lat' dir='ltr'>lepidus</span> <span class='ocrx_word' id='word_1_97' title='bbox 791 939 902 978; x_wconf 87' lang='lat' dir='ltr'>uiuis.</span> <span class='ocrx_word' id='word_1_98' title='bbox 937 941 1034 979; x_wconf 86' lang='lat' dir='ltr'>haec</span> <span class='ocrx_word' id='word_1_99' title='bbox 1052 948 1141 978; x_wconf 84' lang='lat' dir='ltr'>sunt</span> <span class='ocrx_word' id='word_1_100' title='bbox 1155 941 1284 987; x_wconf 84' lang='lat' dir='ltr'>aedes,</span> <span class='ocrx_word' id='word_1_101' title='bbox 1301 940 1364 978; x_wconf 89' lang='lat' dir='ltr'>hic</span> <span class='ocrx_word' id='word_1_102' title='bbox 1378 940 1496 979; x_wconf 86' lang='lat' dir='ltr'>habet</span> <span class='ocrx_word' id='word_1_103' title='bbox 1513 955 1521 987; x_wconf 91' lang='lat'>;</span> 
     </span>
     <span class='ocr_line' id='line_1_14' title="bbox 191 1004 1604 1056; baseline -0.002 -14"><span class='ocrx_word' id='word_1_104' title='bbox 191 1004 416 1043; x_wconf 87' lang='lat' dir='ltr'>Lesbonico</span> <span class='ocrx_word' id='word_1_105' title='bbox 445 1012 503 1043; x_wconf 86' lang='lat' dir='ltr'>est</span> <span class='ocrx_word' id='word_1_106' title='bbox 535 1017 690 1043; x_wconf 91' lang='lat' dir='ltr'>nomen.</span> <span class='ocrx_word' id='word_1_107' title='bbox 750 1018 832 1055; x_wconf 87' lang='lat' dir='ltr'>age,</span> <span class='ocrx_word' id='word_1_108' title='bbox 870 1018 950 1043; x_wconf 90' lang='lat' dir='ltr'>rem</span> <span class='ocrx_word' id='word_1_109' title='bbox 979 1019 1080 1044; x_wconf 85' lang='lat' dir='ltr'>cura.</span> <span class='ocrx_word' id='word_1_110' title='bbox 1140 1018 1213 1055; x_wconf 87' lang='lat' dir='ltr'>ego</span> <span class='ocrx_word' id='word_1_111' title='bbox 1247 1013 1285 1044; x_wconf 90' lang='lat' dir='ltr'>te</span> <span class='ocrx_word' id='word_1_112' title='bbox 1318 1005 1520 1056; x_wconf 83' lang='lat' dir='ltr'>opperiam</span> <span class='ocrx_word' id='word_1_113' title='bbox 1543 1018 1604 1040; x_wconf 89' lang='lat'>110</span> 
     </span>
     <span class='ocr_line' id='line_1_15' title="bbox 1343 1070 1522 1110; baseline -0.011 0"><span class='ocrx_word' id='word_1_114' title='bbox 1343 1070 1522 1110; x_wconf 88' lang='lat' dir='ltr'>domi.—</span> 
     </span>
     <span class='ocr_line' id='line_1_16' title="bbox 744 1124 1585 1164; baseline -0.001 -1"><span class='ocrx_word' id='word_1_115' title='bbox 744 1127 775 1163; x_wconf 91' lang='lat' dir='ltr'><strong>P</strong></span> <span class='ocrx_word' id='word_1_116' title='bbox 790 1137 818 1163; x_wconf 84' lang='lat' dir='ltr'>H</span> <span class='ocrx_word' id='word_1_117' title='bbox 834 1137 845 1163; x_wconf 94' lang='lat'>1</span> <span class='ocrx_word' id='word_1_118' title='bbox 862 1136 884 1163; x_wconf 83' lang='lat' dir='ltr'>L</span> <span class='ocrx_word' id='word_1_119' title='bbox 898 1137 922 1163; x_wconf 88' lang='lat' dir='ltr'>T</span> <span class='ocrx_word' id='word_1_120' title='bbox 935 1137 960 1164; x_wconf 94' lang='lat' dir='ltr'>o</span> <span class='ocrx_word' id='word_1_121' title='bbox 1539 1124 1585 1162; x_wconf 91' lang='lat' dir='ltr'>iii</span> 
     </span>
     <span class='ocr_line' id='line_1_17' title="bbox 244 1201 1434 1253; baseline 0.002 -14"><span class='ocrx_word' id='word_1_122' title='bbox 244 1201 337 1240; x_wconf 92' lang='lat' dir='ltr'>Non</span> <span class='ocrx_word' id='word_1_123' title='bbox 358 1208 521 1252; x_wconf 89' lang='lat' dir='ltr'>optuma</span> <span class='ocrx_word' id='word_1_124' title='bbox 542 1202 639 1240; x_wconf 86' lang='lat' dir='ltr'>haec</span> <span class='ocrx_word' id='word_1_125' title='bbox 660 1208 750 1240; x_wconf 84' lang='lat' dir='ltr'>sunt</span> <span class='ocrx_word' id='word_1_126' title='bbox 771 1215 900 1252; x_wconf 87' lang='lat' dir='ltr'>neque</span> <span class='ocrx_word' id='word_1_127' title='bbox 922 1209 964 1240; x_wconf 87' lang='lat' dir='ltr'>ut</span> <span class='ocrx_word' id='word_1_128' title='bbox 985 1215 1058 1253; x_wconf 86' lang='lat' dir='ltr'>ego</span> <span class='ocrx_word' id='word_1_129' title='bbox 1078 1215 1249 1253; x_wconf 89' lang='lat' dir='ltr'>aequom</span> <span class='ocrx_word' id='word_1_130' title='bbox 1266 1214 1410 1241; x_wconf 87' lang='lat' dir='ltr'>censeo</span> <span class='ocrx_word' id='word_1_131' title='bbox 1425 1216 1434 1250; x_wconf 78' lang='lat'><em>3</em></span> 
     </span>
     <span class='ocr_line' id='line_1_18' title="bbox 244 1267 1191 1317; baseline 0 -12"><span class='ocrx_word' id='word_1_132' title='bbox 244 1280 381 1306; x_wconf 91' lang='lat' dir='ltr'>uerum</span> <span class='ocrx_word' id='word_1_133' title='bbox 404 1267 564 1306; x_wconf 85' lang='lat' dir='ltr'>meliora</span> <span class='ocrx_word' id='word_1_134' title='bbox 585 1274 674 1306; x_wconf 87' lang='lat' dir='ltr'>sunt</span> <span class='ocrx_word' id='word_1_135' title='bbox 695 1280 814 1317; x_wconf 88' lang='lat' dir='ltr'>quam</span> <span class='ocrx_word' id='word_1_136' title='bbox 837 1280 938 1317; x_wconf 86' lang='lat' dir='ltr'>quae</span> <span class='ocrx_word' id='word_1_137' title='bbox 959 1268 1191 1307; x_wconf 89' lang='lat' dir='ltr'>deterruma.</span> 
     </span>
     <span class='ocr_line' id='line_1_19' title="bbox 245 1332 1384 1383; baseline 0.001 -12"><span class='ocrx_word' id='word_1_138' title='bbox 245 1333 314 1372; x_wconf 88' lang='lat' dir='ltr'>sed</span> <span class='ocrx_word' id='word_1_139' title='bbox 335 1334 411 1371; x_wconf 90' lang='lat' dir='ltr'>hoc</span> <span class='ocrx_word' id='word_1_140' title='bbox 431 1335 554 1371; x_wconf 71' lang='lat' dir='ltr'>tinum</span> <span class='ocrx_word' id='word_1_141' title='bbox 575 1333 800 1371; x_wconf 85' lang='lat' dir='ltr'>consolatur</span> <span class='ocrx_word' id='word_1_142' title='bbox 821 1332 883 1371; x_wconf 85' lang='lat' dir='ltr'>me&#39;</span> <span class='ocrx_word' id='word_1_143' title='bbox 903 1340 1022 1383; x_wconf 86' lang='lat' dir='ltr'>atque</span> <span class='ocrx_word' id='word_1_144' title='bbox 1042 1333 1218 1372; x_wconf 88' lang='lat' dir='ltr'>animum</span> <span class='ocrx_word' id='word_1_145' title='bbox 1240 1346 1384 1380; x_wconf 89' lang='lat' dir='ltr'>meum,</span> 
     </span>
     <span class='ocr_line' id='line_1_20' title="bbox 104 1397 1230 1450; baseline 0.002 -14"><span class='ocrx_word' id='word_1_146' title='bbox 104 1412 169 1449; x_wconf 83' lang='lat'>395</span> <span class='ocrx_word' id='word_1_147' title='bbox 245 1398 337 1449; x_wconf 86' lang='lat' dir='ltr'>quia</span> <span class='ocrx_word' id='word_1_148' title='bbox 357 1398 424 1449; x_wconf 90' lang='lat' dir='ltr'>qui</span> <span class='ocrx_word' id='word_1_149' title='bbox 444 1398 541 1436; x_wconf 89' lang='lat' dir='ltr'>nihil</span> <span class='ocrx_word' id='word_1_150' title='bbox 561 1398 668 1437; x_wconf 88' lang='lat' dir='ltr'>aliud</span> <span class='ocrx_word' id='word_1_151' title='bbox 689 1397 762 1436; x_wconf 86' lang='lat' dir='ltr'>nisi</span> <span class='ocrx_word' id='word_1_152' title='bbox 784 1400 893 1448; x_wconf 88' lang='lat' dir='ltr'>quod</span> <span class='ocrx_word' id='word_1_153' title='bbox 914 1398 988 1438; x_wconf 89' lang='lat' dir='ltr'>sibi</span> <span class='ocrx_word' id='word_1_154' title='bbox 1009 1398 1080 1438; x_wconf 90' lang='lat' dir='ltr'>soli</span> <span class='ocrx_word' id='word_1_155' title='bbox 1102 1400 1230 1450; x_wconf 83' lang='lat' dir='ltr'>placet</span> 
     </span>
     <span class='ocr_line' id='line_1_21' title="bbox 243 1463 1558 1514; baseline -0.002 -10"><span class='ocrx_word' id='word_1_156' title='bbox 243 1463 412 1504; x_wconf 83' lang='lat' dir='ltr'>consulit</span> <span class='ocrx_word' id='word_1_157' title='bbox 431 1464 645 1503; x_wconf 87' lang='lat' dir='ltr'>aduorsum</span> <span class='ocrx_word' id='word_1_158' title='bbox 666 1463 804 1512; x_wconf 80' lang='lat' dir='ltr'>filium,</span> <span class='ocrx_word' id='word_1_159' title='bbox 825 1477 947 1514; x_wconf 88' lang='lat' dir='ltr'>nugas</span> <span class='ocrx_word' id='word_1_160' title='bbox 967 1464 1045 1514; x_wconf 87' lang='lat' dir='ltr'>agit</span> <span class='ocrx_word' id='word_1_161' title='bbox 1062 1479 1069 1502; x_wconf 87' lang='lat'>:</span> <span class='ocrx_word' id='word_1_162' title='bbox 1539 1479 1558 1512; x_wconf 91' lang='lat'><strong>5</strong></span> 
     </span>
     <span class='ocr_line' id='line_1_22' title="bbox 242 1529 1084 1577; baseline -0.001 -8"><span class='ocrx_word' id='word_1_163' title='bbox 242 1530 359 1569; x_wconf 91' lang='lat' dir='ltr'>miser</span> <span class='ocrx_word' id='word_1_164' title='bbox 378 1543 424 1568; x_wconf 88' lang='lat' dir='ltr'>ex</span> <span class='ocrx_word' id='word_1_165' title='bbox 443 1529 577 1568; x_wconf 88' lang='lat' dir='ltr'>animo</span> <span class='ocrx_word' id='word_1_166' title='bbox 598 1530 654 1577; x_wconf 80' lang='lat' dir='ltr'>fit,</span> <span class='ocrx_word' id='word_1_167' title='bbox 677 1529 815 1568; x_wconf 85' lang='lat' dir='ltr'>factius</span> <span class='ocrx_word' id='word_1_168' title='bbox 837 1529 961 1569; x_wconf 90' lang='lat' dir='ltr'>nihilo</span> <span class='ocrx_word' id='word_1_169' title='bbox 981 1529 1084 1568; x_wconf 89' lang='lat' dir='ltr'>facit.</span> 
     </span>
     <span class='ocr_line' id='line_1_23' title="bbox 241 1583 1143 1644; baseline -0.001 -10"><span class='ocrx_word' id='word_1_170' title='bbox 241 1608 334 1635; x_wconf 88' lang='lat' dir='ltr'>suae</span> <span class='ocrx_word' id='word_1_171' title='bbox 354 1594 546 1634; x_wconf 70' lang='lat' dir='ltr'>senectiiti</span> <span class='ocrx_word' id='word_1_172' title='bbox 567 1593 598 1633; x_wconf 84' lang='lat' dir='ltr'>is</span> <span class='ocrx_word' id='word_1_173' title='bbox 619 1583 808 1633; x_wconf 82' lang='lat' dir='ltr'>acriorem</span> <span class='ocrx_word' id='word_1_174' title='bbox 831 1594 1003 1633; x_wconf 89' lang='lat' dir='ltr'>hiemem</span> <span class='ocrx_word' id='word_1_175' title='bbox 1024 1602 1143 1644; x_wconf 83' lang='lat' dir='ltr'>parat,</span> 
     </span>
     <span class='ocr_line' id='line_1_24' title="bbox 241 1659 1245 1711; baseline 0 -13"><span class='ocrx_word' id='word_1_176' title='bbox 241 1673 363 1711; x_wconf 88' lang='lat' dir='ltr'>quom</span> <span class='ocrx_word' id='word_1_177' title='bbox 384 1660 489 1699; x_wconf 90' lang='lat' dir='ltr'>illam</span> <span class='ocrx_word' id='word_1_178' title='bbox 510 1660 762 1711; x_wconf 89' lang='lat' dir='ltr'>inportunam</span> <span class='ocrx_word' id='word_1_179' title='bbox 783 1666 1059 1711; x_wconf 85' lang='lat' dir='ltr'>tempestatem</span> <span class='ocrx_word' id='word_1_180' title='bbox 1080 1659 1245 1699; x_wconf 90' lang='lat' dir='ltr'>conciet.</span> 
     </span>
     <span class='ocr_line' id='line_1_25' title="bbox 99 1724 1240 1776; baseline 0.001 -13"><span class='ocrx_word' id='word_1_181' title='bbox 99 1738 170 1771; x_wconf 82' lang='lat'>400</span> <span class='ocrx_word' id='word_1_182' title='bbox 242 1726 311 1764; x_wconf 88' lang='lat' dir='ltr'>sed</span> <span class='ocrx_word' id='word_1_183' title='bbox 330 1724 557 1776; x_wconf 85' lang='lat' dir='ltr'>aperiuntur</span> <span class='ocrx_word' id='word_1_184' title='bbox 575 1727 694 1765; x_wconf 86' lang='lat' dir='ltr'>aedes</span> <span class='ocrx_word' id='word_1_185' title='bbox 716 1738 796 1776; x_wconf 90' lang='lat' dir='ltr'>quo</span> <span class='ocrx_word' id='word_1_186' title='bbox 817 1724 924 1764; x_wconf 86' lang='lat' dir='ltr'>ibam</span> <span class='ocrx_word' id='word_1_187' title='bbox 942 1740 948 1764; x_wconf 90' lang='lat'>:</span> <span class='ocrx_word' id='word_1_188' title='bbox 979 1726 1240 1764; x_wconf 82' lang='lat' dir='ltr'>commodum</span> 
     </span>
     <span class='ocr_line' id='line_1_26' title="bbox 241 1790 1577 1841; baseline -0.002 -11"><span class='ocrx_word' id='word_1_189' title='bbox 241 1791 324 1841; x_wconf 90' lang='lat' dir='ltr'>ipse</span> <span class='ocrx_word' id='word_1_190' title='bbox 343 1790 421 1830; x_wconf 88' lang='lat' dir='ltr'>exit</span> <span class='ocrx_word' id='word_1_191' title='bbox 442 1790 687 1830; x_wconf 86' lang='lat' dir='ltr'>Lesbonicus</span> <span class='ocrx_word' id='word_1_192' title='bbox 709 1804 799 1830; x_wconf 90' lang='lat' dir='ltr'>cum</span> <span class='ocrx_word' id='word_1_193' title='bbox 822 1803 937 1830; x_wconf 87' lang='lat' dir='ltr'>seruo</span> <span class='ocrx_word' id='word_1_194' title='bbox 957 1792 1071 1829; x_wconf 85' lang='lat' dir='ltr'>foras.</span> <span class='ocrx_word' id='word_1_195' title='bbox 1539 1805 1577 1828; x_wconf 89' lang='lat'>10</span> 
     </span>
    </p>
   </div>
   <div class='ocr_carea' id='block_1_3' title="bbox 305 1902 1581 1943">
    <p class='ocr_par' dir='ltr' id='par_1_3' title="bbox 305 1902 1581 1943">
     <span class='ocr_line' id='line_1_27' title="bbox 305 1902 1581 1943; baseline -0.005 0"><span class='ocrx_word' id='word_1_196' title='bbox 305 1906 660 1943; x_wconf 78' lang='lat' dir='ltr'>LESBON1cvs</span> <span class='ocrx_word' id='word_1_197' title='bbox 772 1905 1051 1942; x_wconf 76' lang='lat' dir='ltr'>STAsrmvs</span> <span class='ocrx_word' id='word_1_198' title='bbox 1180 1904 1395 1939; x_wconf 85' lang='lat' dir='ltr'><strong>PHILTO</strong></span> <span class='ocrx_word' id='word_1_199' title='bbox 1535 1902 1581 1938; x_wconf 90' lang='lat' dir='ltr'>iv</span> 
     </span>
    </p>
   </div>
   <div class='ocr_carea' id='block_1_4' title="bbox 239 1982 1488 2103">
    <p class='ocr_par' dir='ltr' id='par_1_4' title="bbox 239 1982 1488 2103">
     <span class='ocr_line' id='line_1_28' title="bbox 240 1982 1488 2039; baseline -0.004 -12"><span class='ocrx_word' id='word_1_200' title='bbox 240 1989 311 2026; x_wconf 78' lang='lat' dir='ltr'>LE.</span> <span class='ocrx_word' id='word_1_201' title='bbox 344 1987 470 2027; x_wconf 88' lang='lat' dir='ltr'>Minu’</span> <span class='ocrx_word' id='word_1_202' title='bbox 492 1986 720 2039; x_wconf 88' lang='lat' dir='ltr'>quindecim</span> <span class='ocrx_word' id='word_1_203' title='bbox 742 1985 827 2025; x_wconf 86' lang='lat' dir='ltr'>dies</span> <span class='ocrx_word' id='word_1_204' title='bbox 848 1992 939 2024; x_wconf 88' lang='lat' dir='ltr'>sunt</span> <span class='ocrx_word' id='word_1_205' title='bbox 960 1998 1082 2035; x_wconf 91' lang='lat' dir='ltr'>quom</span> <span class='ocrx_word' id='word_1_206' title='bbox 1104 1997 1175 2035; x_wconf 87' lang='lat' dir='ltr'>pro</span> <span class='ocrx_word' id='word_1_207' title='bbox 1195 1983 1304 2023; x_wconf 88' lang='lat' dir='ltr'>hisce</span> <span class='ocrx_word' id='word_1_208' title='bbox 1323 1982 1488 2023; x_wconf 86' lang='lat' dir='ltr'>aedibus</span> 
     </span>
     <span class='ocr_line' id='line_1_29' title="bbox 239 2049 1088 2103; baseline -0.005 -11"><span class='ocrx_word' id='word_1_209' title='bbox 239 2052 365 2092; x_wconf 87' lang='lat' dir='ltr'>minas</span> <span class='ocrx_word' id='word_1_210' title='bbox 385 2052 644 2103; x_wconf 85' lang='lat' dir='ltr'>quadraginta</span> <span class='ocrx_word' id='word_1_211' title='bbox 663 2049 851 2102; x_wconf 88' lang='lat' dir='ltr'>accepisti</span> <span class='ocrx_word' id='word_1_212' title='bbox 871 2064 895 2089; x_wconf 88' lang='lat' dir='ltr'>a</span> <span class='ocrx_word' id='word_1_213' title='bbox 917 2050 1088 2090; x_wconf 87' lang='lat' dir='ltr'>Callicle.</span> 
     </span>
    </p>
   </div>
   <div class='ocr_carea' id='block_1_5' title="bbox 184 2153 1515 2325">
    <p class='ocr_par' dir='ltr' id='par_1_5' title="bbox 184 2153 1515 2325">
     <span class='ocr_line' id='line_1_30' title="bbox 227 2153 1513 2199; baseline -0.003 -10"><span class='ocrx_word' id='word_1_214' title='bbox 227 2158 291 2197; x_wconf 87' lang='lat'>383</span> <span class='ocrx_word' id='word_1_215' title='bbox 315 2157 391 2189; x_wconf 86' lang='lat' dir='ltr'>adu.</span> <span class='ocrx_word' id='word_1_216' title='bbox 412 2157 472 2199; x_wconf 84' lang='lat' dir='ltr'>[si]</span> <span class='ocrx_word' id='word_1_217' title='bbox 491 2157 551 2188; x_wconf 90' lang='lat' dir='ltr'>tibi</span> <span class='ocrx_word' id='word_1_218' title='bbox 568 2157 600 2188; x_wconf 89' lang='lat' dir='ltr'><em>P</em></span> <span class='ocrx_word' id='word_1_219' title='bbox 615 2156 671 2195; x_wconf 88' lang='lat' dir='ltr'>(iv.</span> <span class='ocrx_word' id='word_1_220' title='bbox 690 2155 726 2198; x_wconf 88' lang='lat'>3)</span> <span class='ocrx_word' id='word_1_221' title='bbox 860 2156 924 2196; x_wconf 87' lang='lat'>385</span> <span class='ocrx_word' id='word_1_222' title='bbox 948 2156 989 2186; x_wconf 92' lang='lat' dir='ltr'>ad</span> <span class='ocrx_word' id='word_1_223' title='bbox 1015 2155 1111 2186; x_wconf 79' lang='lat' dir='ltr'>istam</span> <span class='ocrx_word' id='word_1_224' title='bbox 1135 2154 1220 2185; x_wconf 88' lang='lat' dir='ltr'>adde</span> <span class='ocrx_word' id='word_1_225' title='bbox 1243 2153 1332 2189; x_wconf 65' lang='lat' dir='ltr'>Reiz,</span> <span class='ocrx_word' id='word_1_226' title='bbox 1354 2164 1436 2186; x_wconf 80' lang='lat' dir='ltr'>nam</span> <span class='ocrx_word' id='word_1_227' title='bbox 1454 2155 1513 2185; x_wconf 86' lang='lat' dir='ltr'>sed</span> 
     </span>
     <span class='ocr_line' id='line_1_31' title="bbox 185 2199 1513 2242; baseline -0.004 -9"><span class='ocrx_word' id='word_1_228' title='bbox 185 2203 271 2233; x_wconf 61' lang='lat' dir='ltr'>adde</span> <span class='ocrx_word' id='word_1_229' title='bbox 294 2201 434 2242; x_wconf 63' lang='lat' dir='ltr'>dssplicet</span> <span class='ocrx_word' id='word_1_230' title='bbox 534 2200 566 2231; x_wconf 88' lang='lat' dir='ltr'>id</span> <span class='ocrx_word' id='word_1_231' title='bbox 583 2211 649 2231; x_wconf 84' lang='lat' dir='ltr'>om.</span> <span class='ocrx_word' id='word_1_232' title='bbox 665 2200 698 2231; x_wconf 88' lang='lat' dir='ltr'><em>A</em></span> <span class='ocrx_word' id='word_1_233' title='bbox 832 2200 896 2238; x_wconf 88' lang='lat'>386</span> <span class='ocrx_word' id='word_1_234' title='bbox 918 2199 970 2230; x_wconf 79' lang='lat' dir='ltr'>vel</span> <span class='ocrx_word' id='word_1_235' title='bbox 983 2199 1044 2230; x_wconf 87' lang='lat' dir='ltr'>tut&#39;</span> <span class='ocrx_word' id='word_1_236' title='bbox 1063 2209 1158 2230; x_wconf 90' lang='lat' dir='ltr'>conc.</span> <span class='ocrx_word' id='word_1_237' title='bbox 1292 2199 1355 2237; x_wconf 86' lang='lat'>387</span> <span class='ocrx_word' id='word_1_238' title='bbox 1380 2208 1513 2229; x_wconf 88' lang='lat' dir='ltr'>omnem</span> 
     </span>
     <span class='ocr_line' id='line_1_32' title="bbox 185 2242 1513 2284; baseline -0.003 -8"><span class='ocrx_word' id='word_1_239' title='bbox 185 2246 218 2276; x_wconf 88' lang='lat' dir='ltr'><em>P</em></span> <span class='ocrx_word' id='word_1_240' title='bbox 344 2245 408 2284; x_wconf 89' lang='lat'>388</span> <span class='ocrx_word' id='word_1_241' title='bbox 425 2244 489 2275; x_wconf 90' lang='lat' dir='ltr'>erit</span> <span class='ocrx_word' id='word_1_242' title='bbox 506 2249 599 2275; x_wconf 91' lang='lat' dir='ltr'>tuum</span> <span class='ocrx_word' id='word_1_243' title='bbox 615 2244 649 2275; x_wconf 91' lang='lat' dir='ltr'><em>P</em></span> <span class='ocrx_word' id='word_1_244' title='bbox 776 2252 838 2283; x_wconf 84' lang='lat'>391</span> <span class='ocrx_word' id='word_1_245' title='bbox 858 2252 972 2275; x_wconf 86' lang='lat' dir='ltr'>curam</span> <span class='ocrx_word' id='word_1_246' title='bbox 985 2243 1017 2272; x_wconf 89' lang='lat' dir='ltr'><em>A</em></span> <span class='ocrx_word' id='word_1_247' title='bbox 1168 2251 1231 2281; x_wconf 86' lang='lat'>394</span> <span class='ocrx_word' id='word_1_248' title='bbox 1259 2242 1322 2272; x_wconf 93' lang='lat' dir='ltr'>hoc</span> <span class='ocrx_word' id='word_1_249' title='bbox 1340 2252 1394 2272; x_wconf 91' lang='lat' dir='ltr'>me</span> <span class='ocrx_word' id='word_1_250' title='bbox 1412 2252 1513 2272; x_wconf 89' lang='lat' dir='ltr'>unum</span> 
     </span>
     <span class='ocr_line' id='line_1_33' title="bbox 184 2285 1515 2325; baseline -0.003 -5"><span class='ocrx_word' id='word_1_251' title='bbox 184 2288 380 2320; x_wconf 80' lang='lat' dir='ltr'>consolatur</span> <span class='ocrx_word' id='word_1_252' title='bbox 394 2288 428 2318; x_wconf 87' lang='lat' dir='ltr'><em>A</em></span> <span class='ocrx_word' id='word_1_253' title='bbox 444 2299 450 2318; x_wconf 74' lang='grc' dir='ltr'>ε</span> <span class='ocrx_word' id='word_1_254' title='bbox 469 2288 530 2319; x_wconf 93' lang='lat' dir='ltr'>hoc</span> <span class='ocrx_word' id='word_1_255' title='bbox 547 2298 649 2319; x_wconf 89' lang='lat' dir='ltr'>unum</span> <span class='ocrx_word' id='word_1_256' title='bbox 667 2286 883 2318; x_wconf 81' lang='lat' dir='ltr'>consulatum</span> <span class='ocrx_word' id='word_1_257' title='bbox 907 2296 961 2317; x_wconf 85' lang='lat' dir='ltr'>me</span> <span class='ocrx_word' id='word_1_258' title='bbox 985 2285 1018 2316; x_wconf 91' lang='lat' dir='ltr'><em>P</em></span> <span class='ocrx_word' id='word_1_259' title='bbox 1111 2286 1176 2325; x_wconf 87' lang='lat'>398</span> <span class='ocrx_word' id='word_1_260' title='bbox 1201 2285 1228 2316; x_wconf 88' lang='lat' dir='ltr'>is</span> <span class='ocrx_word' id='word_1_261' title='bbox 1245 2295 1310 2316; x_wconf 85' lang='lat' dir='ltr'>om.</span> <span class='ocrx_word' id='word_1_262' title='bbox 1323 2285 1356 2315; x_wconf 89' lang='lat' dir='ltr'><em>A</em></span> <span class='ocrx_word' id='word_1_263' title='bbox 1449 2296 1515 2324; x_wconf 88' lang='lat'>400</span> 
     </span>
    </p>
   </div>
   <div class='ocr_carea' id='block_1_6' title="bbox 184 2330 1426 2419">
    <p class='ocr_par' dir='ltr' id='par_1_6' title="bbox 184 2330 1426 2419">
     <span class='ocr_line' id='line_1_34' title="bbox 184 2330 745 2370; baseline -0.004 -7"><span class='ocrx_word' id='word_1_264' title='bbox 184 2333 358 2363; x_wconf 86' lang='lat' dir='ltr'>commode</span> <span class='ocrx_word' id='word_1_265' title='bbox 381 2331 415 2363; x_wconf 91' lang='lat' dir='ltr'><em>P</em></span> <span class='ocrx_word' id='word_1_266' title='bbox 508 2341 572 2370; x_wconf 87' lang='lat'>402</span> <span class='ocrx_word' id='word_1_267' title='bbox 596 2341 696 2370; x_wconf 90' lang='lat' dir='ltr'>quam</span> <span class='ocrx_word' id='word_1_268' title='bbox 712 2330 745 2361; x_wconf 84' lang='lat' dir='ltr'><em>A</em></span> 
     </span>
     <span class='ocr_line' id='line_1_35' title="bbox 227 2383 1426 2419; baseline -0.005 -1"><span class='ocrx_word' id='word_1_269' title='bbox 227 2395 346 2419; x_wconf 74' lang='lat' dir='ltr'>PLAVT.</span> <span class='ocrx_word' id='word_1_270' title='bbox 363 2396 390 2417; x_wconf 84' lang='lat'>11</span> <span class='ocrx_word' id='word_1_271' title='bbox 1384 2383 1426 2413; x_wconf 78' lang='lat'>29</span> 
     </span>
    </p>
   </div>
  </div>
 </body>
</html>
