1731 2713
617 89 1026 128 TRVCVLENTVS
1457 89 1484 125 Ι,
1505 88 1534 125 ii

273 200 562 241 Diniarchusne
584 199 660 237 illic
681 200 768 237 cst?
797 206 915 248 atque
937 197 966 235 is
987 204 1055 235 est.
1513 211 1551 243 25

433 268 497 303 D1.
532 266 639 303 salua
659 264 720 302 sis.
782 266 849 301 As.
882 270 919 301 et
940 270 992 300 tu.

327 333 392 370 D1.
425 332 480 369 fer
500 337 635 369 contra
657 342 817 367 manum
839 336 876 366 et
898 327 1039 377 pariter
1059 328 1230 376 gradere.

83 408 145 446 125
327 399 393 435 AS.
427 395 501 434 tuis
523 394 650 433 seruio
671 402 789 443 atque
810 392 974 431 audiens
996 406 1082 430 sum
1105 391 1287 442 imperiis.

329 463 392 499 D1.
425 459 520 510 quid
541 459 652 509 agis?
709 460 776 496 As.
810 459 923 496 ualeo
944 465 981 496 et
1004 457 1178 495 ualidum
1201 465 1327 496 teneo.

325 538 483 575 peregre
505 523 692 573 quoniam
714 522 889 568 aduenis,
913 530 1083 560 cenetur.
1513 541 1553 569 30

220 592 286 628 D1.
342 590 442 628 bene
487 588 584 627 dicis
638 587 886 638 benigneque
930 599 1063 634 uocas,
1101 586 1352 636 Astaphium.
1422 589 1490 625 As.

1336 652 1490 698 amabo,

191 720 275 758 sine
296 733 358 758 me
380 719 433 758 ire
459 732 523 757 era
551 732 630 768 quo
658 717 778 756 iussit.
840 718 905 756 D1.
938 730 1014 755 eas.
1074 717 1144 755 sed
1165 716 1262 767 quid
1282 716 1367 755 ais?
1423 719 1490 755 As.

1289 782 1385 831 quid
1407 782 1494 820 uis?

79 860 144 896 130
167 851 232 888 DI.
269 849 333 888 dic
360 849 438 899 qud
467 849 537 887 iter
569 848 769 899 inceptas3
802 847 889 898 quis
916 848 1003 886 est?
1032 860 1151 897 quem
1177 847 1369 886 arcessis?
1424 850 1490 885 As.

1250 911 1494 951 Archilinem

165 979 428 1030 opstetricem.
488 981 552 1017 Dr.
586 980 687 1017 mala
714 985 754 1016 tu
777 977 923 1017 femina
949 991 1000 1025 es,
1020 979 1101 1016 oles
1126 978 1232 1016 unde
1258 990 1299 1015 es
1326 976 1494 1027 discipli-

1387 1056 1489 1081 narn.

165 1111 388 1149 manufesto
411 1108 604 1156 mendaci,
625 1110 736 1155 mala,
761 1116 877 1147 teneo
899 1115 947 1146 te.
997 1110 1066 1146 As.
1099 1107 1195 1157 quid
1217 1107 1304 1155 iarn,
1319 1108 1493 1147 amabo?
1515 1122 1553 1155 35

167 1177 231 1214 D1.
265 1175 356 1226 quia
377 1183 414 1214 te
434 1176 694 1214 adducturam
716 1175 793 1212 huc
813 1173 964 1212 dixeras
986 1186 1162 1223 eumpse,
1182 1186 1263 1211 non
1283 1186 1466 1223 eampse,

167 1255 273 1280 nunc
294 1240 432 1279 mulier
452 1242 554 1279 facta
575 1248 632 1279 est
653 1239 730 1278 iam
751 1253 798 1278 ex
818 1238 902 1277 uiro
919 1253 926 1276 ι
957 1240 1059 1276 mala
1079 1251 1120 1276 es
1140 1238 1450 1289 praestrigiatrix.

85 1318 146 1355 135
168 1307 238 1345 sed
268 1308 428 1345 tandem
458 1308 653 1356 eloquere,
683 1304 770 1355 quis
800 1304 831 1343 is
866 1305 1035 1351 homost,
1059 1303 1326 1354 Astaphium?
1367 1317 1494 1343 nouos

1315 1371 1496 1408 amator?

166 1436 237 1475 As.
276 1435 392 1474 nimis
427 1435 598 1475 otiosum
637 1443 675 1474 te
713 1434 877 1473 arbitror
915 1433 1119 1473 hominem
1158 1447 1253 1473 esse.
1315 1436 1381 1472 D1.
1427 1433 1494 1484 qui

1280 1499 1465 1538 arbitrare
1478 1501 1495 1538 ?

165 1567 234 1605 AS.
266 1565 358 1617 quia
378 1568 447 1605 tuo
467 1565 704 1605 uestimento
725 1572 763 1604 et
784 1564 874 1604 cib6
894 1564 1030 1603 alienis
1051 1564 1167 1603 rebus
1187 1578 1309 1603 curas.
1511 1582 1555 1613 40

214 1681 274 1702 122
298 1671 347 1702 vel
360 1669 470 1702 illic'st
584 1680 654 1710 122,
679 1680 738 1709 123
753 1671 833 1710 fort.
855 1680 968 1701 versus
983 1668 1182 1710 Eupolideus
1249 1668 1361 1700 isestis
1376 1669 1418 1700 ad
1435 1679 1496 1700 uas

167 1715 238 1746 lissi
256 1715 326 1745 ituli
338 1715 439 1756 P(ad
446 1719 508 1755 pro
521 1713 571 1752 al;
596 1715 636 1752 vi,
657 1725 689 1754 p.
707 1715 764 1753 84)
841 1714 890 1745 vel
903 1714 970 1744 sies
991 1713 1095 1750 (colon
1111 1712 1330 1751 Reizianum)
1435 1723 1495 1751 124

167 1758 234 1789 sert
248 1758 283 1789 Ρ
435 1767 495 1797 125
519 1758 601 1799 tuis]
620 1758 679 1789 tibi
696 1758 729 1788 Ρ
845 1758 963 1788 audies
979 1756 1013 1787 Ρ
1144 1758 1204 1787 126
1229 1755 1334 1797 [tute]
1361 1756 1442 1796 quid
1465 1757 1499 1787 Ρ

168 1803 255 1833 uade
272 1801 333 1843 (B)
350 1801 400 1833 vel
420 1802 495 1833 uale
515 1801 619 1843 (PCD)
636 1802 670 1832 P
685 1802 810 1841 (adpro
826 1801 856 1832 al
873 1812 879 1838 ;
903 1802 941 1841 cf
958 1800 1044 1832 adv.
1060 1801 1136 1839 123)
1272 1810 1331 1840 127
1355 1805 1496 1831 cenetur

167 1846 298 1886 scripsi:
322 1856 408 1877 cena
432 1846 529 1876 detur
551 1845 584 1876 A
603 1857 610 1877 ε
643 1850 763 1876 centur
786 1845 837 1875 P:
861 1855 947 1876 cena
963 1846 1080 1876 datur?
1100 1843 1242 1885 Spengel
1343 1846 1404 1875 128
1431 1844 1494 1875 Be-

169 1890 274 1929 nigne
299 1889 380 1920 dicis
403 1894 490 1920 astat
513 1900 588 1920 eum
611 1890 709 1920 ambo
726 1891 806 1929 (om.
831 1889 907 1919 ben.
929 1892 1019 1929 uoc.)
1038 1889 1090 1920 P:
1127 1888 1274 1927 benigne
1297 1887 1382 1919 dicis
1405 1888 1493 1919 bene

168 1943 271 1964 uocas
286 1937 338 1965 etc.
355 1933 504 1974 Spengel,
521 1937 558 1964 ut
580 1943 692 1964 versus
711 1932 963 1971 Ret'ziamcsfiat
1074 1943 1135 1972 129
1158 1943 1216 1963 era
1232 1942 1297 1962 om.
1317 1930 1352 1962 P
1429 1931 1490 1963 AS.

167 1987 233 2008 om.
253 1976 286 2006 A
422 1987 482 2017 130
506 1976 666 2017 dic]istic
681 1977 715 2007 P
800 1976 904 2016 quies
921 1975 955 2006 P
1039 1977 1211 2007 archinam
1228 1975 1278 2006 P:
1303 1974 1493 2015 velArchy-

169 2020 284 2059 linem,
306 2019 414 2060 sedes:
431 2021 474 2052 K.
492 2019 645 2051 Schmidt
663 2020 796 2061 (Herm.
809 2030 860 2060 37,
880 2019 955 2058 178)
1046 2029 1103 2059 131
1124 2019 1381 2051 meretricemA
1397 2020 1491 2059 (fort.

161 2068 270 2104 prava
293 2063 474 2095 emendatio
498 2065 593 2095 metri
615 2074 713 2095 causa
730 2064 865 2105 facta):
894 2063 1090 2094 tonstricem
1113 2063 1234 2105 Bergk,
1254 2074 1302 2093 cm
1332 2063 1496 2104 synaphia

168 2107 375 2138 Archilinem
401 2111 446 2148 ὀρ
463 2111 474 2145 ΙΙ
494 2106 667 2139 stetricem
690 2118 757 2138 non
777 2108 882 2148 placet
977 2107 1063 2138 mala
1081 2107 1205 2138 femina
1222 2117 1259 2138 es
1283 2106 1376 2138 soles
1396 2107 1494 2137 unies

287 2159 295 2176 1

170 2185 247 2225 (pro
263 2194 308 2215 un
327 2194 373 2224 es,
392 2185 412 2215 i.
427 2196 450 2216 e.
471 2185 560 2216 unde
579 2184 630 2224 es)
651 2185 682 2216 d.
702 2185 755 2215 Ρ;
779 2185 866 2215 mala
886 2189 922 2215 tu
946 2184 1069 2215 femina
1091 2195 1129 2215 es
1152 2184 1224 2215 oles
1249 2194 1323 2215 eam
1348 2184 1438 2215 unde
1458 2187 1493 2214 tu

169 2238 207 2259 es
220 2228 250 2259 d.
267 2227 301 2258 A
317 2228 373 2269 (iv.
393 2238 407 2258 1
423 2228 450 2268 2)
586 2238 646 2268 132
670 2229 850 2259 manifesta
866 2228 919 2259 P:
941 2228 1154 2259 manifestam
1167 2227 1240 2259 Ital.
1332 2232 1366 2258 te
1390 2232 1494 2258 teneo

333 2281 394 2311 133
417 2276 518 2311 quate
538 2271 770 2302 adducituram
790 2271 823 2301 Ρ
907 2282 985 2302 eum
1002 2272 1111 2311 ipsum
1128 2271 1251 2302 inonea
1267 2281 1324 2302 ase
1340 2272 1430 2312 (asae
1446 2270 1493 2311 B)

168 2314 212 2346 P:
231 2315 281 2346 vel
290 2325 466 2355 eumpsum
480 2325 547 2345 non
561 2325 729 2355 eampsarn
746 2316 827 2356 (-se)
921 2325 982 2354 134
1007 2315 1070 2345 iam
1083 2325 1148 2345 om.
1162 2315 1195 2345 P
1266 2319 1318 2345 est
1335 2315 1386 2356 (e)
1400 2324 1494 2354 pres-

170 2358 307 2397 tigiator
331 2357 365 2388 P
525 2369 585 2398 135
609 2358 748 2398 loquere
773 2358 805 2389 P
921 2358 1054 2398 astaphi
1072 2368 1181 2389 unous
1197 2358 1232 2389 Ρ
1377 2360 1437 2398 136
1460 2363 1494 2390 te

168 2412 232 2435 om.
253 2402 285 2435 P
378 2400 450 2442 qui]
468 2402 603 2441 quinam
617 2401 650 2432 P
