1783 2707
150 136 254 173 IV.i
658 140 704 176 T.
739 140 918 178 MACCI
951 141 1155 178 PLAVTI

243 246 325 285 eius
360 248 437 285 huc
466 247 623 296 gemina
652 248 760 286 uenit
805 250 1008 298 Ephesum
1049 257 1089 288 et
1124 257 1257 296 mater,
1285 258 1569 301 accersuntque
1588 260 1653 297 975

1470 329 1567 354 eam.

242 377 309 414 ΡΥ.
342 378 418 415 6110
446 384 497 424 tu,
521 377 682 415 aduenit
705 379 908 427 Ephesum
935 386 1058 417 mater
1085 378 1211 417 eiius?
1268 381 1336 418 PA.
1368 380 1477 418 aiunt
1502 381 1568 430 qui

1427 444 1564 484 sciunt.

183 524 223 555 30
244 509 310 545 ΡΥ.
354 508 484 545 hercle
524 506 773 545 occasionem
813 508 996 557 lepidam,
1038 516 1080 546 ut
1119 508 1322 547 mulierem
1361 511 1566 548 excludam

1442 576 1542 612 foras
1560 578 1566 613 1

241 638 310 674 PA.
342 636 464 676 immo
486 637 552 675 uin
574 645 615 675 tu
642 637 773 687 lepide
800 639 955 676 facere?
1014 641 1081 676 Pv.
1114 640 1274 688 loquere
1294 646 1332 678 et
1358 640 1564 678 consilium

1453 707 1562 743 cedo.

239 768 307 804 ΡΑ.
331 767 397 805 11111
412 775 453 805 tu
470 767 575 805 illam
592 775 768 806 actutum
784 781 980 816 amouere,
999 782 1022 806 a
1037 777 1075 807 te
1096 776 1138 806 ut
1157 770 1272 807 abeat
1293 783 1361 819 per
1380 770 1565 819 gratiam?

238 833 305 869 ΡΥ.
338 832 466 882 cupio.
527 835 595 871 PA.
628 840 711 870 tum
734 840 770 871 te
792 834 867 871 hoc
888 835 1015 872 facere
1036 841 1201 884 oportet.
1246 833 1317 872 tibi
1338 834 1561 873 diuitiarum
1585 839 1653 883 980

1341 898 1563 938 adfatimst:

234 961 326 1001 iube
347 962 420 1000 sibi
441 977 579 1001 aurum
599 971 718 1013 atque
739 971 980 1011 ornamenta,
1004 978 1105 1014 quae
1126 964 1179 1002 illi
1200 964 1378 1003 instruxti
1400 964 1564 1013 mulieri,

177 1044 214 1076 35
235 1028 342 1065 dono
363 1028 519 1075 habere,
541 1027 692 1080 (abire),
714 1030 864 1067 auferre
885 1029 953 1079 {ips
975 1037 1013 1067 te
1034 1043 1113 1079 quo
1134 1029 1267 1067 lubeat
1289 1029 1373 1068 sibi.

236 1094 302 1130 ΡΥ.
336 1094 463 1142 placet
493 1100 534 1131 ut
562 1093 686 1141 dicis3
714 1095 783 1132 sed
809 1108 858 1132 ne
885 1094 1009 1132 istanc
1039 1094 1216 1133 amittam
1247 1102 1284 1133 et
1314 1096 1411 1133 haec
1438 1103 1562 1134 mutet

1442 1162 1561 1199 fidem

232 1223 324 1263 uide
346 1225 476 1263 modo.
538 1226 608 1262 PA.
639 1225 740 1263 uah!
772 1224 983 1271 delicatu’s‚
1007 1238 1108 1275 quae
1138 1233 1176 1264 te
1202 1233 1404 1276 tamquam
1426 1228 1561 1265 oculos

1443 1299 1557 1329 amet.

233 1357 300 1394 ΡΥ.
333 1357 460 1394 Venu'
478 1370 540 1394 me
556 1363 671 1394 amat.
724 1358 791 1394 PA.
823 1364 856 1395 st
872 1360 982 1395 tace!
1012 1356 1238 1407 aperitintur
1254 1359 1366 1404 fores,
1385 1358 1561 1395 concede
1580 1363 1646 1407 985

1227 1424 1303 1461 huc
1325 1424 1558 1460 clanculum.

231 1488 328 1525 haec
349 1488 460 1525 celox
480 1487 610 1535 iniust,
634 1501 735 1537 quae
756 1487 848 1526 hinc
869 1487 1074 1538 egreditur,
1094 1487 1342 1526 internuntia.

169 1572 212 1602 40
232 1554 300 1591 Pv.
341 1553 442 1603 quae
482 1554 578 1592 haec
617 1555 756 1592 celox?
827 1556 896 1592 ΡΑ.
936 1554 1120 1592 ancillula
1158 1553 1287 1601 illiust,
1329 1567 1429 1604 quae
1467 1554 1559 1593 hinc

1231 1618 1425 1669 egreditur
1444 1620 1556 1657 foras.

230 1696 331 1734 quae
369 1685 531 1722 anulum
566 1684 694 1723 istunc
728 1685 857 1724 attulit
892 1699 1010 1735 quem
1045 1685 1116 1724 tibi
1152 1684 1254 1723 dedi.
1316 1687 1383 1723 ΡΥ.
1417 1686 1559 1736 edepol

1279 1751 1375 1789 haec
1397 1750 1558 1800 quidem
1598 1778 1600 1782 s

230 1815 421 1854 bellulast.
483 1817 550 1853 PA.
584 1814 799 1865 pithecium
834 1817 932 1855 haec
969 1824 1026 1855 est
1060 1830 1151 1866 prae
1186 1816 1250 1854 illa
1284 1822 1322 1854 et
1352 1815 1559 1866 spinturni-

1439 1895 1555 1920 6111111.

228 1945 349 1985 uiden
389 1952 430 1984 tu
469 1945 575 1984 illam
611 1947 734 1985 oculis
770 1955 1000 1986 uenaturam
1035 1948 1161 1985 facere
1195 1954 1313 1997 atque
1345 1946 1556 1996 aucupium
1578 1955 1649 1990 990

1371 2011 1559 2049 auribus?

272 2125 335 2155 975
360 2126 406 2156 ug
427 2118 595 2156 geminam
614 2118 729 2148 uenite
751 2117 815 2148 cod.
949 2117 1014 2156 976
1038 2127 1099 2146 eon
1122 2115 1187 2147 cod.
1281 2126 1321 2146 an
1347 2115 1440 2146 uenit
1465 2115 1561 2146 Goetz

230 2160 304 2190 eius
320 2160 393 2191 Ital.
414 2173 420 2189 τ
445 2162 561 2192 aeuius
578 2162 642 2192 cod.
764 2162 829 2200 978
846 2160 973 2191 faceret
990 2159 1023 2189 B
1037 2160 1153 2198 etfort.
1171 2159 1236 2190 cod.
1318 2160 1461 2198 loquerit
1479 2164 1511 2190 et
1529 2160 1561 2189 Β

228 2204 289 2242 981
309 2204 468 2234 instruxit
484 2204 548 2236 cod.
687 2205 751 2243 982
774 2204 867 2234 abire
887 2204 961 2234 add.
985 2203 1080 2234 Goetz
1168 2203 1296 2233 auferet
1313 2203 1375 2234 cod.
1468 2204 1558 2242 quod

230 2246 303 2276 PCD
321 2249 372 2288 (cf.
390 2248 437 2278 ad
450 2249 529 2288 974)
565 2256 567 2258 ·
621 2248 732 2278 iubeat
750 2247 814 2279 cod.
833 2249 927 2287 (corr.
944 2247 994 2284 D)
1141 2248 1203 2285 983
1230 2257 1273 2277 ne
1289 2245 1367 2288 (et)
1384 2246 1479 2277 istam
1500 2248 1558 2286 (ita

229 2291 312 2327 cod.)
331 2291 415 2321 Brt'x
502 2296 535 2322 et
551 2302 618 2323 om.
637 2291 668 2321 Β
684 2291 745 2331 (iii.
763 2292 794 2331 1)
928 2292 991 2330 985
1016 2289 1062 2331 st]
1080 2295 1131 2321 ast
1150 2289 1213 2320 cod.
1306 2290 1456 2329 aperitur
1478 2290 1560 2320 soris

230 2335 361 2373 Bentley
380 2335 636 2374 rlzytlnnicausa
788 2335 852 2373 986
877 2335 931 2364 hic
952 2344 1022 2374 egr.
1044 2333 1111 2365 cod.
1259 2335 1320 2373 987
1346 2333 1560 2364 retractator&

230 2389 294 2408 esse
315 2378 409 2408 credit
431 2377 567 2419 Sesvſj'ert
682 2379 765 2409 haec
783 2378 840 2409 del.
858 2377 961 2409 Bothe
1061 2387 1146 2417 quae
1175 2387 1239 2408 om.
1269 2377 1301 2407 B
1418 2377 1470 2407 hic
1492 2375 1555 2407 cod.

171 2458 173 2460 q
231 2422 295 2460 988
319 2422 412 2452 dedit
428 2421 492 2453 cod.
513 2424 609 2463 (corr.
625 2421 686 2462 ΒΞ)

964 2530 986 2540 Ι
