1731 2713
745 94 969 131 RVHENS
1468 93 1513 129 V.
1537 91 1566 128 ii

81 220 166 257 1305
186 209 259 254 LA.
292 207 414 246 immo
435 208 579 257 edepol
600 219 677 244 una
697 205 823 243 littera
844 206 930 255 plus
952 217 1038 242 sum
1061 217 1178 253 quam
1201 202 1388 241 medicus.
1436 205 1513 240 GR.

1369 276 1450 306 tuni
1474 276 1514 305 tu

187 337 392 376 mendicus
414 339 484 375 es?
533 339 603 374 LA.
637 335 795 385 tetigisti
816 348 900 373 acu.
952 336 1028 372 GR.
1062 333 1217 372 uidetur
1238 333 1357 383 digna
1377 334 1512 371 forma.

186 404 256 442 sed
277 402 372 452 quid
394 402 464 441 tibi
485 405 572 440 cst?
630 403 700 439 LA.
733 402 807 439 hac
834 413 1023 450 proxuma
1046 407 1161 437 nocte
1186 398 1224 436 in
1247 397 1342 436 mari
1368 396 1457 449 <mi>
1477 405 1514 436 et
1538 414 1578 435 20

1450 463 1514 501 alii

185 533 386 571 confracta
406 539 465 571 cst
486 532 608 578 nauis,
632 531 786 581 perdidi
808 530 1002 581 quidquid
1024 538 1104 568 erat
1126 529 1242 567 miser
1263 528 1317 566 ibi
1338 541 1467 566 omne.

187 599 264 636 GR.
297 598 392 648 quid
413 597 648 648 perdidisti?
697 599 767 635 LA.
802 597 981 635 uiduluni
1003 610 1093 634 cuin
1110 608 1204 633 auro
1221 602 1339 645 atque
1355 601 1517 644 argento

1378 661 1513 697 multo.

81 741 171 777 1310
190 729 266 766 GR.
298 728 441 778 ecquid
463 726 676 766 meministi
697 727 736 765 in
759 726 895 765 uidulo
917 726 983 776 qui
1005 725 1117 777 periit
1138 725 1235 776 quid
1256 724 1309 763 ibi
1331 724 1517 762 infuerit?

190 794 260 831 LA.
292 793 388 843 quid
423 794 548 840 refert,
578 792 645 843 qui
683 792 825 843 periit?
896 794 972 830 GR.
1010 793 1271 830 tamen—LA.
1309 789 1392 828 sine
1426 790 1514 836 hoc,

1153 856 1260 894 aliud
1283 855 1513 894 fabulemur.

188 924 264 962 GR.
310 923 405 974 quid
444 923 475 962 si
514 937 586 974 ego
625 922 745 961 sciam
778 922 845 973 qui
879 922 1101 961 inuenerit?
1148 923 1241 960 uolo
1273 934 1319 959 ex
1353 928 1390 959 te
1418 919 1516 959 scire
1539 935 1576 967 25

1393 986 1512 1036 signa.

188 1056 258 1093 LA.
291 1054 443 1093 nummi
464 1053 680 1104 octingenti
707 1053 713 1105 Ι
737 1052 844 1091 aurei
866 1052 904 1091 in
928 1052 1154 1103 marsuppio
1176 1051 1387 1100 infuerunt‚

187 1128 387 1170 praeterea
406 1128 565 1158 centurn
587 1118 750 1157 minaria
768 1117 974 1168 Philippea
995 1119 1035 1155 in
1056 1117 1242 1168 pasceolo
1263 1130 1405 1156 sorsus.

80 1197 166 1234 1315
189 1185 265 1223 GR.
298 1197 439 1234 magna
460 1185 589 1222 hercle
606 1184 797 1233 praedast,
821 1182 974 1232 largiter
996 1182 1189 1221 mercedis
1211 1182 1448 1232 indipiscar;

187 1248 227 1287 di
248 1249 427 1287 homines
448 1248 684 1298 respiciunt:
716 1249 818 1286 bene
839 1260 912 1297 ego
933 1247 1026 1285 hinc
1047 1248 1256 1297 praedatus
1278 1247 1356 1286 ibo.

186 1315 362 1364 profecto
383 1321 440 1352 est
461 1313 590 1352 huiius
611 1313 780 1352 nidulus.
840 1327 957 1363 perge
978 1312 1054 1351 alia
1074 1320 1116 1351 tu
1138 1312 1331 1363 expedire.
1533 1329 1576 1360 30

188 1380 258 1417 LA.
291 1381 480 1417 talentum
515 1378 664 1429 argenti
699 1379 958 1417 commodum
989 1391 1176 1429 magnum
1212 1377 1326 1416 inerit
1360 1376 1400 1416 in
1432 1390 1515 1416 cru-

1396 1442 1513 1490 mina,

185 1518 384 1561 praeterea
404 1498 521 1557 sinus,
545 1511 766 1557 cantharus,
791 1509 996 1560 epichysis‚
1020 1511 1169 1559 gaulus,
1194 1509 1368 1559 cyathus.

77 1589 167 1626 1320
186 1577 264 1615 GR.
294 1589 419 1625 papae
437 1579 443 1613 1
474 1575 630 1614 diuitias
651 1583 692 1613 tu
714 1575 876 1625 quidem
898 1575 1071 1614 habuisti
1092 1576 1323 1614 luculentas.

185 1643 256 1679 LA.
290 1640 475 1680 miserum
501 1640 601 1679 istuc
622 1641 787 1679 uerbum
810 1648 849 1679 et
875 1654 1107 1691 pessumum
1129 1647 1198 1688 est,
1225 1638 1454 1679 ‘habuisse'
1475 1647 1513 1678 et

1234 1704 1332 1749 nihil
1353 1705 1507 1743 habere.

182 1773 258 1811 GR.
291 1771 387 1822 quid
408 1773 500 1811 dare
521 1771 618 1811 uelis
639 1771 707 1822 qui
727 1771 848 1811 istaec
869 1771 940 1811 tibi
960 1771 1170 1822 inuestiget
1190 1770 1448 1820 indicetque?
1531 1786 1570 1818 35

180 1838 364 1887 eloquere
393 1850 558 1888 propere
588 1837 774 1876 celeriter.
835 1839 906 1875 LA.
939 1851 1126 1876 nummos
1160 1843 1369 1875 trecentos.
1430 1836 1508 1874 GR.

1381 1909 1507 1940 tricas,

226 2016 308 2046 1307
334 2007 376 2037 mi
395 2005 471 2037 add.
493 2005 704 2037 Cameram'us
771 2005 857 2037 elaui
875 2006 958 2037 Pius
1059 2007 1141 2046 1308
1165 2006 1336 2037 confracta
1350 2004 1510 2044 Pylades:

181 2055 298 2081 contra
324 2050 411 2081 sacta
437 2049 502 2081 cod.
529 2051 585 2089 (iv.
613 2052 647 2090 3)
842 2060 924 2089 1310
948 2050 992 2081 ibi
1025 2050 1160 2081 infuerit
1187 2050 1341 2089 Bentley:
1376 2049 1509 2079 insuere

180 2094 238 2125 tibi
255 2094 320 2125 cod.
459 2103 538 2132 1311
565 2094 637 2124 sine
659 2092 800 2134 Spengel
816 2094 889 2133 (qui
910 2098 1015 2125 totum
1040 2105 1171 2125 versum
1192 2092 1433 2124 Labracz'datst
1450 2104 1457 2123 :
1481 2093 1508 2123 si

179 2148 247 2168 non
264 2137 330 2168 cod.
346 2148 354 2168 z
375 2137 456 2176 fort.
477 2138 551 2168 sino
646 2147 727 2176 1313
751 2142 816 2168 oct.
834 2139 963 2168 nummi
979 2138 1112 2169 Benoist
1199 2137 1272 2168 auri
1292 2137 1325 2167 in
1343 2135 1444 2176 (aurii
1461 2136 1507 2178 Β)

179 2181 267 2212 cod.:
301 2181 374 2212 auri
399 2180 540 2224 (probi)
565 2181 599 2211 in
625 2180 759 2220 Seyffert
915 2192 996 2221 1314
1029 2181 1168 2212 minaria
1193 2181 1281 2211 Leo:
1315 2190 1392 2210 mna
1416 2179 1508 2211 cod.:

179 2225 318 2256 denaria
334 2224 422 2256 codd.
441 2224 544 2255 Nonii
560 2233 618 2263 151
711 2224 867 2264 Philippa
883 2224 1016 2265 Sejffirt
1149 2226 1232 2263 1316
1254 2224 1304 2255 vel
1313 2224 1367 2254 dei
1379 2224 1506 2255 veldiui

179 2269 211 2300 di
229 2279 282 2300 me
299 2279 420 2300 omnes
441 2267 540 2298 Weise
629 2267 751 2306 ergoB
872 2278 952 2307 1317
978 2269 1078 2299 huius
1094 2274 1146 2299 est
1159 2268 1225 2300 cod.
1246 2280 1253 2299 :
1277 2269 1350 2299 lrai.
1366 2266 1508 2306 Pylades

181 2314 265 2351 1318
288 2313 397 2343 inerat
424 2312 498 2343 Ital.
670 2320 752 2350 1319
775 2311 935 2350 epichisis
963 2313 1143 2343 cantharus
1169 2311 1233 2343 cod.
1259 2323 1266 2342 :
1305 2311 1379 2342 irai.
1404 2310 1509 2341 Bothe

183 2367 264 2396 1320
287 2366 388 2396 parae
405 2356 472 2388 cod.
487 2355 535 2396 (R
546 2359 608 2396 pro
625 2354 665 2396 P)
781 2364 860 2395 1321
887 2356 1046 2387 miserum
1064 2356 1233 2397 [quidem]
1252 2356 1336 2386 istuc
1351 2354 1385 2385 Β
1459 2354 1509 2386 vel

179 2400 275 2432 ‘hab.
296 2411 324 2430 e.
344 2410 376 2430 n.
396 2399 484 2431 hab.'
1246 2401 1249 2404 ’
