1731 2713
138 970 181 996 10

136 1292 175 1329 15

132 1619 177 1645 20

677 241 1060 289 PROLOGVS

308 376 543 425 Perparuam
566 382 715 425 partem
738 375 909 424 postulat
932 375 1092 412 Plautus
1113 372 1188 412 loci

307 440 358 478 de
379 439 519 478 uostris
542 439 691 489 magnis
713 446 832 488 atque
853 438 1030 476 amoenis
1053 437 1270 484 moenibus,

308 505 485 542 Athenas
507 517 586 554 quo
607 491 690 542 sine
710 503 934 542 architectis
955 504 1139 541 conserat.

306 568 402 618 quid
424 570 559 606 nunc?
588 568 742 607 daturin
765 567 857 606 estis
878 581 927 605 an
950 569 1059 606 non?
1087 569 1266 606 adnuont

307 633 475 673 †melior
495 647 558 672 me
579 633 740 683 quidem
762 633 905 673 uobis†
928 647 990 671 me
1010 633 1230 671 ablaturum
1252 633 1336 672 sine
1357 646 1489 682 mora,
1545 648 1562 679 5

306 698 402 748 quid
423 698 454 737 si
475 700 525 737 de
546 706 680 737 uostro
701 698 903 749 quippiam
926 701 1063 737 orem?
1092 699 1280 736 a'bnuont.

307 776 355 801 eu
376 764 529 802 hercle!
560 763 599 801 in
620 763 733 802 uobis
755 763 927 802 resident
949 776 1075 801 mores
1097 762 1258 813 pristini,

305 829 356 867 ad
377 829 655 878 denegandum
676 836 718 867 ut
739 828 854 867 celeri
876 828 1007 878 lingua
1029 828 1202 866 utamini.

306 894 376 932 sed
397 895 473 932 hoc
493 907 653 943 agamus
675 894 793 944 quoia
814 895 891 932 huc
913 902 1113 932 uentumst
1132 893 1263 944 gratia.

307 958 473 997 Athenis
495 962 675 999 †tracto†
698 959 751 997 ita
771 966 813 997 ut
834 960 910 997 hoc
932 966 988 997 est
1010 959 1283 1009 proscaenium
1547 974 1587 996 10

306 1022 494 1073 tantisper
513 1024 608 1062 dum
630 1023 878 1074 transigimus
899 1024 1001 1061 hanc
1022 1023 1281 1062 comoediam.

305 1088 369 1127 hic
389 1088 540 1127 habitat
561 1088 699 1127 mulier
718 1102 865 1127 nomen
888 1090 981 1138 quoi
1003 1096 1060 1127 est
1084 1088 1340 1128 Phronesium
1359 1104 1369 1137 3

305 1154 402 1192 haec
422 1153 551 1191 huiius
572 1153 689 1192 saecli
711 1167 838 1192 mores
860 1153 899 1191 in
920 1167 961 1192 se
982 1153 1181 1204 possidet:

304 1231 521 1268 numquam
543 1218 593 1257 ab
609 1226 783 1257 amatore
801 1216 906 1271 [suo]
926 1218 1193 1268 postulat—id
1211 1220 1319 1268 quod
1336 1220 1520 1268 datumst,

304 1284 374 1321 sed
394 1283 581 1321 relicuom
602 1285 669 1322 dat
690 1296 957 1332 operam—ne
979 1283 1027 1321 sit
1047 1283 1246 1330 relicuom,
1544 1300 1584 1333 15

303 1349 506 1398 poscendo
527 1355 644 1398 atque
664 1349 892 1395 auferendo,
915 1355 957 1386 ut
980 1362 1064 1386 mos
1086 1355 1143 1386 est
1165 1348 1371 1386 mulierum
1388 1363 1398 1397 3

302 1425 395 1450 nam
416 1426 554 1451 omnes
575 1412 614 1451 id
636 1412 794 1460 faciunt,
819 1426 941 1463 quom
963 1426 1004 1451 se
1025 1413 1144 1451 amari
1166 1413 1406 1464 intellegunt.

303 1491 349 1516 ea
369 1491 410 1517 se
430 1477 626 1528 peperisse
646 1491 811 1528 puerum
833 1478 990 1517 simulat
1012 1478 1134 1527 militi,

303 1556 383 1593 quo
403 1543 516 1581 citius
537 1557 618 1582 rem
639 1543 688 1582 ab
710 1557 758 1582 eo
778 1551 933 1582 auorrat
955 1557 1045 1582 cum
1066 1544 1298 1594 puluisculo.

302 1609 398 1658 quid
419 1609 569 1646 multa?
627 1622 645 1643 *
705 1621 723 1642 *
782 1608 912 1649 †Stuic
932 1617 1088 1659 superet
1110 1610 1300 1651 mulierel‘
1543 1624 1583 1646 20

302 1672 485 1714 †hiscum
505 1673 637 1712 anima
656 1675 707 1713 ad
727 1688 819 1713 eum
840 1674 1003 1713 habenti
1023 1688 1110 1713 erce
1131 1675 1303 1716 teritur-i.

237 1777 381 1817 corrupti
392 1776 534 1807 codicum
551 1776 648 1808 BCD
664 1777 697 1807 in
713 1777 900 1817 lzacfabula
917 1781 1022 1808 textus
1037 1777 1074 1808 id
1077 1777 1184 1817 fuisse
1201 1788 1318 1809 causae
1333 1777 1421 1809 credo
1437 1778 1526 1818 quod

193 1820 228 1851 in
244 1819 311 1850 cod.
334 1821 499 1861 archetypo
526 1831 630 1851 novus
650 1821 752 1852 scriba
778 1822 936 1852 inusitata
951 1820 1108 1852 scribendi
1129 1822 1316 1862 compendia
1333 1827 1361 1852 et
1378 1823 1522 1854 insuetas

194 1864 377 1894 litterarum
399 1864 535 1904 formas
559 1864 741 1895 adhibuerit
774 1865 903 1905 (Aruer.
935 1865 1057 1903 Journ.
1090 1865 1174 1897 Pln'l.
1206 1876 1254 1905 17,
1289 1867 1367 1905 442)
1460 1876 1518 1906 1—3

193 1911 328 1938 correcta
341 1907 496 1948 praebent
510 1907 673 1948 Apuleius
688 1908 808 1940 Florid.
826 1921 855 1948 4,
876 1910 914 1940 18
921 1910 992 1949 fere
1007 1913 1035 1939 et
1050 1909 1242 1940 Priscianus
1257 1920 1286 1948 2,
1302 1919 1361 1948 421
1456 1920 1469 1940 1
1484 1916 1528 1949 pf

194 1956 299 1982 artem
325 1961 356 1990 p.
384 1951 496 1991 plaudi
521 1951 595 1983 locu
620 1952 684 1983 cod.
792 1963 812 1983 2
837 1953 947 1983 Deum
972 1953 1039 1983 eris
1062 1952 1124 1984 cod.
1148 1955 1222 1995 <pro
1238 1953 1380 1989 desieris,
1399 1953 1419 1984 ι’.
1435 1963 1459 1984 e.
1479 1954 1520 1984 de

195 1995 331 2035 uestris)
475 2005 495 2033 3
519 2005 546 2026 s.
564 2006 664 2026 arcus
682 1995 782 2035 pletis
799 1996 864 2027 cod.
970 2022 973 2025 ,
1009 2008 1028 2034 4
1052 1996 1261 2028 adnuntcod.
1341 2006 1345 2009 ·
1408 1997 1516 2036 5sorl.

195 2038 366 2069 meliorem
379 2038 434 2079 (sc.
448 2039 593 2079 partem)
611 2039 703 2070 urbis
720 2040 855 2079 quidem
946 2040 1132 2071 abiaturum
1145 2040 1212 2072 cod.
1333 2042 1355 2071 6
1377 2051 1436 2071 ore
1446 2040 1519 2070 PCD

193 2082 345 2112 abduunt
367 2081 433 2113 cod.
584 2093 600 2122 7
626 2093 668 2113 eu
691 2082 850 2124 Spengel:
874 2094 949 2114 eum
974 2084 1039 2114 cod.
1066 2085 1134 2124 (vii.
1151 2085 1186 2123 4)
1290 2084 1386 2115 uobis
1405 2084 1517 2115 Came-

195 2125 325 2156 rarius:
350 2126 460 2157 uodiis
476 2125 542 2158 cod.
565 2128 662 2166 (²pro
680 2127 800 2164 uodis;
828 2127 931 2168 Dpto
949 2127 992 2157 Bi
1130 2139 1151 2167 9
1174 2128 1252 2167 quia
1271 2128 1302 2159 h.
1319 2128 1376 2158 D:
1401 2138 1466 2167 qua
1483 2127 1514 2159 h.

192 2168 273 2200 BC:
298 2169 362 2200 huc
379 2180 444 2209 qua
462 2169 673 2201 Canzerarzus
765 2181 804 2201 10
828 2171 943 2201 traicio
960 2170 1224 2210 Sclwell(Rl1e1'.n
1241 2172 1330 2202 Mus.
1345 2181 1397 2211 55,
1414 2174 1516 2212 495):

182 2212 263 2252 fort.
284 2212 450 2244 instructo
544 2224 581 2243 12
605 2214 740 2244 nomine
758 2213 821 2245 cod.
844 2216 917 2254 (pro
934 2225 1044 2253 nome,
1066 2215 1084 2245 i.
1095 2225 1117 2245 e.
1138 2217 1297 2255 nomen2)
1401 2225 1439 2254 14
1456 2224 1516 2245 suo

174 2255 251 2287 ⁴del.
272 2255 373 2287 Weise
506 2265 545 2296 15
569 2257 628 2288 sed
647 2257 807 2296 reliquam
825 2257 918 2289 cod.:
943 2267 1019 2290 σοιν,
1039 2256 1169 2288 Merula
1320 2269 1358 2297 19
1381 2262 1516 2289 auerrat

198 2299 321 2331 Weise:
345 2300 473 2331 auferat
489 2299 554 2332 cod.
645 2311 688 2331 20
705 2301 879 2332 mulierem
896 2300 969 2331 ΡΟ)
1048 2302 1130 2341 sort.
1152 2301 1240 2341 Quid
1260 2303 1362 2332 multa
1377 2304 1387 2333 2
1403 2301 1516 2344 (uita)

193 2344 220 2374 si
238 2344 314 2374 hui'c
330 2349 470 2383 superet
485 2344 549 2383 (vel
561 2343 639 2374 huic
661 2345 845 2384 supererit)
863 2345 993 2375 mulieri
1016 2344 1022 2387 Ι
1039 2345 1186 2384 Viscum,
1201 2346 1344 2384 hamum,
1360 2346 1514 2385 laqueum

194 2387 338 2424 habenti,
358 2387 472 2418 hercle
490 2388 704 2420 exercebitur
720 2388 783 2428 <vel
797 2388 884 2427 hab.‚
905 2389 1174 2429 exenterabitur)
