1731 2713
627 107 1029 147 MOSTELLARIA
1464 105 1492 142 Ϊ.
1515 105 1560 141 iii

164 227 232 275 SC.
266 236 343 262 una
364 223 481 273 opera
508 221 511 272 Ι
537 222 634 260 ebur
654 226 873 258 atramento
893 219 1147 256 candefacere
1168 217 1354 267 postules.

84 290 153 326 260
174 291 343 327 Pirum„
375 287 505 337 lepide
526 285 675 325 dictum
697 286 747 323 de
773 291 990 322 atramento
1018 290 1136 332 atque
1161 282 1289 320 ebore.
1349 283 1493 330 cugac!

1137 347 1284 397 plaudo
1305 347 1491 395 Scaphae.

173 421 351 457 anm.
384 425 467 456 tum
508 425 548 455 tu
589 414 702 466 igitur
740 415 840 453 cedo
880 412 1159 464 purpurissum.
1220 413 1281 449 Sc.
1315 424 1394 449 non
1429 411 1493 448 do.
1521 423 1579 454 ¹05

1081 477 1177 515 scita
1198 490 1239 515 es
1260 484 1300 514 tu
1322 475 1494 526 quidem.

171 562 275 587 noua
296 548 445 599 pictura
467 547 702 597 interpolare
723 545 781 584 uis
804 557 902 594 opus
925 542 1255 593 lepidissumum?

171 627 250 652 non
272 614 395 651 istanc
416 620 584 651 aetatem
607 619 760 662 oportet
783 610 1026 660 pigmentum
1050 609 1171 645 ullum
1194 607 1393 656 attingere,

170 692 298 730 neque
333 691 528 717 cerussam
565 690 694 727 neque
731 675 925 713 Melinum
957 686 1086 723 neque
1115 672 1230 710 aliam
1259 673 1377 710 ullam
1405 674 1499 710 offu-

1384 737 1495 775 ciam.

85 811 150 858 265
171 811 353 849 PmLEM.
385 821 482 858 cape
512 807 626 857 igitur
655 807 870 857 speculum.
931 806 1101 842 Pfflmr„
1135 802 1169 840 ei
1201 802 1295 840 mihi
1331 803 1499 841 misero!

1023 869 1175 908 sauium
1197 869 1358 919 speculo
1378 867 1497 906 dedit.

171 939 279 978 nimi'
300 938 419 977 uelim
440 937 612 989 lapidem
635 937 701 987 qui
723 950 796 986 ego
817 936 869 973 illi
891 936 1052 985 speculo
1073 933 1335 972 dimminuam
1357 941 1485 983 caput.
1526 948 1587 971 110

171 1008 233 1047 SC.
267 1005 431 1044 linteum
453 1018 550 1055 cape
570 1012 689 1054 atque
710 1010 864 1052 exterge
886 1001 955 1040 tibi
981 1014 1131 1039 manus.
1193 1002 1373 1038 PHILEM.
1406 999 1501 1049 quid

1221 1065 1283 1112 ita,
1308 1066 1503 1114 opsecro?

171 1139 233 1177 Sc,
266 1145 307 1176 ut
329 1137 533 1188 speculum
556 1133 726 1181 tenuisti,
750 1140 884 1172 metuo
910 1132 959 1171 ne
980 1134 1087 1170 olant
1111 1139 1315 1181 argentum
1337 1143 1501 1168 manus:

171 1217 221 1242 ne
242 1215 409 1253 usquam
429 1208 633 1251 argentum
655 1207 693 1238 te
713 1198 912 1249 accepisse
933 1197 1152 1248 suspicetur
1174 1196 1433 1236 Philolaches.

86 1279 155 1315 270
174 1271 344 1307 PHILOL.
378 1281 458 1305 non
480 1266 618 1305 uideor
634 1265 781 1304 uidisse
802 1266 931 1303 lenam
949 1263 1190 1302 callidiorem
1213 1264 1331 1301 ullam
1348 1264 1498 1301 alteras.

172 1342 214 1372 ut
234 1333 364 1383 lepide
384 1341 502 1382 atque
523 1338 649 1370 astute
671 1330 710 1368 in
733 1337 905 1368 mentem
929 1329 1036 1367 uenit
1058 1329 1108 1367 de
1129 1330 1291 1378 speculo
1312 1330 1460 1366 malae!
1527 1337 1583 1370 115

173 1401 353 1437 Pmrmr.
377 1397 548 1436 etiamne
563 1395 773 1446 unguentis
788 1395 1040 1445 unguendam
1056 1395 1216 1432 censes?
1255 1395 1316 1432 Sc.
1341 1392 1504 1431 minime

1354 1458 1501 1498 feceris,

174 1531 353 1568 PfflLmt.
387 1528 653 1579 quapropter?
711 1527 772 1564 Sc.
806 1525 896 1575 quia
932 1525 1083 1563 eca'stor
1119 1524 1256 1562 mulier
1290 1531 1393 1562 recte
1425 1525 1503 1562 olet

1206 1589 1273 1627 ubi
1295 1588 1391 1626 nihil
1412 1590 1500 1627 olet.

174 1675 265 1700 nam
287 1661 382 1699 istae
403 1667 565 1707 ueteres,
589 1673 690 1710 quae
711 1672 752 1697 se
774 1657 983 1708 unguentis
1006 1656 1213 1703 unctitant,
1233 1655 1457 1705 interpoles,

88 1740 153 1777 275
175 1728 340 1773 uetulae,
364 1727 584 1772 edentulae,
608 1738 709 1775 quae
729 1723 825 1762 uitia
846 1722 1018 1773 corporis
1040 1723 1130 1760 fuco
1152 1722 1348 1766 occulunt,

174 1792 242 1831 ubi
263 1805 346 1830 sese
367 1793 487 1830 sudor
507 1805 598 1829 cum
621 1791 830 1841 unguentis
853 1787 1110 1834 consociauit,
1130 1786 1220 1824 ilico
1526 1797 1588 1820 120

173 1857 310 1896 itidem
331 1858 438 1895 olent
459 1856 571 1907 quasi
592 1870 713 1906 quom
735 1869 814 1894 una
835 1856 956 1893 multa
978 1853 1061 1892 iura
1082 1851 1260 1890 confudit
1282 1863 1441 1900 coquos.

174 1922 270 1973 quid
291 1924 398 1961 olant
420 1922 581 1969 nescias,
605 1921 678 1960 nisi
701 1921 740 1960 id
762 1935 885 1959 unum
908 1923 950 1959 iit
973 1921 1074 1958 male
1096 1920 1200 1957 olere
1221 1916 1435 1966 intellegas.

176 1989 348 2026 PHILOL.
378 1994 420 2025 ut
440 1988 628 2037 perdocte
648 1993 790 2024 cuncta
810 1987 924 2024 callet
942 1988 948 2023 1
987 1984 1083 2022 nihil
1105 1984 1178 2021 hac
1199 1983 1317 2020 docta
1337 1979 1502 2019 doctius.

90 2055 160 2089 280
177 2065 313 2091 uerum
335 2052 427 2090 illuc
448 2059 529 2090 est:
560 2064 743 2089 maxuma
763 2051 864 2089 adeo
884 2062 972 2100 pars
993 2056 1213 2087 nostrorum
1238 2044 1438 2095 intellegit,

220 2167 283 2197 259
306 2167 410 2197 opera
426 2155 527 2199 (era)
543 2155 671 2188 Sclzoell
682 2166 690 2186 z
713 2155 769 2186 vix
784 2165 910 2194 operan
1012 2154 1073 2191 264
1098 2153 1254 2192 offugiam
1272 2150 1339 2182 cod.
1441 2149 1506 2178 266

177 2201 373 2232 dimminuat
387 2200 453 2232 cod.
475 2201 567 2241 (corr.
586 2199 647 2239 ΒΕ)
807 2209 871 2238 270
893 2197 1031 2228 alteram
1056 2197 1102 2227 ΒΞ
1257 2204 1315 2233 271
1336 2204 1384 2234 sp.
1405 2202 1504 2222 mane

176 2245 250 2276 PCD
381 2254 442 2284 274
468 2244 517 2275 vel
537 2243 640 2274 istaec
774 2251 836 2281 275
860 2241 1016 2272 occulunt
1032 2239 1126 2271 sclzol.
1147 2238 1371 2279 Ve1g.Georg.
1391 2247 1420 2274 4,
1440 2245 1505 2274 39:

176 2288 346 2319 occultant
361 2287 428 2318 cod.
556 2297 617 2326 277
642 2296 742 2317 unam
766 2285 832 2318 cod.
861 2285 932 2325 (vii.
959 2285 995 2324 4)
1022 2285 1113 2317 (corr.
1140 2282 1199 2321 ΒΨ)
1327 2281 1389 2320 278
1413 2279 1505 2310 olant

177 2332 314 2372 (deant)
331 2329 540 2362 Lambinus:
565 2330 658 2361 oleas
674 2329 739 2360 cod.
832 2333 867 2360 ut
886 2328 1117 2359 Camerarius:
1143 2326 1176 2357 ni
1188 2325 1252 2357 cod.
1271 2337 1278 2356 t
1304 2324 1403 2355 nimis
1419 2322 1504 2354 Son-

178 2374 345 2406 nenschein
456 2376 520 2405 280
537 2373 614 2404 illuc
627 2384 703 2404 esse
714 2372 803 2404 codd.
820 2372 914 2404 Gellii
926 2382 978 2412 20,
997 2373 1029 2410 6,
1044 2382 1083 2403 12
1100 2372 1134 2409 (i.
1147 2381 1171 2401 e.
1187 2370 1253 2400 ess‘
1267 2369 1292 2407 3)
1310 2380 1316 2399 :
1333 2367 1414 2398 illud
1433 2367 1507 2406 (pro

179 2419 257 2450 illuc
273 2430 280 2458 ;
304 2418 324 2449 i.
347 2420 379 2457 7)
398 2423 449 2449 est
466 2417 530 2448 cod.
616 2419 760 2448 maxima
777 2415 864 2447 codd.
888 2415 1000 2447 Gellii:
1025 2414 1202 2445 maximam
1220 2413 1306 2452 (-um
1325 2410 1412 2450 PCD)
1429 2408 1496 2440 cod.
