1783 2707
155 148 233 184 ΠΙ.

195 403 237 433 40

192 1053 235 1085 5)

187 1151 233 1188 vi

200 1898 238 1920 10

255 159 285 183 v
670 148 716 184 T.
751 146 929 185 MACCI
962 147 1165 184 PLAVTI

256 257 327 294 Lr.
351 269 423 295 uae
440 263 593 295 uostrae
609 254 725 294 aetati
743 258 749 293 ἵ
780 256 883 292 Amr.
909 255 948 293 id
970 254 1130 304 quidem
1147 253 1222 306 (in)
1238 254 1388 292 mundo
1404 261 1460 292 est
1477 261 1577 292 tuae.

256 323 331 359 AG.
360 335 431 372 age
452 321 589 360 omitte
608 328 796 367 actutum,
819 319 983 367 furcifer,
1007 319 1298 371 marsuppium:

258 389 478 426 manufesto
499 388 558 426 fur
578 401 629 426 es.
689 386 784 425 mihi
805 400 952 437 quaeso
974 387 1103 425 hercle
1123 399 1282 436 operam
1305 386 1394 424 date
1599 384 1664 429 785

256 452 351 491 dum
374 465 435 490 me
456 451 622 491 uideatis
643 464 798 490 seruom
818 452 869 490 ab
890 452 966 489 hoc
986 451 1249 490 abducere.»-

258 518 327 555 Lv.
358 530 464 555 nunc
484 518 550 567 pol
570 530 644 567 ego
664 516 759 567 perii
780 523 897 564 certo,
920 517 1026 555 haud
1047 516 1259 555 arbitrario.

256 584 437 621 consulto
457 584 533 621 hoc
554 584 699 621 factum
722 590 780 621 est
801 582 897 621 mihi
918 590 959 621 ut
981 581 1146 621 insidiae
1167 583 1312 620 fierent.

257 648 327 686 sed
348 647 444 697 quid
464 660 537 698 ego
557 647 697 686 dubito
718 648 849 698 fugere
869 646 962 685 hinc
983 647 1022 685 in
1044 647 1186 685 malam
1208 659 1363 685 crucem

223 729 234 745 ι
257 712 353 762 priu'
374 725 492 762 quam
513 711 605 750 hinc
626 719 782 763 optorto
803 713 906 750 collo
926 713 976 750 ad
998 719 1215 762 praetorem
1237 712 1397 749 trahor?
1600 718 1669 753 790

256 778 356 816 eheu
374 781 380 815 t
410 789 532 827 quom
553 790 626 827 ego
646 777 766 815 habui
788 776 957 816 hariolos
979 776 1203 827 haruspices
1219 791 1228 823 3

254 842 320 892 qui
342 842 372 880 si
393 842 489 893 quid
511 842 612 881 bene
633 842 877 892 promittunt,
902 842 1097 893 perspisso
1117 841 1260 885 euenit.

254 907 293 945 id
315 908 423 958 quod
445 907 536 946 mali
557 907 801 958 promittunt,
824 907 1122 958 praesentariist.

255 985 360 1010 nune
381 972 459 1019 ibo,
482 971 630 1011 amicos
651 973 855 1011 consulam
877 985 957 1022 quo
978 985 1041 1011 me
1062 973 1184 1010 modo

255 1038 493 1088 suspendere
514 1050 683 1088 aequom
705 1045 891 1076 censeant
912 1037 1243 1088 potissumum.—
1601 1047 1666 1084 795

278 1149 724 1186 AGORAsTOCIAES
813 1147 1202 1186 COLLYBISCVS
1289 1148 1580 1186 ADVOCATI

254 1232 328 1269 Ao.
361 1231 447 1279 Age
467 1236 508 1268 tu
529 1229 775 1279 progredere,
789 1236 830 1268 ut
849 1226 1000 1281 [testes]
1022 1228 1182 1267 uideant
1204 1236 1242 1267 te
1263 1227 1316 1267 ire
1333 1227 1447 1266 istinc
1468 1229 1578 1266 foras.

254 1303 364 1335 estne
385 1293 449 1333 hic
471 1296 571 1333 meu’
592 1296 756 1333 seruos?
799 1295 872 1334 Co.
904 1306 991 1332 sum
1013 1294 1144 1332 hercle
1166 1306 1270 1340 uero,
1294 1288 1579 1343 Agorastocles.

254 1362 328 1399 Ae.
361 1359 457 1411 quid
479 1372 595 1406 nunc,
619 1361 782 1398 sceleste
803 1360 923 1398 leno?
968 1360 1070 1397 ADv.
1104 1358 1264 1408 quicum
1286 1358 1411 1408 litigas

253 1424 451 1476 apscessit.
511 1426 585 1463 AG.
619 1424 767 1463 utinam
791 1424 882 1462 hinc
903 1423 1040 1462 abierit
1061 1424 1203 1462 malam
1226 1437 1381 1462 crucem
1400 1427 1405 1462 1

255 1493 359 1530 Anv.
392 1490 445 1529 ita
460 1503 532 1528 nos
554 1491 654 1529 uelle
674 1503 843 1540 aequom
862 1497 928 1528 est.
981 1491 1054 1527 Ac..
1079 1502 1161 1527 cras
1178 1489 1412 1528 susscribam
1429 1489 1580 1528 homini
1600 1492 1671 1527 800

1439 1554 1581 1593 dicam.

256 1623 328 1661 Co.
360 1621 555 1672 numquid
578 1623 670 1660 me?
714 1623 786 1659 Ac.
819 1622 1021 1671 apscedaS,
1045 1634 1175 1659 sumas
1196 1628 1376 1659 ornatum
1398 1627 1518 1659 tuom.

257 1687 330 1726 Co.
362 1700 442 1725 non
464 1699 550 1726 sum
572 1686 812 1737 nequiquam
834 1685 945 1724 miles
966 1688 1090 1725 factus
1105 1702 1115 1735 3
1144 1687 1360 1736 paullulum

256 1753 425 1803 praedae
445 1752 550 1791 intus
570 1751 644 1791 feci
661 1767 668 1790 z
698 1753 793 1790 dum
815 1751 969 1791 lenonis
989 1751 1133 1790 familia

256 1817 453 1864 dormitat,
476 1817 573 1856 extis
594 1831 679 1855 sum
701 1824 806 1855 satur
826 1818 950 1855 factus
971 1818 1103 1867 probe.

257 1884 468 1932 apscedam
490 1882 582 1921 hinc
602 1882 848 1921 intro—AG.
881 1883 1026 1920 factum
1047 1895 1069 1920 a
1090 1881 1204 1921 uobis
1225 1881 1397 1921 comiter.
1603 1883 1669 1928 805

258 1949 403 1987 bonam
424 1948 598 1994 dedistis,
620 1947 814 1995 aduocati,
838 1961 996 1998 operam
1019 1947 1125 1986 mihi.

302 2054 451 2093 783—849
467 2055 550 2085 deest
568 2055 598 2085 A
749 2055 810 2094 783
837 2054 920 2085 istuc
939 2054 1075 2094 quidem
1092 2053 1203 2084 Luchs
1302 2053 1333 2083 in
1352 2052 1426 2084 add.
1446 2051 1586 2092 vaades

258 2098 320 2136 785
345 2097 476 2137 velpost
491 2099 571 2129 mihi
592 2098 754 2138 distingue
889 2108 947 2137 791
975 2108 1073 2137 quam
1098 2097 1184 2128 codd.
1204 2096 1307 2127 Nonii
1325 2106 1388 2136 392
1521 2106 1583 2135 792

257 2141 345 2180 Quia
361 2141 441 2180 quid
454 2141 541 2172 codd.
565 2141 668 2172 Nonii
684 2143 777 2182 (lpro
796 2141 983 2181 Quidquid)
1063 2151 1135 2181 792,
1149 2151 1209 2180 793
1234 2140 1408 2180 perspisso
1427 2164 1433 2171 .
1453 2163 1460 2170 .
1481 2164 1488 2170 .
1508 2149 1584 2178 pro-

257 2185 393 2215 mittunt
410 2196 476 2216 om.
494 2185 559 2216 cod.
582 2187 730 2225 (propter
743 2184 944 2217 llomoeolel.)
965 2197 972 2215 ε
995 2185 1121 2225 supplet
1135 2185 1265 2214 Nonius
1400 2193 1461 2223 793
1487 2193 1581 2222 prae-

257 2229 382 2259 sentari
400 2234 451 2260 est
467 2228 557 2259 codd.
581 2229 698 2259 Nonii:
727 2228 992 2268 praesentarium
1010 2232 1061 2258 est
1078 2227 1152 2257 PBC
1268 2228 1330 2266 796
1353 2237 1415 2266 age
1432 2232 1466 2257 tu
1485 2226 1556 2257 Ital.
1575 2237 1580 2255 ε

256 2276 378 2311 agetur
400 2273 464 2303 cod.
485 2284 491 2303 z
524 2273 582 2302 l10c
596 2273 706 2312 potins
724 2276 760 2302 nt
779 2283 817 2302 m·
837 2271 1059 2312 Agorastoclis
1083 2271 1216 2301 nomine
1237 2274 1348 2301 ortum
1365 2271 1423 2300 del.
1443 2269 1586 2310 Spengel

257 2321 362 2347 testes
378 2316 437 2347 del.
457 2316 588 2355 Bentley
688 2325 747 2354 797
774 2315 888 2345 hercle
904 2315 1076 2345 Act'dalius
1094 2326 1100 2345 :
1127 2314 1212 2355 [me]
1232 2314 1344 2344 hercle
1360 2313 1425 2344 cod.
1521 2313 1582 2352 798

257 2360 414 2398 quiquom
432 2358 497 2390 cod.
520 2359 813 2399 (atttl'qztasornm)
935 2369 998 2398 799
1022 2358 1128 2388 aberit
1145 2357 1210 2388 cod.
1332 2358 1391 2387 801
1420 2356 1581 2395 numquid

257 2402 467 2434 Lambinus:
501 2413 579 2434 num
605 2402 660 2441 qui
686 2401 752 2433 cod.
876 2403 939 2441 803
963 2402 1005 2433 se.
1026 2401 1212 2442 in.(3)Le0‚
1233 2411 1312 2431 amm
1337 2399 1482 2440 praedae
1506 2409 1580 2429 cum

257 2446 385 2477 elisione
400 2445 573 2487 dipllzongi
586 2449 769 2485 suspectum
790 2445 873 2486 (nisi
886 2444 1015 2485 quidem
1034 2446 1179 2485 praedae
1197 2447 1263 2474 int·
1275 2442 1578 2485 ptenuntiandum‘¹¹

947 2519 969 2529 l
