1731 2713
575 122 745 158 MILES
777 119 1088 158 GLORIOSVS
1428 120 1495 156 IV.
1518 118 1547 154 ii

156 234 269 284 *quin
295 241 337 271 tu
364 232 456 270 huic
484 232 689 281 responde,
714 231 810 268 haec
836 229 946 267 illaec
967 236 1025 267 est
1052 228 1101 266 ab
1122 228 1324 277 illaquam
1348 230 1500 265 dudum

1375 291 1499 343 (dixi).

176 365 243 400 Pv.
276 376 353 412 qua
372 362 422 399 ab
445 361 594 398 illarum
612 362 628 398 ?
671 373 762 397 nam
784 359 836 397 ita
858 372 921 397 me
937 365 1145 396 occursant
1166 358 1312 395 multae
1331 372 1337 395 :
1368 357 1502 395 memi-

1104 422 1208 460 nisse
1229 423 1305 459 hau
1327 435 1499 472 possum.

176 493 248 529 M1.
280 492 331 529 ab
370 490 435 528 illa
473 503 574 539 quae
613 489 755 539 digitos
795 488 990 538 despoliat
1031 500 1121 525 suos
1162 495 1200 525 et
1235 495 1323 524 tuos
1359 487 1503 536 digitos

1329 553 1502 590 decorat.

174 635 265 659 nam
278 623 384 659 hunc
398 622 559 658 anulum
577 620 626 657 cib
640 618 696 656 tui
710 618 884 668 cupienti
897 618 989 655 huic
1002 617 1136 662 detuli,
1148 618 1211 654 hic
1224 629 1340 666 porro
1353 615 1419 667 <ad
1435 615 1499 667 te).
1523 621 1567 654 60

67 698 156 735 1050
177 687 244 724 ΡΥ.
274 685 370 735 quid
400 698 506 723 nunc
534 683 604 722 tibi
632 683 704 730 uis,
730 682 897 720 mulier?
927 695 1115 719 memora.
1175 682 1248 718 Mi.
1280 689 1321 718 ut
1343 694 1443 729 quae
1465 688 1502 718 te

1007 746 1125 797 cupit,
1150 760 1236 784 eam
1259 760 1307 784 ne
1329 760 1498 796 spernas,

173 831 273 867 quae
303 830 370 866 per
400 825 507 854 tuam
538 828 644 853 nunc
674 814 795 852 uitam
826 813 948 851 uiuit:
979 812 1027 851 sit
1054 826 1180 850 necne
1210 811 1257 850 sit
1285 825 1373 862 spes
1401 811 1439 848 in
1465 819 1503 850 te

1328 890 1408 915 uno
1430 883 1500 915 est.

173 949 239 986 ΡΥ.
273 948 369 997 quid
398 960 504 985 nunc
534 947 646 984 uolt?
705 947 778 982 Mi.
811 951 849 982 te
879 944 1116 993 compellare
1146 949 1184 980 et
1219 941 1429 991 complecti
1464 948 1502 980 et

1245 1014 1499 1045 contrectare.

171 1091 262 1116 nam
283 1077 357 1116 nisi
378 1085 420 1115 tu
440 1077 495 1115 illi
515 1078 589 1115 fers
611 1075 822 1126 suppetias,
841 1074 918 1112 iam
939 1073 1004 1112 illa
1023 1073 1200 1111 animum
1222 1072 1500 1123 despondebit.

170 1157 250 1194 age,
1522 1147 1564 1190 65

41 1214 152 1255 1054ss
173 1209 226 1246 mi
246 1208 434 1255 Achilles,
457 1209 523 1245 fiat
544 1207 654 1257 quod
675 1213 712 1244 te
734 1219 814 1252 oro,
839 1218 951 1243 serua
971 1204 1077 1242 illam
1099 1205 1303 1254 pulchram
1325 1203 1498 1253 pulchre,

66 1283 150 1320 1055
173 1287 358 1324 exprome
378 1273 593 1323 benignum
615 1286 662 1310 ex
682 1279 720 1310 te
736 1271 949 1321 ingenium,
969 1269 1167 1319 urbicape,
1182 1269 1334 1308 occisor
1354 1282 1499 1318 regum.

175 1341 242 1378 ΡΥ.
275 1353 323 1378 eu
350 1340 480 1377 hercle
507 1338 665 1377 odiosas
690 1340 774 1376 res!
805 1335 988 1387 quotiens
1019 1337 1095 1374 hoc
1125 1334 1208 1382 tibi,
1231 1335 1406 1382 uerbero,
1430 1347 1503 1384 ego

679 1452 685 1459 ι
1309 1399 1500 1447 interdixi,

173 1483 301 1509 meam
340 1483 390 1508 ne
429 1469 483 1508 sic
522 1470 640 1519 uolgo
679 1467 895 1519 pollicitere
933 1465 1123 1516 operdm?
1181 1467 1249 1503 ΡΑ.
1286 1465 1407 1504 audin
1447 1472 1500 1511 tu,

1332 1530 1471 1568 mulier
1487 1532 1502 1567 ?

173 1601 253 1641 dixi
273 1602 349 1640 hoc
379 1599 449 1639 tibi
469 1601 622 1639 dudum
650 1606 688 1637 et
716 1610 822 1636 nunc
846 1596 962 1636 dico:
991 1595 1065 1634 nisi
1093 1594 1184 1633 huic
1205 1594 1305 1633 uerri
1329 1595 1502 1633 adfertur
1524 1606 1563 1638 70

1340 1672 1499 1706 merces,

48 1719 153 1794 1ῗέἓο
173 1746 254 1771 non
274 1732 338 1770 hic
359 1745 431 1770 suo
459 1730 626 1769 seminio
653 1742 895 1780 quemquam
924 1727 1179 1777 proculenam
1205 1724 1498 1775 impertiturust.

172 1847 238 1868 om.
266 1835 308 1874 C)
472 1835 538 1866 illic
564 1845 618 1865 me
642 1834 709 1864 illic
721 1833 807 1866 cod.:
842 1832 940 1863 illaec
967 1841 1020 1862 me
1047 1831 1096 1861 sic
1117 1830 1244 1860 Ritschl
1399 1828 1503 1860 infert

171 1880 368 1910 Acidalz'us:
400 1879 523 1909 inserat
549 1878 613 1909 cod.
636 1878 671 1917 (i.
699 1877 734 1916 9)
896 1876 978 1913 1046
1002 1875 1098 1905 illaec
1128 1873 1286 1913 Pylades:
1319 1872 1386 1903 illic
1411 1872 1501 1903 cod.:

173 1923 262 1954 illinc
277 1923 413 1964 Seyffert
485 1923 555 1953 dixi
573 1921 647 1952 add.
670 1921 747 1951 Reiz
837 1930 916 1958 1047
934 1929 1033 1958 quam
1050 1918 1083 1948 Β
1097 1918 1166 1957 (vii.
1185 1917 1233 1957 4),
1254 1916 1340 1946 unde
1355 1925 1500 1955 quanam

175 1967 398 2005 Camerarius,
415 1967 467 1997 cui
483 1976 548 2005 qua
569 1967 573 2003 1
594 1966 635 1995 ab
648 1964 787 2005 displicet
871 1973 954 2002 1049
967 1963 1049 2002 fort.
1066 1961 1212 1992 anellum
1274 1960 1315 1990 ab
1326 1960 1451 1990 tuiom.
1471 1959 1503 1989 Β

173 2012 341 2050 cupientis
357 2010 422 2041 cod.
527 2011 590 2039 huc
610 2008 707 2038 PCD:
740 2008 790 2039 vel
804 2007 902 2038 hfi'i'c:
928 2017 972 2037 an
989 2006 1053 2036 huc
1071 2005 1170 2035 huic?
1279 2003 1333 2034 hic
1353 2004 1393 2034 ad
1417 2008 1450 2033 te
1467 2013 1500 2043 p.

172 2053 316 2085 Ritschl:
337 2054 414 2084 huic
434 2055 516 2092 (om.
535 2053 581 2090 B)
601 2063 632 2092 p.
648 2051 714 2082 cod.
732 2052 844 2090 (etiam
862 2061 891 2081 v.
911 2051 993 2088 1046
1010 2050 1043 2079 in
1060 2049 1131 2088 fine
1149 2058 1287 2078 mancus
1299 2050 1357 2085 est)
1371 2047 1424 2076 hic
1436 2045 1500 2088 <ad

173 2103 206 2128 te
230 2096 371 2140 detulit>
387 2108 418 2137 p.
436 2095 562 2127 Sclaeoell
675 2105 759 2134 1050
783 2099 818 2125 ut
835 2094 892 2133 qui
910 2093 976 2124 cod.
1092 2101 1171 2131 1051
1199 2092 1284 2122 uiuit
1302 2091 1406 2121 Pius:
1430 2091 1501 2120 uult

174 2142 239 2185 qod.
339 2151 400 2172 nec
423 2140 477 2171 B:
507 2139 558 2170 vel
580 2139 676 2170 necn’
828 2147 911 2177 1054
936 2147 998 2176 age
1022 2140 1110 2166 extra
1135 2145 1266 2166 versum
1286 2134 1392 2175 posui,
1422 2144 1503 2164 nam

177 2185 327 2216 Achilles
350 2183 601 2223 vixferendum,
614 2191 716 2221 neque
733 2181 793 2212 flat
806 2181 925 2221 placet:
945 2180 987 2210 mi
1005 2179 1090 2211 Ach.
1108 2183 1192 2218 etsq.
1213 2189 1242 2209 v.
1260 2189 1324 2218 age
1343 2188 1503 2217 exprome

176 2229 348 2259 Fleckeisen
452 2227 522 2258 fuat
537 2227 576 2264 (3)
596 2226 660 2256 Leo
739 2225 820 2265 fort.
841 2224 930 2264 quod
947 2222 1068 2254 delend.
1175 2222 1334 2262 pulchre]
1364 2221 1505 2260 pulcher

175 2272 257 2302 Pius
404 2280 486 2309 1055
510 2271 668 2308 urbicape
686 2268 906 2308 Camerarius,
925 2268 1023 2298 etiam
1037 2265 1102 2297 cod.
1128 2269 1162 2296 ut
1177 2265 1240 2296 vid.
1262 2265 1331 2303 (ubi
1352 2275 1434 2304 cape
1451 2264 1483 2294 Β
1498 2276 1505 2294 ;

177 2315 434 2356 [ini]uirbicape
450 2313 538 2353 PCD)
557 2313 621 2352 (ini
633 2318 696 2353 pro
715 2312 747 2341 ui
763 2322 770 2350 ;
793 2312 836 2342 iv.
853 2314 888 2349 3]
1038 2310 1121 2348 1058
1146 2310 1236 2339 uerri
1254 2309 1394 2339 affertur
1410 2307 1503 2339 Pris-

176 2359 290 2390 cianus
316 2368 342 2397 1,
365 2368 447 2397 149:
479 2357 629 2388 uerriant
649 2356 756 2386 fertur
776 2354 840 2386 cod.
870 2354 946 2394 (pro
970 2363 1000 2383 u.
1026 2353 1098 2385 ath
1235 2354 1320 2382 1060
1344 2352 1504 2391 porculae

179 2412 256 2433 nam
271 2401 358 2434 codd.
377 2401 561 2432 Prlsa'am':
585 2399 755 2440 proculem
773 2397 838 2428 cod.
860 2397 910 2437 (qs.
934 2397 1036 2428 class.
1057 2395 1132 2426 Rev.
1157 2406 1205 2435 10,
1225 2398 1302 2434 333)
