1783 2707
172 119 277 158 IV.i
667 119 713 155 T.
747 117 929 156 MACCI
961 117 1166 154 PLAVTI

264 230 375 281 quasi
409 244 515 268 nunc
550 243 660 268 meae
695 236 785 268 sunt
818 227 943 267 uobis.
1019 229 1088 266 ΕΡ.
1126 226 1243 266 miror
1273 240 1354 278 quo
1387 233 1591 266 euasurust

1388 294 1591 343 apologus.

265 363 344 399 AN.
377 367 485 399 erant
507 359 647 398 minori
668 359 721 397 illi
742 357 986 398 adulescenti
1008 357 1167 397 fidicina
1187 365 1225 397 et
1245 357 1417 406 tibicina,

266 439 425 476 peregre
447 426 668 472 aduexerat,
688 425 798 475 quasi
813 438 918 463 nunc
933 431 975 462 tu
991 439 1000 472 3
1030 425 1100 463 sed
1114 423 1177 462 ille
1192 430 1273 462 erat
1290 425 1443 474 caeleps
1460 437 1590 470 senex,

205 507 249 538 40
268 491 379 541 quasi
400 504 472 541 ego
494 505 598 529 nunc
615 504 712 529 sum.
765 492 834 528 ΕΡ.
857 503 973 540 perge
993 503 1119 540 porro.
1161 502 1344 540 praesens
1365 489 1593 539 hicquidem

1313 561 1372 592 est
1391 555 1594 605 apologus.

265 624 343 659 AN.
377 621 521 660 deinde
543 635 660 659 senex
682 620 746 659 ille
768 620 821 658 illi
844 620 950 668 dixit,
975 619 1117 670 quoius
1139 627 1219 658 erat
1240 619 1415 667 tibicina,
1614 633 1678 670 545

266 686 377 736 quasi
405 700 477 735 ego
504 700 609 724 nunc
637 685 708 724 tibi
735 685 954 724 dico—EF.
986 687 1165 724 ausculto
1185 692 1303 735 atque
1326 684 1503 723 animum
1530 685 1595 723 ad-

1309 757 1422 788 uorto
1443 750 1592 789 sedulo.

267 819 344 855 AN.
380 819 474 867 ‘ego
495 816 565 855 tibi
587 830 715 855 meam
738 817 856 855 filiam
878 817 981 855 bene
1002 815 1162 866 quicum
1183 815 1377 855 cubitares
1397 815 1514 854 dedi:

267 894 373 921 nunc
403 882 499 920 mihi
524 882 635 922 reddi
663 896 736 932 ego
765 896 936 933 aequom
963 895 1049 921 esse
1073 895 1142 933 aps
1169 889 1207 920 te
1232 880 1391 932 quicum
1422 880 1595 919 cubitem

1428 947 1596 984 censeo.'

206 1025 245 1056 45
270 1013 339 1049 ΕΡ.
372 1011 459 1062 quis
480 1011 579 1050 istuc
600 1011 727 1051 dicit?
755 1013 806 1050 an
827 1011 891 1050 ille
912 1011 1023 1062 quasi
1044 1013 1116 1050 tu?
1162 1013 1240 1049 AN.
1264 1010 1376 1062 quasi
1396 1024 1469 1061 ego
1489 1023 1596 1049 nunc

1396 1076 1487 1116 dico
1511 1075 1593 1115 tibi.

269 1141 413 1181 ‘immo
434 1144 532 1182 duas
554 1143 680 1182 dabo’
698 1142 825 1193 inquit
845 1143 910 1182 ille
930 1143 1163 1182 adulescens
1186 1144 1289 1181 ‘una
1309 1141 1341 1181 si
1360 1148 1561 1193 parumst3
1615 1152 1683 1190 550

265 1215 303 1246 et
324 1207 354 1247 si
375 1209 541 1247 duarum
564 1208 801 1258 paenitebit'
823 1208 951 1259 inquit
972 1211 981 1228 ‘
995 1209 1192 1247 addentur
1213 1208 1339 1247 duae!

267 1275 337 1312 ΕΡ.
370 1273 457 1323 quis
491 1273 591 1312 istuc
623 1275 801 1323 quaeso?
841 1288 890 1312 an
926 1273 990 1313 ille
1023 1273 1133 1324 quasi
1165 1275 1271 1324 ego?
1337 1275 1416 1312 AN.
1448 1273 1480 1312 is
1513 1273 1597 1325 ipse

1098 1338 1209 1388 quasi
1230 1345 1283 1376 tu.
1340 1336 1460 1391 (tum)
1478 1352 1598 1379 senex

267 1403 331 1442 ille
353 1402 463 1454 quasi
485 1417 558 1454 ego
581 1403 634 1442 ‘si
655 1403 738 1452 uis,’
760 1402 887 1454 inquit
910 1407 1120 1454 ‘quattuor
1140 1417 1233 1443 sane
1254 1405 1359 1452 dato,

208 1485 248 1516 50
268 1470 364 1508 dum
386 1468 572 1520 equidem
596 1471 728 1508 hercle
756 1471 865 1520 quod
887 1469 997 1509 edint
1023 1470 1158 1517 addas,
1182 1482 1315 1508 meum
1345 1483 1395 1509 ne
1416 1476 1598 1509 contrun-

1326 1542 1417 1573 cent
1437 1534 1597 1574 cibum.’

268 1601 337 1637 ΕΡ.
369 1598 555 1638 uidelicet
575 1613 736 1650 parcum
757 1599 876 1638 fuisse
897 1599 1006 1637 illum
1029 1612 1175 1646 senem,
1199 1598 1266 1650 qui
1285 1598 1360 1651 (id)
1379 1599 1528 1648 dixerit,
1617 1613 1680 1652 555

266 1664 453 1715 quoniam
475 1664 539 1703 ille
559 1665 613 1703 illi
633 1665 850 1716 pollicetur,
873 1666 941 1716 qu1'
962 1679 1051 1704 eum
1073 1665 1206 1704 cibum
1227 1665 1460 1716 poposcerit.

266 1732 344 1768 AN.
377 1729 562 1769 uidelicet
591 1744 671 1769 non
701 1730 820 1770 fuisse
850 1731 960 1769 illum
990 1744 1162 1781 nequam
1192 1732 1498 1779 adulescentem,
1530 1731 1598 1782 qui

1506 1796 1597 1837 ilico

267 1859 335 1899 ubi
356 1860 419 1900 ille
440 1860 567 1911 poscit
587 1863 798 1915 denegauit
819 1866 911 1903 dare
932 1878 973 1903 se
993 1876 1157 1914 granum
1179 1861 1305 1900 tritici.

207 1938 246 1970 55
267 1928 398 1966 hercle
419 1927 485 1977 qui
506 1941 676 1979 aequom
698 1931 923 1980 postulabat
947 1930 1012 1969 ille
1032 1943 1162 1978 seneX,
1186 1928 1347 1979 quando
1368 1927 1529 1978 quidem

268 1991 369 2030 filiae
389 1992 477 2031 illae
498 1994 660 2032 dederat
681 1996 830 2043 dotem,
850 1995 1028 2046 accipere
1048 2009 1119 2045 pro
1139 1994 1314 2034 tibicina.
1615 1994 1683 2040 560

269 2058 338 2095 ΕΡ.
371 2058 501 2097 hercle
522 2058 751 2109 illequidem
772 2062 1132 2100 certoadulescens
1153 2061 1271 2099 docte
1291 2065 1474 2098 uorsutus
1494 2058 1576 2108 fuit,

311 2172 374 2202 542
400 2163 522 2205 Erant]
541 2163 633 2194 Aere
653 2164 726 2205 (pro
742 2163 784 2199 A,
802 2164 820 2195 i.
835 2176 858 2196 e.
877 2164 956 2204 AN„
977 2164 1073 2204 81·θῖ)
1092 2164 1125 2195 Ρ
1220 2164 1285 2207 illi]
1305 2165 1338 2206 ei
1354 2164 1387 2195 A
1531 2166 1596 2205 548

267 2216 327 2245 aps
346 2211 379 2237 te
396 2217 462 2238 om.
482 2207 514 2237 A
618 2209 746 2246 552-82
763 2207 905 2247 daefim'tA
1009 2218 1074 2248 552
1097 2213 1166 2239 tum
1180 2208 1256 2241 add.
1270 2208 1444 2240 Acidalius
1530 2218 1595 2249 554

267 2249 402 2289 quidem
423 2251 483 2281 alii
502 2250 553 2291 (cs.
579 2250 626 2281 ad
640 2251 726 2283 Men.
747 2262 822 2291 309,
843 2251 915 2283 Mil.
942 2253 1013 2293 158,
1032 2252 1129 2283 Stich.
1158 2255 1213 2293 11)
1301 2257 1502 2284 contrucent
1525 2253 1590 2284 cod.

266 2303 330 2333 555
355 2292 466 2336 (non)
483 2305 515 2334 p.
542 2294 663 2325 Thulin
681 2295 689 2309 ⁴
704 2295 742 2326 de
758 2296 958 2326 com'unclivo
972 2295 980 2308 ⁹
997 2306 1028 2336 p.
1048 2306 1088 2334 24
1160 2297 1250 2327 illum
1270 2296 1374 2327 fuisse
1393 2296 1460 2328 cod.
1476 2308 1483 2327 z
1515 2297 1588 2328 trai.

269 2336 403 2368 Guz'etus
470 2338 502 2368 id
520 2338 595 2369 add.
616 2338 751 2370 Loman
860 2341 925 2379 556
950 2350 1049 2379 quom
1067 2339 1123 2370 ille
1139 2339 1185 2370 illi
1202 2341 1258 2379 qui
1277 2340 1454 2380 pollicetur
1469 2340 1597 2372 Ritschl

266 2389 329 2419 557
354 2391 496 2421 aequom
515 2382 661 2422 Seyffert,
672 2382 753 2422 fort.
772 2387 850 2413 recte
936 2383 1189 2415 adulescentem
1205 2383 1280 2415 Ital.
1298 2394 1305 2414 :
1328 2383 1591 2415 adulescentiam

266 2423 332 2455 cod.
468 2427 532 2464 558
556 2426 731 2465 denegarit
750 2425 924 2457 Acidalius
1063 2428 1124 2466 561
1151 2427 1208 2459 ille
1226 2427 1362 2467 quidem
1378 2427 1493 2460 hercle
1508 2427 1594 2459 Bn'x

969 2514 992 2524 l
