1731 2713
599 129 769 166 MILES
801 127 1114 166 GLORIOSVS
1452 128 1520 164 IV.
1543 127 1619 163 viii

149 276 152 279 .
197 243 264 280 Ργ.
298 241 392 292 quid
415 241 454 280 id
476 243 563 279 est?
622 242 690 278 ΡΑ.
722 253 794 278 nos
816 240 1036 278 secundum
1060 238 1146 277 ferri
1171 252 1276 277 nune
1297 252 1364 289 per
1385 239 1522 278 urbem

1258 305 1355 343 hacc
1376 304 1519 350 onmia,

90 381 178 418 1350
197 385 246 410 ne
266 371 353 421 quis
374 371 443 409 t1'bi
466 372 541 409 boc
562 370 658 409 uitio
679 377 817 408 uortat.
878 371 944 407 ΡΥ.
979 383 1076 416 mea,
1099 383 1179 408 non
1201 369 1354 407 illorum
1376 368 1468 408 dedi
1488 383 1495 407 ε
1542 378 1584 409 40

196 437 304 487 parui
326 450 398 487 ego
420 436 505 474 illos
527 436 638 474 facio.
697 436 809 485 agite,
833 435 884 473 ite
906 448 995 473 cum
1017 435 1077 473 dis
1100 434 1439 473 beneuolentibus.

196 504 264 540 ΡΑ.
299 510 363 540 tua
391 515 463 552 ego
491 503 567 540 hoe
595 514 732 539 caussa
759 501 860 539 dico.
922 502 988 538 ΡΥ.
1022 501 1153 538 credo.
1214 501 1282 537 ΡΑ.
1316 499 1392 537 iam
1422 500 1520 537 uale.

1080 567 1146 602 ΡΥ.
1180 572 1217 603 et
1238 571 1279 603 tu
1301 565 1402 603 bene
1423 566 1520 602 uale.

196 635 263 671 ΡΑ.
296 633 348 672 ite
381 633 469 680 cito,
500 632 577 670 iam
610 645 682 682 ego
709 633 904 682 adsequar
933 644 1028 671 uos:
1059 634 1149 669 cum
1181 643 1246 669 ero
1276 643 1401 681 pauca
1430 631 1523 668 uolo

1349 694 1524 745 loqui.—

195 777 435 814 quamquam
455 763 552 802 alios
573 762 768 802 fideliores
789 775 943 812 semper
963 760 1135 800 habuisti
1156 760 1227 799 tibi

88 843 174 881 1355
197 843 314 880 quam
331 842 405 875 me,
422 837 553 867 tamen
570 828 639 866 tibi
657 828 785 866 habeo
802 840 985 877 magnam
998 825 1160 877 gratiam
1177 839 1303 864 rerum
1322 819 1499 864 omnium
1515 839 1524 873 3
1544 837 1584 868 45

196 902 244 941 et,
268 893 297 932 si
325 894 327 944 l
355 893 407 931 ita
428 892 621 931 sententia
641 900 754 939 esset,
777 891 848 930 tibi
869 891 1012 930 seruire
1034 891 1153 929 malui

196 960 320 996 multo
341 958 459 1007 qua'm
480 957 544 995 alii
565 957 724 996 libertus
746 970 841 995 esse.
903 958 970 994 Pv.
1003 956 1105 994 hzibe
1125 955 1301 993 animum
1324 956 1485 994 bonum.

197 1025 266 1061 ΡΑ.
289 1025 400 1070 eheu,
416 1036 537 1072 quom
554 1022 661 1060 uenit
683 1022 735 1059 mi
757 1021 796 1059 in
818 1028 992 1060 mentem
1008 1028 1050 1059 ut
1067 1034 1194 1059 mores
1216 1020 1395 1060 mutandi
1412 1020 1525 1068 sient,

196 1088 405 1126 muliebres
426 1101 554 1126 mores
575 1086 765 1132 discendi,
789 1085 1051 1125 obliuiscendi
1072 1085 1273 1124 stratiotici
1291 1090 1297 1124 ἔ

88 1157 178 1202 1360
198 1155 264 1191 ΡΥ.
296 1154 356 1191 fac
395 1152 446 1190 sis
477 1151 585 1202 frugi.
665 1154 732 1189 ΡΑ.
774 1150 852 1189 iam
887 1164 967 1189 non
1007 1164 1180 1201 possum,
1216 1150 1329 1188 amisi
1363 1163 1522 1189 omnem
1544 1161 1587 1193 50

364 1226 368 1227 ⁷
1291 1215 1522 1254 lubidinem.

197 1286 265 1322 ΡΥ.
297 1283 319 1331 i,
343 1296 506 1334 sequere
526 1282 624 1330 illos,
646 1296 697 1321 ne
718 1295 881 1321 morere.
941 1283 1010 1320 ΡΑ.
1044 1281 1145 1321 bene
1166 1283 1264 1320 uale.
1325 1283 1392 1319 ΡΥ.
1426 1288 1463 1320 et
1484 1288 1526 1319 tu

1303 1347 1405 1386 bene
1426 1347 1523 1385 uale.

197 1417 264 1453 ΡΑ.
298 1427 445 1465 quaeso
465 1413 702 1460 memineris,
725 1412 757 1451 si
777 1414 876 1451 sorte
896 1412 994 1450 liber
1014 1411 1095 1451 fieri
1116 1411 1337 1462 occeperim

197 1479 367 1531 (mittam
387 1479 569 1518 nuntium
590 1480 641 1517 ad
662 1477 729 1529 te),
748 1491 798 1516 ne
816 1491 879 1516 me
895 1479 1063 1516 deseras.
1115 1479 1182 1515 ΡΥ.
1207 1490 1287 1516 non
1304 1483 1362 1515 est
1378 1489 1522 1516 meum.

197 1547 266 1583 PA.
299 1544 469 1595 cogitato
489 1543 708 1583 identidem
729 1542 799 1581 tibi
821 1556 939 1592 quam
961 1541 1087 1581 fidelis
1108 1541 1257 1580 fuerim.

90 1615 174 1660 1365
198 1611 228 1649 si
249 1611 290 1649 id
311 1610 442 1657 facies,
463 1618 547 1648 tum
568 1610 731 1648 demum
751 1607 869 1647 scibis
891 1607 961 1646 tibi
988 1607 1055 1657 qui
1076 1607 1195 1646 bonu'
1216 1607 1273 1654 sit,
1297 1607 1364 1658 qui
1384 1609 1521 1646 malus.
1544 1619 1584 1650 55

198 1677 265 1713 ΡΥ.
297 1675 378 1714 seio
417 1683 455 1714 et
493 1674 671 1726 perspexi
709 1687 836 1724 saepe.
911 1675 980 1711 ΡΑ.
1012 1685 1149 1711 uerum
1184 1685 1306 1722 quom
1343 1673 1522 1719 antehac,

1204 1737 1323 1776 hodie
1344 1750 1527 1776 maxume
1564 1772 1571 1778 ..

197 1807 296 1846 scies
314 1823 321 1846 :
352 1806 475 1845 immo
495 1805 615 1844 hodie
635 1807 864 1845 †meorum†
885 1805 1031 1842 factum
1045 1804 1134 1842 faxo
1154 1810 1243 1854 post
1264 1802 1370 1842 dices
1392 1802 1525 1852 magis.

199 1875 269 1912 ΡΥ.
299 1873 364 1911 uix
389 1871 578 1922 reprimor
601 1870 697 1921 quin
724 1878 762 1909 te
789 1883 947 1908 manere
976 1869 1146 1908 iubeam.
1206 1870 1275 1906 ΡΑ.
1308 1881 1404 1906 caue
1427 1867 1528 1906 istuc

1367 1932 1527 1971 feceris:

198 2005 333 2044 dicant
352 2011 391 2043 te
411 2004 645 2042 mendacem
666 2015 739 2040 nee
759 2014 897 2040 uerum
919 2013 1013 2046 esse,
1039 2001 1115 2038 fide
1136 2001 1243 2037 nulla
1263 2012 1348 2038 esse
1369 2007 1417 2045 te,

245 2119 328 2150 1350
353 2110 436 2140 istuc
462 2108 570 2138 Lucss
704 2116 782 2145 1351
809 2105 892 2136 alios
914 2103 1018 2135 Bothe
1153 2113 1233 2143 1353
1258 2114 1315 2133 ero
1338 2102 1437 2133 Ital.:
1462 2113 1526 2141 ego

197 2154 262 2186 cod.
354 2153 431 2183 uolo
449 2153 539 2191 loqui
566 2151 711 2181 Ritschl:
745 2149 857 2188 eloqui
879 2147 945 2180 cod.
1084 2149 1167 2186 1356
1190 2148 1236 2178 ita
1258 2147 1287 2177 si
1304 2145 1524 2176 Lachmann:

198 2199 226 2229 si
255 2199 359 2228 istaec
391 2196 530 2226 Skutsch
560 2193 696 2225 «Herm.
723 2204 776 2234 32,
804 2195 863 2233 92)
1012 2201 1093 2230 1357
1128 2195 1219 2222 esset
1245 2190 1309 2221 cod.
1416 2190 1525 2220 habeo

197 2243 322 2273 bonum
351 2241 499 2271 animum
525 2239 617 2270 θοάς
642 2239 714 2270 irai.
734 2238 838 2268 Bothe
973 2236 1056 2275 1358
1080 2235 1168 2265 eheu
1196 2235 1285 2265 Leo:
1311 2234 1429 2264 haeum
1455 2233 1521 2264 cod.

198 2287 271 2326 (vix
284 2285 463 2316 interiectio*
565 2293 648 2324 1359
673 2281 849 2314 stratiotici
866 2279 1040 2311 Scutarius
1055 2290 1062 2310 :
1086 2278 1234 2309 stratiosi
1253 2291 1255 2295 ’
1269 2277 1418 2308 stratiost
1435 2276 1524 2316 PCD)

197 2329 263 2361 cod.
412 2330 494 2367 1362
518 2339 548 2368 q.
568 2333 603 2360 ot
621 2329 687 2367 (ut)
705 2338 748 2359 m.
772 2325 846 2356 PCD
948 2323 1020 2354 fleri
1038 2322 1208 2362 occeperit
1224 2321 1291 2352 cod.
1443 2321 1524 2359 1364

198 2374 281 2404 dent
303 2374 390 2404 idem
416 2372 480 2403 cod.
649 2372 732 2410 1366
755 2368 870 2410 (tum)
887 2368 963 2398 hod.
983 2366 1056 2397 Ital.
1231 2366 1313 2403 1367
1338 2373 1452 2394 eorum
1470 2363 1524 2394 B:

197 2427 314 2447 uerum
338 2416 569 2447 Camerarius:
588 2426 641 2445 me
659 2421 747 2446 tuom
768 2413 832 2442 Leo
847 2424 853 2442 :
869 2412 948 2451 fhrl.
970 2419 1097 2439 morum
1219 2409 1301 2448 1369
1325 2408 1438 2438 dicent
1454 2407 1520 2439 cod.

197 2461 250 2505 (cs.
271 2461 367 2501 1370)
458 2464 548 2490 esset
565 2458 632 2490 cod.
722 2458 788 2488 fide
806 2455 878 2488 Ital.
895 2466 902 2487 :
927 2453 1025 2484 fidele
1042 2452 1120 2489 cod„
