1731 2713
754 92 979 130 RVDENS
1455 92 1522 128 IV.
1545 91 1590 127 vi

199 202 274 237 TR.
307 201 366 239 sac
389 207 430 238 ut
451 213 585 239 exores
608 199 879 251 Plesidippum
902 207 943 238 ut
965 213 1027 238 me
1049 198 1206 251 (manu)
1223 199 1383 237 emittat.
1448 202 1521 237 Im.

188 253 190 255 ,
1422 265 1521 303 licet.

199 331 274 367 ΤΚ.
308 338 345 368 et
366 338 432 368 tua
452 330 530 368 filia
550 330 668 369 facito
689 338 796 369 oret:
826 330 938 368 facile
959 330 1143 369 exorabit.
1206 332 1280 367 DA.
1314 329 1413 368 licet.
1548 342 1584 373 15

91 410 180 435 1220
198 396 274 432 ΤΚ.
306 403 423 445 atque
445 403 486 433 ut
514 395 567 433 mi
588 396 817 445 Ampelisca
837 396 971 443 nubat,
995 395 1061 433 ubi
1083 409 1155 445 ego
1177 395 1249 433 sim
1278 395 1384 433 liber.
1447 397 1521 433 DA.

1422 461 1522 499 licet.

195 529 270 565 TR.
303 536 421 577 atque
452 535 493 565 ut
523 535 675 577 gratum
707 527 759 565 mi
790 526 1028 566 beneficium
1060 526 1170 565 factis
1201 525 1383 576 experiar.
1447 528 1521 563 DA.

1422 591 1521 629 licet.

196 659 271 695 TR.
304 657 465 694 omnian
486 656 606 695 licet?
665 658 743 694 DA.
773 656 887 695 licet:
918 656 989 695 tibi
1010 670 1143 694 rusum
1165 658 1287 695 refero
1308 656 1481 706 gratiam.

195 724 265 761 sed
295 736 461 773 propera
486 722 541 760 ire
568 722 608 760 in
635 723 773 761 urbem
801 730 977 761 actutum
999 730 1037 761 et
1064 722 1192 772 recipe
1214 730 1251 761 te
1279 724 1356 761 huc
1377 736 1521 760 rusum.

1312 790 1387 826 TR.
1420 788 1522 826 licet.

194 853 271 891 iam
292 853 357 892 hic
377 867 454 892 ero.
515 860 557 892 tu
580 852 736 892 interibi
757 854 906 893 adorna
927 861 1099 893 ceterum
1127 855 1235 903 quod
1256 855 1520 903 opust—DA.
1547 867 1586 889 20

1420 918 1520 957 licet.

87 994 172 1031 1225
196 985 390 1022 Hercules
412 983 531 1022 istum
552 983 725 1022 infelicet
745 997 836 1022 cum
858 997 928 1022 sua
948 983 1105 1022 licentia
1123 987 1128 1022 ἔ

27 1038 31 1041 i
194 1049 246 1087 ita
267 1062 374 1087 meas
395 1049 559 1100 repleuit
580 1048 681 1087 auris
703 1048 899 1099 quidquid
920 1049 1189 1087 memorabam
1215 1049 1350 1087 ‘licet'

539 1160 752 1197 GRIva
865 1160 1178 1197 DAEMONES
1542 1159 1604 1196 vii

302 1242 379 1279 GR.
413 1241 545 1289 Quam
566 1253 659 1278 mox
678 1239 768 1278 licet
790 1247 827 1278 te
849 1241 1096 1290 compellare,
1119 1242 1379 1280 Daemones?

303 1308 378 1344 DA.
412 1305 508 1356 quid
530 1313 588 1344 est
609 1305 753 1355 negoti,
778 1305 928 1355 Gripe?
986 1307 1062 1344 GR.
1096 1307 1146 1344 de
1167 1306 1233 1344 illo
1254 1306 1391 1346 uidulo
1409 1323 1416 1345 ε

301 1371 332 1409 si
353 1371 492 1421 sapias,
515 1371 667 1421 sapias,
698 1371 843 1409 habeas
866 1372 975 1421 quod
997 1371 1036 1410 di
1059 1372 1211 1410 danunt
1233 1372 1337 1411 boni.

86 1452 174 1487 1230
303 1438 378 1474 DA.
410 1449 581 1486 aequom
603 1435 759 1474 uidetur
779 1435 860 1482 tibi,
885 1444 927 1474 ut
948 1450 1021 1486 ego
1044 1436 1216 1475 alienum
1238 1439 1347 1487 quod
1368 1446 1426 1477 est

300 1515 433 1540 meum
455 1515 540 1540 esse
561 1501 721 1540 dicam?
778 1502 855 1540 GR.
890 1503 1051 1551 quodne
1075 1516 1148 1553 ego
1170 1503 1305 1542 inueni
1325 1504 1364 1542 in
1387 1504 1512 1543 mari?
1546 1519 1563 1551 5

301 1568 378 1604 DA.
411 1574 521 1605 tanto
542 1566 596 1604 illi
618 1566 756 1605 melius
779 1566 917 1617 optigit
939 1567 1005 1617 qui
1027 1567 1222 1617 perdidit,

300 1639 411 1670 tuom
433 1645 517 1670 esse
539 1632 662 1670 nihilo
684 1631 806 1681 magis
829 1640 984 1682 oportet
1006 1633 1196 1672 nidulum.

301 1698 377 1736 GR.
410 1697 485 1735 isto
506 1705 547 1735 tu
569 1711 716 1748 pauper
738 1711 778 1735 es
801 1711 922 1747 quom
949 1697 1055 1735 nimi’
1079 1707 1213 1738 sancte
1234 1699 1342 1750 piu's.

83 1774 169 1811 1235
302 1763 378 1800 DA.
411 1776 435 1800 o
457 1762 588 1813 Gripe,
612 1763 744 1813 Gripe,
767 1762 807 1800 in
830 1771 956 1801 aetate
979 1763 1186 1802 hominum
1207 1766 1411 1814 plurumae

300 1829 400 1866 fiunt
419 1837 636 1876 trasennae,
660 1828 726 1867 ubi
749 1829 1000 1880 decipiuntur
1021 1829 1132 1868 dolis.
1545 1844 1584 1866 10

299 1901 417 1943 atque
437 1895 580 1944 edepol
601 1894 640 1932 in
662 1908 727 1933 eas
749 1897 980 1945 plerumque
1004 1908 1094 1933 esca
1114 1895 1350 1945 imponitur:

299 1971 416 2008 quam
439 1958 470 1997 si
491 1959 577 2009 quis
597 1959 738 1999 auidus
759 1960 885 2011 poscit
909 1974 1038 1999 escam
1059 1960 1235 2008 auariter,

297 2023 492 2073 decipitur
511 2024 551 2062 in
572 2032 754 2063 trasenna
774 2025 936 2064 auaritia
957 2039 1036 2063 sua.

83 2102 171 2136 1240
298 2089 348 2128 ill'
369 2091 437 2141 qui
457 2093 647 2139 consulte,
669 2093 788 2132 docte
808 2101 927 2143 atque
948 2102 1076 2132 astute
1096 2102 1222 2142 canet,

297 2155 450 2195 diutine
471 2157 527 2195 uti
547 2157 650 2196 bene
670 2157 761 2197 licet
781 2165 935 2208 partum
957 2159 1069 2198 bene.
1543 2173 1580 2205 15

235 2261 318 2291 1218
342 2271 394 2292 me
411 2272 476 2292 om.
494 2261 526 2291 B
614 2272 714 2293 manu
732 2262 808 2293 add.
825 2263 999 2294 Fleckeisen
1013 2268 1088 2304 post
1105 2264 1336 2296 Camermium
1438 2275 1520 2295 1222

189 2304 300 2335 omnia
315 2304 380 2335 cod.
400 2316 407 2335 :
429 2315 509 2336 corr.
531 2305 744 2336 Camerarius
879 2317 961 2346 1229
986 2308 1114 2338 danunt
1133 2309 1222 2347 (cum
1239 2313 1399 2348 suprascr.
1415 2309 1515 2349 glo-35.

187 2347 282 2387 dant)
300 2348 367 2380 cod.
395 2351 431 2379 ut
457 2348 522 2380 vid.
544 2349 653 2387 (aliter
671 2348 738 2380 Leo
767 2350 944 2390 ‘scriptura
971 2350 1108 2390 duplex,
1136 2352 1169 2383 di
1195 2352 1274 2383 dant
1296 2352 1375 2383 boni
1398 2357 1427 2383 et
1449 2353 1517 2384 diui

187 2391 352 2434 danunt')
489 2402 570 2431 123²
595 2392 716 2424 melius
731 2393 779 2423 illi
796 2393 860 2426 cod.
881 2405 888 2425 :
912 2395 985 2426 imi.
1003 2394 1137 2435 Bentley
