1783 2707
783 245 1019 295 ACTVS
1070 246 1089 292 Ι

648 349 878 385 GRVMIO
989 347 1213 383 TRANIO

265 440 341 477 GR.
377 436 448 476 Exi
470 451 491 475 e
512 435 643 474 culina
665 434 715 472 sis
737 435 849 480 foras,
875 432 1066 483 mastigia,

264 503 330 554 qui
353 503 404 541 mi
427 502 526 540 inter
546 500 698 551 patinas
720 499 882 538 exhibes
903 497 1081 549 argutias

264 569 459 618 egredere,
483 565 584 605 erilis
605 564 816 616 permsties,
840 577 886 601 ex
906 563 1082 602 aedibuS.

265 646 338 683 ego
359 634 424 682 pol
446 639 483 670 te
504 630 591 677 ruri,
616 630 647 668 si
668 629 814 676 uiuam,
838 628 1002 667 ulciscar
1022 627 1157 678 probe.

229 716 244 745 5
265 696 374 750 (exi)
393 696 466 744 exi,
488 696 661 746 inquam,
685 693 918 743 nidoricupi,
942 706 1034 731 nam
1056 693 1152 742 quid
1173 693 1299 731 lates?

212 1040 250 1062 10

213 1365 250 1396 15

211 1692 251 1714 20

266 766 342 802 ΤΚ.
377 762 472 812 quid
495 761 576 808 tibi,
600 762 759 806 malum,
784 759 848 797 hic
868 766 959 796 ante
980 757 1089 796 aedis
1110 756 1391 796 clamitatiost?

266 843 316 867 an
338 827 412 867 ruri
435 840 572 865 censes
593 834 631 864 te
652 827 765 865 esse?
795 825 965 875 apscede
986 824 1036 862 ab
1056 822 1232 861 aedibus.

267 893 331 932 abi
352 893 427 939 ri'1S,
449 891 513 930 abi
535 893 716 937 dierecte‚
739 890 911 940 apscede
931 889 982 927 ab
1003 888 1129 926 ianua.

269 973 343 1007 em,
367 957 533 997 hoccine
554 957 746 995 uolebas?
803 957 879 993 GR.
913 954 1008 1005 perii
1026 957 1032 992 ἒ
1063 967 1135 1004 qur
1156 967 1218 992 me
1240 953 1452 992 uerberas?

269 1026 344 1062 TR.
378 1023 470 1074 quia
489 1022 601 1061 uiuis.
663 1023 739 1060 GR.
772 1020 906 1071 patiar.
966 1019 1049 1058 sine
1070 1020 1192 1058 modo
1212 1018 1398 1057 adueniat
1419 1031 1546 1057 senex.

270 1090 353 1128 sine
374 1090 496 1127 modo
517 1087 651 1126 uenire
673 1088 825 1125 saluom
847 1099 965 1137 quem
986 1092 1191 1135 apsentem
1213 1097 1357 1123 comes.

270 1158 345 1194 ΤΗ.
378 1167 451 1193 nec
472 1152 553 1192 ueri
575 1152 700 1191 simile
721 1154 882 1202 loquere
904 1164 977 1189 nec
997 1163 1146 1196 uerum,
1169 1150 1307 1197 frutex,

270 1233 447 1260 comesse
468 1231 709 1269 quemquam
731 1225 773 1256 ut
794 1217 1002 1267 quisquam
1025 1222 1228 1266 apsentem
1249 1212 1407 1265 possiet.

272 1288 349 1325 GR.
381 1294 422 1324 tu
443 1285 616 1324 urbanus
637 1296 731 1321 uero
752 1296 896 1329 scurra,
917 1281 1081 1320 deliciae
1101 1279 1220 1331 popli,

272 1365 336 1389 rus
358 1350 453 1388 mihi
474 1357 515 1388 tu
537 1348 744 1387 obiectas?
774 1361 867 1386 sane
889 1349 976 1395 hoc,
1000 1347 1132 1394 credo,
1153 1344 1309 1392 Tranio,

273 1417 380 1466 quod
402 1423 440 1454 te
461 1415 499 1453 in
520 1413 727 1465 pistrinum
749 1412 824 1451 scis
845 1420 1021 1451 actutum
1042 1410 1194 1450 tradier.

273 1481 327 1520 cis
349 1482 479 1519 hercle
499 1493 644 1530 paucas
666 1485 931 1529 tempestates,
955 1476 1113 1524 Tranio,

271 1545 432 1597 augebis
453 1545 529 1583 ruri
551 1558 770 1592 numerum,
793 1545 907 1594 genu’
929 1542 1104 1582 ferratile.

271 1625 387 1659 nunc,
411 1612 506 1650 dum
529 1610 598 1649 tibi
620 1611 729 1649 hibet
750 1610 931 1660 licetque,
955 1616 1058 1659 pota,
1082 1608 1202 1659 perde
1222 1621 1315 1656 rem,

272 1690 479 1727 corrumpe
529 1689 546 1710 με
597 1675 730 1714 erilem
753 1676 1048 1714 adulescentem
1071 1681 1277 1724 optumum
1294 1687 1304 1721 3

272 1743 356 1782 dies
377 1749 593 1791 noctesque
615 1741 750 1788 bibite,
774 1740 1115 1791 pergraecaminei,

271 1807 418 1846 amicas
439 1806 570 1855 emite,
591 1806 777 1845 liberate:
800 1806 957 1856 'pascite

273 1873 462 1925 parasitos
479 1889 485 1912 :
516 1880 708 1923 opsonate
729 1872 1015 1923 pollucibiliter.

274 1938 438 1978 haecine
460 1938 662 1977 mandauit
684 1938 764 1986 tibi,
789 1952 910 1989 quom
931 1951 1090 1989 peregre
1110 1936 1203 1976 hinc
1224 1936 1262 1983 it,
1285 1936 1434 1974 senex?

275 2004 418 2043 hocine
439 2005 561 2043 modo
582 2003 645 2042 hic
667 2017 747 2042 rem
769 2011 942 2042 curatam
965 2005 1138 2043 offendet
1159 2003 1300 2041 suam?

275 2069 442 2108 hoccine
464 2069 557 2107 boni
579 2082 664 2107 esse
687 2068 859 2107 officium
883 2069 984 2108 serui
1005 2068 1216 2108 existumas

275 2143 317 2173 ut
338 2135 390 2173 eri
412 2134 470 2173 sui
491 2141 715 2185 corrumpat
736 2142 774 2173 et
794 2149 874 2173 rem
897 2142 935 2173 et
955 2134 1109 2172 filium?

319 2249 338 2278 5
363 2239 416 2270 exi
434 2238 549 2269 addisli
563 2238 757 2273 dubitauit-r,
779 2250 859 2269 nam
878 2239 1014 2278 inquam
1033 2237 1171 2279 displicet
1274 2236 1364 2276 -cupi
1381 2233 1473 2274 nam]
1492 2234 1603 2264 culine

282 2282 339 2323 (τῖε.
359 2285 452 2321 mae)
471 2281 528 2320 3¹3,
550 2281 635 2313 mule
653 2282 752 2312 nidor
769 2292 787 2312 e
804 2282 916 2312 culina
932 2281 1072 2321 Pylades
1160 2283 1181 2311 6
1205 2279 1389 2312 clamatiosi
1407 2278 1471 2309 cod.
1491 2289 1498 2308 :
1521 2288 1599 2308 corr.

274 2325 449 2357 Acidalins
558 2337 589 2365 9,
614 2336 652 2356 10
676 2336 718 2355 en
737 2324 803 2356 cod.
916 2335 954 2356 12
978 2324 1091 2356 saluos
1108 2324 1172 2355 cod.
1193 2325 1288 2363 (corr.
1308 2321 1373 2362 B2)
1477 2322 1515 2351 16
1539 2321 1602 2350 hoc

275 2381 342 2402 om.
360 2369 432 2399 PCD
449 2369 563 2408 elfort.
583 2369 648 2400 cod.
768 2379 803 2408 17
828 2369 875 2399 sis
892 2369 956 2400 cod.
1072 2379 1109 2398 21
1137 2377 1311 2407 corrumpe
1323 2363 1466 2408 (porro)
1479 2364 1519 2404 (ἵ)
1537 2363 1603 2393 Leo

279 2413 355 2444 Vide
371 2424 409 2443 ue
427 2413 530 2443 lacera
543 2412 669 2453 pagina
692 2413 725 2443 1⁴11
743 2411 952 2452 PBCfi‹e›·it;
978 2412 1014 2451 ef.
1035 2411 1081 2442 ad
1097 2422 1124 2442 v.
1146 2422 1185 2452 57
1321 2420 1360 2448 25
1387 2411 1410 2439 it
1428 2408 1531 2438 Bothe
1548 2407 1600 2448 (iit

275 2457 365 2498 Ital.)
382 2480 389 2488 .
416 2461 449 2487 ut
472 2456 537 2488 cod.
557 2459 632 2497 (pro
648 2456 700 2497 iit)

988 2522 1011 2533 l

1618 962 1710 999 9-10

1622 1288 1663 1327 15

1621 1618 1666 1644 20

1621 1946 1664 1985 25
