1783 2707
162 127 210 163 V.
234 124 280 160 vi
649 120 694 156 T.
730 118 910 157 MACCI
943 116 1147 154 PLAVTI

180 444 219 476 25

179 832 221 864 30

161 1384 222 1420 vii

294 236 363 272 LY.
396 231 490 283 perii
521 232 677 270 hercle!
735 232 809 267 AG.
844 228 967 267 immo
998 229 1075 266 hau
1102 227 1228 265 multo
1253 233 1352 276 post,
1383 224 1414 263 si
1440 224 1480 262 in
1505 223 1564 263 ius
1587 230 1677 275 1360

1400 303 1562 328 uenens.

295 367 364 402 Lv.
397 363 490 414 quin
513 368 669 412 egomet
689 360 760 398 tibi
782 373 845 398 me
865 358 1020 397 addico.
1080 357 1176 407 quid
1196 363 1373 407 praetore
1389 356 1534 405 opust?

294 443 430 468 uerum
453 441 616 479 opsecro
638 435 675 465 te
696 433 738 464 ut
758 424 873 462 liceat
894 424 1080 474 simplum
1102 424 1263 469 soluere,

292 502 487 533 trecentos
510 492 712 541 Philippos
731 505 739 538 3
769 491 888 528 credo
910 488 1070 527 conradi
1091 495 1219 538 potest
1238 503 1245 525 :

291 574 374 598 cras
394 558 618 597 auctionem
641 556 791 594 faciam.
851 556 925 592 AG.
959 553 1146 603 tantisper
1166 544 1327 602 quidem

292 633 333 663 ut
355 625 405 663 sis
426 624 532 674 apud
554 635 616 660 me
638 621 765 671 lignea
786 620 825 657 in
847 619 1036 658 custodia.
1591 613 1675 657 1365

297 692 364 728 LY.
399 690 474 727 fiat.
537 690 610 725 AG.
644 698 807 736 sequere
828 684 941 732 intro,
961 691 1096 734 patrue
1117 682 1180 729 mi,
1200 690 1242 719 ut
1264 679 1403 734 [hunc]
1425 682 1567 719 festum

1462 745 1567 784 diem

293 820 510 858 habeamus
532 816 665 863 hilare,
688 814 818 853 huiius
840 816 944 853 malo
966 821 1003 852 et
1024 820 1158 851 nostro
1179 812 1297 850 bono.

292 951 460 988 multum
481 950 620 986 ualete.
681 947 805 984 multa
825 945 946 983 uerba
965 943 1130 983 fecimus
1147 958 1157 991 ;

293 1017 440 1053 malum
461 1021 662 1064 postremo
684 1025 802 1050 omne
823 1012 873 1049 ad
895 1012 1079 1048 lenonem
1096 1008 1267 1047 reccidit.

292 1094 409 1126 nunc,
433 1080 541 1129 quod
562 1086 806 1128 postremum
828 1084 886 1115 est
907 1075 1206 1114 condimentum
1228 1075 1392 1120 fabulae,
1591 1083 1680 1119 1370

292 1146 323 1184 si
344 1144 500 1196 placuit,
524 1145 706 1194 plausum
727 1143 900 1193 postulat
922 1140 1198 1179 comoedia.—

635 1231 799 1282 (ALTER
831 1231 988 1268 ExlTvs
1019 1229 1229 1279 FABVLAE)

272 1385 718 1421 AGORASTOCLES
811 1378 990 1414 Lycvs
1083 1378 1543 1413 ANTAMOENIDES

313 1449 517 1485 HANNo
591 1447 1007 1482 ADELPHASIVM
1083 1443 1508 1479 ANTERASTILIS

294 1538 368 1573 AG.
402 1536 534 1583 Quam
555 1532 636 1570 rem
658 1531 753 1581 agis,
771 1530 912 1568 miles?
942 1529 1008 1579 qui
1029 1529 1137 1567 lubet
1159 1536 1297 1579 patruo
1319 1541 1408 1565 meo

294 1600 401 1651 loqui
422 1599 710 1638 inclementer?
739 1610 789 1634 ne
811 1595 949 1633 mirere
970 1594 1151 1632 mulieres

294 1667 402 1716 quod
423 1678 513 1704 eum
534 1669 750 1713 sequontur
769 1676 775 1699 :
806 1661 928 1699 modo
949 1658 1135 1709 cognouit
1155 1658 1252 1696 filias

294 1745 383 1769 suas
404 1730 488 1769 e'sse
509 1731 627 1767 hasce
647 1727 795 1765 ambas.
830 1728 899 1764 Lv.
919 1727 1025 1773 hem,
1040 1726 1147 1774 quod
1164 1724 1329 1762 uerbum
1346 1723 1448 1761 auris
1464 1735 1579 1760 meas.
1593 1734 1677 1772 1375

294 1795 450 1846 tetigit?
485 1807 590 1832 nunc
611 1792 708 1843 perii
727 1795 732 1830 !
791 1793 925 1829 ANTA.
957 1791 1063 1828 unde
1083 1791 1181 1827 haec
1201 1788 1398 1838 perierunt
1419 1788 1570 1826 domo?

293 1864 368 1900 AG.
401 1859 744 1910 Carthaginienses
765 1864 867 1895 sunt.
926 1857 996 1893 Lv.
1028 1863 1067 1893 at
1087 1867 1160 1904 ego
1181 1867 1266 1891 sum
1288 1853 1472 1903 perditus.

293 1926 383 1965 illuc
405 1939 477 1976 ego
498 1924 644 1963 metuei
665 1936 818 1973 semper
838 1935 888 1959 ne
909 1927 1164 1971 cognosceret

293 2005 358 2030 eas
378 1991 527 2041 aliquis,
545 1991 653 2040 quod
670 2002 775 2027 nunc
792 1989 985 2025 factumst.
1044 1987 1177 2023 ANTA.
1201 1997 1274 2022 uae
1291 1983 1432 2021 misero
1448 1982 1544 2021 mihi
1561 1985 1568 2020 1

295 2059 363 2094 Lv.
396 2055 557 2106 periere,
578 2054 728 2105 opinor,
752 2050 1026 2101 duodeuiginti
1047 2049 1187 2096 minae,
1592 2050 1680 2094 1380

285 2162 369 2200 1360
392 2161 425 2191 in
444 2160 512 2201 ius]
533 2160 623 2190 intus
642 2157 674 2187 Ρ
773 2158 852 2195 1361
880 2155 975 2197 quid]
997 2156 1086 2195 quod
1104 2155 1137 2185 Ρ
1235 2156 1318 2193 1366
1341 2154 1430 2184 hunc
1447 2163 1513 2183 om.
1532 2152 1565 2182 A

244 2207 322 2244 1367
349 2205 509 2235 habemus
537 2203 570 2233 Ρ
593 2207 684 2238 (corr.
718 2199 776 2237 3¹>
894 2200 1000 2230 hilare
1025 2200 1176 2239 Bentley:
1218 2199 1357 2228 hilarem
1385 2197 1447 2236 (il.)
1479 2195 1566 2227 codd.

241 2249 311 2285 (vix
325 2248 526 2278 Plautinum
540 2257 552 2282 ,·
575 2246 613 2287 cf
629 2244 808 2274 Abraham
825 2243 911 2274 stud.
933 2242 1045 2273 Plaut.
1069 2244 1148 2284 221)
1274 2243 1357 2281 1369
1381 2245 1512 2280 posttro
1533 2239 1566 2269 A

241 2292 395 2333 reccidit]
416 2291 505 2322 redit
522 2289 555 2319 P
684 2297 767 2326 1370
784 2286 862 2325 quid
877 2285 910 2315 Ρ
1043 2297 1124 2325 1372
1148 2286 1247 2325 agitis
1263 2284 1296 2315 P
1382 2284 1500 2315 melius
1517 2283 1568 2314 cui

240 2336 273 2366 A
295 2337 389 2376 (ἓρνο
413 2334 518 2373 meil.)
658 2341 739 2370 1373
763 2341 806 2360 ne
831 2329 971 2370 mirere]
998 2331 1182 2360 meminere
1206 2329 1240 2360 Ρ
1262 2330 1335 2368 (ne-
1360 2328 1392 2358 B
1413 2339 1452 2359 ex
1475 2327 1569 2363 corr.)

244 2380 326 2418 1376
349 2378 412 2409 AG.
440 2379 540 2408 domo
561 2376 595 2407 P
616 2379 653 2406 ut
672 2375 735 2406 vid.
874 2383 952 2413 1377
980 2374 1129 2413 repetitur
1145 2376 1220 2414 post
1244 2374 1323 2412 1381
1353 2372 1426 2402 (ubi
1443 2372 1475 2402 A
1500 2371 1569 2400 iam

241 2422 356 2463 deficit)
375 2421 409 2452 P
425 2423 537 2461 ‘atque
552 2419 660 2452 omitti
668 2420 847 2459 potuerunt
857 2427 906 2448 vv.
926 2418 1069 2462 1378-81
1083 2416 1090 2428 ’
1109 2416 1174 2447 Leo
1298 2418 1380 2455 1380
1405 2415 1454 2445 vel
1466 2415 1569 2455 opino

956 2508 984 2528 Ι,
