1731 2713
719 126 1038 164 I'SEVUOLVS
1476 128 1544 164 IV.
1565 128 1579 164 i.

275 238 422 278 ibidem
453 253 529 277 una
558 238 683 278 aderit
714 236 853 275 mulier
881 236 1012 286 lepida
1046 237 1115 275 tibi
1151 238 1256 276 sauia
1291 252 1406 289 super
1443 238 1550 277 sauia
1571 251 1610 282 50

1349 318 1447 352 quac
1469 305 1545 341 det.

327 373 464 411 Suum.
490 371 619 421 lepide
635 370 771 420 accipi'
789 384 864 410 me.
915 373 978 411 Ps.
1003 370 1126 411 immo
1148 370 1179 410 si
1201 371 1332 418 ecfici'‚
1353 379 1435 409 tum
1458 372 1545 408 faxo

1290 435 1402 485 magi*
1424 435 1542 474 dicas.

131 515 198 552 950
322 506 455 543 Smm.
489 504 563 542 nisi
584 505 774 551 ecfecero,
795 502 1056 541 cruciabiliter
1076 505 1259 541 carnufex
1280 518 1342 542 me
1363 505 1539 555 accipito.

214 571 283 608 sed
304 583 469 620 propera
491 569 544 607 mi
566 578 781 607 monstrare
802 568 870 607 ubi
891 568 939 606 sit
960 582 1003 606 os
1025 568 1178 606 lenonis
1198 568 1366 607 aedium.

214 636 276 672 Ps.
310 635 464 673 tertium
493 636 569 673 hoc
597 642 664 672 est.
725 636 859 672 Sum.
893 636 950 671 st!
986 641 1081 680 tace,
1105 635 1223 672 aedes
1251 633 1415 672 hiscunt.
1477 637 1539 673 Ps.

1098 699 1226 740 credo.
1250 698 1383 737 animo
1405 701 1542 738 malest

211 764 387 802 aedibus.
448 766 581 802 Smm.
614 764 710 814 quid
732 763 840 801 iam?
900 765 960 801 Ps.
994 763 1085 814 quia
1112 764 1253 813 edepol
1282 763 1409 814 ipsum
1438 766 1542 803 leno-
1563 779 1599 808 5?

1225 843 1315 867 nem
1338 838 1538 868 euomunt.

212 895 345 932 Smm.
378 894 589 932 illicincst?
640 896 701 931 Ps.
734 893 870 931 illic'st.
920 894 1053 932 Smin.
1087 895 1188 931 mala
1211 896 1379 943 mercist,
1403 896 1535 946 (Pseu-

1112 959 1230 1009 dole),
1254 957 1343 996 illuc
1365 958 1414 996 sis
1436 959 1538 1007 uide,

125 1033 190 1071 955
211 1030 254 1062 ut
273 1031 531 1071 transuorsus‚
555 1038 636 1063 non
657 1037 868 1075 prouorsus
891 1023 1007 1072 cedit,
1030 1023 1139 1074 quasi
1161 1037 1301 1062 cancer
1321 1025 1430 1062 solet.

408 1136 620 1172 BALL10
731 1135 1059 1172 PSEVDOLvs
1170 1135 1338 1171 SIMIA
1561 1133 1591 1171 ii

212 1217 284 1255 BA.
314 1216 442 1256 Minu'
470 1218 617 1254 malum
647 1217 754 1255 hunc
784 1215 987 1255 hominem
1018 1229 1102 1254 esse
1133 1215 1273 1265 opinor
1302 1229 1420 1265 quarn
1455 1229 1539 1255 esse

1120 1281 1331 1319 censebam
1353 1295 1536 1331 coquom,

209 1360 300 1385 nam
331 1346 428 1385 nihil
457 1346 575 1385 etiam
605 1347 701 1385 dum
731 1346 959 1397 harpagauit
991 1354 1143 1396 praeter
1172 1347 1356 1396 cyathum
1386 1355 1424 1385 et
1451 1361 1538 1385 can-

555 1417 559 1421 ·
1369 1413 1534 1450 tharum.

209 1477 273 1514 ΡΞ.
305 1477 402 1515 heus
434 1484 487 1523 tu,
520 1490 626 1514 nunc
657 1471 813 1514 occasio
844 1484 901 1514 est
931 1483 969 1515 et
999 1483 1165 1526 tempus.
1239 1477 1372 1515 Snan.
1405 1484 1536 1515 tecum

1395 1550 1532 1581 sentlo.

209 1608 272 1645 Ps.
305 1606 507 1657 ingredere
529 1606 568 1644 in
590 1606 695 1645 uiam
717 1608 878 1645 dolose:
910 1620 983 1656 ego
1004 1605 1067 1644 hic
1089 1605 1128 1644 in
1149 1606 1300 1644 insidiis
1321 1620 1397 1645 ero.

1242 1745 1251 1750 ’
1300 1750 1535 1786 proxumum

204 1801 462 1852 angiportum,
486 1802 527 1840 in
547 1802 586 1841 id
607 1802 854 1853 angiportum
876 1816 939 1841 me
960 1801 1113 1841 deuorti
1135 1801 1295 1840 iusserat
1311 1816 1322 1849 ;

205 1876 415 1918 quotumas
435 1867 543 1906 aedis
563 1867 713 1914 dixerit,
735 1868 775 1906 id
797 1881 869 1917 ego
889 1868 1107 1906 admodum
1129 1866 1278 1905 incerto
1299 1866 1391 1905 scio.

247 1972 311 2010 948
334 1971 442 2011 aperit
459 1971 492 2001 Ρ
508 1971 549 2009 (P
561 1975 624 2011 pro
642 1971 688 2005 D)
787 1981 891 2010 super
907 1970 1002 2001 senia
1019 1974 1058 2000 ut
1072 1969 1134 2002 vt'd.
1155 1970 1195 2008 P,
1215 1969 1248 2000 A
1267 1980 1297 2001 n.
1317 1970 1336 2001 l.
1469 1980 1534 2009 949

204 2015 290 2045 effici
306 2015 339 2045 P
354 2018 391 2044 ut
404 2015 466 2046 vid.
489 2015 552 2054 (tle
577 2015 658 2045 -cies
671 2014 697 2055 2)
719 2014 818 2055 (effici
835 2015 876 2053 Β,
898 2014 1001 2045 efficis
1018 2014 1118 2051 PCD).
1139 2013 1173 2044 A
1192 2024 1223 2044 n.
1243 2014 1262 2044 l.
1285 2014 1335 2053 (cf.
1361 2013 1408 2044 ad
1436 2015 1531 2054 1061)

203 2061 238 2088 tu
256 2058 435 2089 addzdi<A
452 2069 481 2089 n.
503 2058 543 2098 l.)
571 2059 642 2098 (vii.
662 2063 696 2097 4³
787 2057 836 2088 vel
861 2068 957 2097 mage
1078 2055 1157 2100 (id)
1182 2057 1273 2087 dicas
1301 2057 1430 2087 Ii’itsclzl
1445 2057 1478 2095 (i.
1498 2058 1531 2096 45

202 2111 265 2140 954
291 2101 404 2132 illic’st
432 2101 513 2138 gillic
542 2108 593 2133 est
619 2101 726 2137 codd.)
745 2106 931 2142 suspectum
1045 2101 1132 2131 mala
1150 2101 1284 2131 mercist
1302 2100 1357 2131 P:
1382 2101 1530 2140 (malast)

203 2145 326 2186 mem-s)
343 2144 376 2174 A
488 2145 654 2176 Pseudole
671 2145 774 2175 Boflze
788 2156 795 2176 ε
815 2149 892 2175 nota
905 2149 1062 2183 personae
1077 2144 1234 2175 Pseudolz'
1245 2143 1334 2175 codd.
1468 2154 1532 2183 955

203 2188 246 2217 ita
263 2193 316 2228 ap.
339 2188 427 2219 Varr.
448 2188 485 2218 de
502 2188 539 2219 L.
559 2188 599 2219 L.
621 2199 650 2228 7,
668 2189 706 2219 81
726 2200 732 2219 :
756 2198 823 2218 non
842 2198 979 2227 prorsus
997 2198 1112 2218 uerum
1131 2199 1174 2218 ex
1188 2193 1383 2218 transuerso
1397 2187 1485 2218 cedit
1502 2188 1536 2218 P

201 2232 301 2262 etiam
316 2235 353 2261 ut
360 2231 423 2262 vicl.
440 2234 523 2271 (non
535 2230 797 2271 prosusue—)A
810 2232 862 2271 (cf
873 2236 1091 2262 extrauersus
1098 2231 1304 2271 glossan'um
1315 2231 1529 2268 Plautinum)

201 2276 267 2313 956
289 2275 339 2305 vcl
351 2276 455 2314 opino
587 2285 649 2314 957
675 2275 750 2304 durn
766 2275 867 2305 etiam
884 2274 917 2304 A
1049 2285 1114 2314 959
1138 2275 1234 2305 dolos
1256 2285 1318 2313 ego
1335 2285 1353 2304 e
1373 2276 1423 2314 (et
1439 2274 1528 2311 PBC)

201 2328 278 2348 cum
289 2320 373 2358 sign.
395 2319 578 2361 transposit.
596 2322 633 2348 ut
648 2318 708 2348 vid.
727 2318 760 2348 P
905 2320 970 2357 960
992 2318 1034 2348 ad
1057 2328 1258 2357 proxumum
1280 2318 1312 2347 A
1465 2319 1526 2357 961

199 2361 347 2395 iusseras
363 2362 397 2395 P
525 2363 588 2402 962
613 2363 742 2391 incerte
758 2359 791 2390 A
