1783 2707
133 129 187 167 ΙΙ.

154 902 194 933 30

160 1809 203 1841 40

208 128 252 165 iii
623 128 668 164 T.
703 127 882 166 MACCI
914 125 1118 163 PLAVTI

209 249 345 275 uerum
380 235 484 275 enim
521 243 560 274 tu
595 235 720 283 istam,
753 234 781 272 si
818 242 856 272 te
886 235 926 272 di
960 240 1103 278 ament,
1134 240 1281 270 temere
1315 233 1392 270 hau
1422 232 1534 270 tollas

1337 297 1508 335 fabulam
1526 311 1533 334 ·.

210 366 286 405 tuis
306 379 412 405 nunc
433 365 608 404 cruribus
630 363 827 415 capitique
848 364 1025 401 fraudem
1048 361 1254 411 capitalem
1275 360 1368 399 hinc
1389 374 1505 399 creas.

212 444 303 470 narn
325 430 395 469 tibi
416 430 492 468 iam
510 437 552 468 ut
572 442 707 480 pereas
728 435 906 479 paratum
928 435 986 466 est
1006 426 1214 477 dupliciter
1234 426 1307 463 nisi
1328 424 1536 475 supprimis
1555 435 1620 471 295

178 509 190 516 ·
214 504 323 535 tuom
339 494 635 544 stultiloquium.
674 496 735 532 Sc.
756 493 822 543 qui
840 506 933 531 uero
948 491 1184 542 dupliciter?
1221 493 1288 529 ΡΑ.
1309 491 1437 529 dicam
1453 490 1534 528 tibi.

213 561 492 612 primumdum,
511 558 542 597 si
563 560 660 597 salso
677 558 879 596 insimulas
902 556 1248 604 Philocomasium,
1267 557 1343 595 hoc
1362 555 1538 607 perieris3

211 626 363 671 iterum,
386 624 416 663 si
438 624 477 662 id
500 631 684 670 uerumst‚
708 631 750 661 tu
767 622 801 661 ei
823 629 956 660 custos
976 621 1135 660 additus
1156 620 1352 670 periueris.

212 693 274 729 Sc.
307 689 402 740 quid
424 690 504 726 fuat
526 702 588 727 me
609 687 743 727 nescio
761 702 767 725 :
798 689 896 726 haec
918 700 981 725 me
1002 685 1148 725 uidisse
1169 699 1242 735 ego
1263 694 1369 724 certo
1389 684 1481 722 scio.

214 757 282 793 ΡΑ.
316 753 460 804 pergin,
494 752 659 790 infelix?
727 753 788 790 Sc.
828 751 922 801 quid
959 750 1027 789 tibi
1064 751 1122 789 uis
1158 751 1287 789 dicam
1327 751 1400 789 nisi
1430 750 1537 799 quod
1560 755 1627 789 300

1344 814 1509 852 uiderim
1524 815 1541 852 ?

214 885 309 935 quin
332 884 448 923 etiam
472 896 575 921 nunc
597 882 701 920 intus
722 881 786 919 hic
807 880 846 919 in
874 888 1113 931 proxumost.
1176 882 1243 918 ΡΛ.
1276 881 1352 918 eho
1381 893 1429 917 an
1460 892 1539 916 non

1367 943 1542 982 domist?

214 1017 276 1054 SC=
306 1015 419 1061 uisse,
436 1013 499 1052 abi
522 1013 623 1051 intro
644 1020 737 1058 tute,
754 1025 845 1050 nam
868 1024 940 1061 ego
958 1010 1011 1049 mi
1032 1011 1108 1048 iam
1127 1010 1179 1048 nil
1202 1009 1305 1048 credi
1327 1009 1493 1060 postulo.

214 1083 283 1120 ΡΑ.
317 1087 465 1119 certum
497 1086 554 1117 est
584 1079 842 1116 facere—SC.
876 1077 939 1114 hic
974 1084 1011 1114 te
1046 1075 1272 1125 opperiam3
1311 1075 1449 1112 eadem
1488 1073 1541 1111 illi

1243 1138 1403 1177 insidias
1424 1138 1540 1183 dabo,

215 1224 333 1262 quam
370 1223 460 1248 mox
498 1210 659 1247 horsum
693 1208 744 1247 ad
783 1207 981 1246 stabulum
1020 1204 1180 1244 iuuenix
1217 1203 1376 1254 recipiat
1415 1216 1455 1241 se
1487 1201 1544 1254 (e)

1383 1268 1539 1319 pabulo.

217 1403 312 1455 quid
334 1416 407 1454 ego
428 1415 534 1440 nunc
556 1400 726 1440 faciam?
756 1400 962 1439 custodem
985 1411 1048 1437 me
1069 1397 1123 1436 illi
1144 1397 1256 1436 miles
1276 1396 1427 1435 addidit
1446 1411 1452 1434 :
1565 1405 1628 1442 305

184 1489 194 1498 -
217 1482 324 1507 nunc
346 1467 377 1506 si
398 1466 588 1506 indicium
610 1465 722 1513 facio,
746 1463 899 1511 interii3
929 1461 1094 1517 (interii)
1117 1462 1147 1500 si
1168 1470 1281 1500 taceo
1301 1469 1445 1505 tamen,

218 1534 249 1572 si
270 1535 346 1572 hoc
368 1534 496 1583 palam
518 1530 642 1570 fuerit.
702 1530 798 1581 quid
819 1529 929 1580 peius
951 1528 1113 1567 muliere
1133 1534 1199 1566 aut
1220 1525 1439 1565 audacius?

219 1600 315 1638 dum
338 1611 411 1648 ego
431 1597 471 1635 in
492 1596 631 1647 tegulis
654 1609 752 1642 sum,
776 1595 888 1634 illaec
912 1598 1058 1635 †sum†
1082 1592 1255 1643 hospitio
1276 1591 1356 1630 edit
1378 1593 1478 1630 foras
1501 1606 1507 1633 ;

219 1664 361 1714 edepol
382 1661 533 1700 facinus
553 1660 644 1699 fecit
664 1661 802 1699 audax.
862 1659 1029 1698 hoccine
1049 1658 1080 1697 si
1102 1657 1212 1696 miles
1233 1656 1340 1703 sciat,

220 1730 340 1768 credo
360 1728 490 1767 hercle
512 1728 581 1765 has
603 1727 780 1765 sustollat
801 1725 909 1764 aedis
930 1732 1031 1763 totas
1052 1731 1170 1773 atque
1189 1724 1296 1761 hunc
1317 1724 1356 1760 in
1377 1734 1544 1760 crucem.
1568 1731 1636 1767 310

222 1795 353 1833 hercle
374 1791 569 1844 quidquid
591 1798 660 1839 est,
684 1789 901 1829 mussitabo
922 1789 1053 1841 potius
1074 1802 1192 1839 quam
1214 1787 1401 1826 inteream
1425 1788 1549 1829 male:

266 1907 330 1937 295
352 1906 426 1927 nam
440 1896 654 1927 Camerarius
668 1907 673 1926 :
694 1896 759 1927 iam
773 1896 838 1927 cod.
930 1905 994 1935 295
1010 1899 1039 1925 ct
1054 1904 1118 1934 300
1132 1893 1203 1924 nesi
1218 1891 1260 1923 Β1
1360 1891 1425 1930 296
1442 1890 1548 1921 dicam

225 1939 378 1971 an'etus:
405 1939 493 1982 [hiel
512 1940 635 1971 dictam
654 1940 720 1971 cod.
740 1940 799 1979 (iv.
819 1941 855 1978 37
980 1949 1042 1978 297
1069 1938 1186 1968 salsom
1204 1936 1268 1967 cod.
1292 1934 1342 1975 (cs.
1362 1934 1409 1965 ad
1422 1944 1449 1966 v.
1469 1935 1534 1972 238

224 1984 287 2024 298
311 1982 395 2027 (eo)
411 1983 552 2023 perieris
572 1984 630 2025 (ita
650 1984 730 2016 codd
753 1983 927 2014 Acidalius
1026 1983 1060 2013 it.
1078 1981 1219 2022 perieris
1243 1980 1271 2010 si
1295 1979 1327 2009 id
1345 1989 1391 2015 u.;
1418 1982 1452 2008 tu
1470 1978 1500 2008 ei
1519 1988 1545 2009 c.

223 2028 369 2058 additu‘s
389 2027 558 2068 [viemeyer
660 2037 724 2067 299
747 2027 824 2067 quia
841 2026 906 2058 cod.
927 2027 1021 2065 (corr.
1036 2025 1098 2066 B2)
1204 2034 1267 2064 303
1292 2023 1403 2054 facere
1421 2025 1548 2053 certum

223 2076 274 2102 est
305 2070 447 2111 Soffert,
484 2070 665 2102 secundum
700 2081 825 2102 morem
858 2070 1058 2101 Plantimnn
1158 2068 1287 2108 operiat
1319 2066 1366 2096 Β1
1383 2077 1390 2097 :
1426 2075 1478 2096 -ar
1501 2064 1549 2095 Β2

223 2125 285 2154 304
310 2124 389 2145 mox
406 2114 542 2145 horsum
565 2114 794 2146 Camerarius:
821 2124 907 2145 uxor
924 2113 987 2144 cod.
1052 2112 1102 2144 vel
1116 2113 1231 2143 iunix:
1257 2110 1390 2141 iuuenis
1411 2108 1475 2140 cod.
1501 2110 1545 2147 (v.

222 2169 256 2198 9,
275 2168 306 2198 p.
320 2168 374 2197 71;
400 2158 463 2196 i.8)
548 2168 567 2189 e
583 2157 660 2189 add.
677 2158 890 2189 Camerarius
1021 2166 1084 2196 305
1110 2155 1237 2187 addidit
1254 2154 1370 2185 Donsa
1385 2165 1390 2183 :
1416 2152 1548 2183 tradidit

225 2201 289 2233 cod.
420 2202 484 2240 306
508 2201 620 2233 interii
647 2201 721 2233 add.
751 2203 841 2242 (post
860 2201 970 2240 taceo)
994 2200 1206 2231 Camerarius
1320 2207 1382 2236 307
1406 2196 1496 2236 quod
1518 2195 1551 2225 Β

225 2246 290 2285 308
315 2244 410 2276 illaec
428 2244 523 2276 Ima:
550 2244 624 2275 illac
647 2245 710 2276 hec
728 2245 792 2276 cod.
880 2247 895 2274 ἒ
916 2245 950 2285 (i.
965 2255 988 2276 e.
1011 2244 1099 2282 sum)
1121 2247 1157 2274 vt
1171 2241 1233 2273 vid.
1257 2241 1323 2272 cod.
1342 2245 1392 2273 (se
1414 2238 1489 2278 3²3:
1513 2249 1549 2269 se

228 2289 347 2329 (inimo
368 2289 461 2328 sese)
485 2299 527 2318 ex
548 2287 739 2319 Lambinus
836 2288 891 2319 illa
916 2299 958 2318 ex
979 2298 1039 2318 suo
1056 2297 1132 2318 sese
1150 2285 1297 2317 Lorenz:
1323 2285 1416 2314 illaec
1433 2293 1471 2314 ec
1488 2293 1549 2313 suo

226 2343 263 2364 se
275 2331 402 2364 Schoell
497 2341 562 2371 309
585 2331 612 2362 si
630 2332 725 2363 miles
742 2331 844 2364 Pius:
872 2331 981 2362 simile
997 2330 1061 2362 cod.
1162 2340 1227 2369 310
1250 2333 1337 2360 totas
1352 2327 1435 2358 Pius
1451 2339 1457 2357 :
1482 2330 1550 2356 tota

226 2378 254 2407 si
281 2378 381 2417 (totas
398 2375 460 2410 ΒΖ)
481 2375 602 2416 [tollat]
627 2375 692 2407 cod.
713 2375 767 2414 (iv.
787 2376 823 2414 33
929 2379 1062 2415 atquem
1083 2372 1147 2405 cod.
1249 2373 1338 2402 hunc
1358 2369 1525 2401 Hei-aldus
1542 2380 1548 2399 z

226 2419 280 2451 hic
297 2418 362 2449 cod.
384 2419 474 2459 (hinc
491 2418 547 2458 B2)
683 2428 741 2457 311
769 2429 823 2458 qu.
845 2418 990 2450 herclest
1012 2417 1114 2448 Bothe
1130 2419 1230 2447 metro
1247 2414 1417 2446 cousulens

1003 2525 1025 2535 l
