1731 2713
681 119 1002 158 PSEVDOLVS
1448 120 1499 157 II.
1522 120 1535 156 i

178 260 180 262 >
234 243 339 269 nunc
370 229 572 268 inimicum
604 243 676 279 ego
707 231 811 268 hunc
841 242 1095 268 communem
1125 243 1255 268 meum
1291 238 1410 281 atque
1441 244 1507 269 uo-

1141 302 1307 333 strorum
1329 294 1506 334 oninium

97 365 158 410 585
236 359 455 398 Ballionem
476 359 733 398 exballistabo
754 359 907 409 lepide:
938 360 1029 398 date
1050 373 1208 410 operam
1232 361 1377 404 modo;
1532 378 1568 400 10

77 430 162 475 585a
236 427 311 464 hoc
333 438 405 474 ego
426 425 617 476 oppidum
639 424 868 464 admoenire
890 433 931 464 ut
953 425 1072 464 hodie
1093 425 1269 476 capiatur
1290 427 1392 464 uolo.

287 499 406 541 atque
440 491 517 529 hoc
549 503 654 529 meas
689 489 862 540 legiones
896 491 1119 537 adducanr:
1162 490 1193 528 si
1222 491 1298 528 hoc
1328 504 1509 541 expugno

670 555 825 594 facilem
847 557 948 594 hanc
970 569 1050 594 rem
1074 555 1170 594 meis
1191 555 1335 594 ciuibu’
1356 556 1508 603 faciam,

180 629 267 673 post
287 623 337 660 ad
359 621 551 672 oppidum
579 622 655 660 hoc
683 628 796 660 uetus
817 621 1008 660 continuo
1033 635 1165 660 meum
1188 621 1399 660 exercitum
1427 635 1511 672 pro-

1161 686 1266 725 tinus
1287 687 1484 725 obducam
1504 703 1509 726 :

181 753 258 792 ind'
291 751 353 790 me'
388 760 425 790 et
460 751 575 791 simul
610 751 818 804 participes
852 751 982 790 omnis
1018 765 1127 790 meos
1162 753 1307 802 praeda
1337 752 1511 790 onerabo

1185 824 1303 867 atque
1324 818 1508 868 opplebO,

288 889 436 921 metum
459 890 497 921 et
518 883 649 933 fugam
670 882 938 933 perduellibus
960 882 1057 921 meis
1075 895 1137 920 me
1152 890 1193 920 ut
1214 882 1338 921 sciant
1359 889 1506 921 natum.
1533 899 1569 930 15

98 957 163 993 590
236 961 284 987 eo
305 961 390 986 sum
412 960 553 997 genere
573 955 714 997 gnatus
732 963 738 985 ;
770 961 911 998 inagna
933 961 996 986 me
1017 947 1189 986 facinora
1210 948 1325 987 decet
1346 949 1510 987 ecficere

341 1025 442 1062 quae
463 1019 551 1063 post
573 1012 668 1050 mihi
689 1014 791 1050 clara
811 1020 849 1051 et
869 1012 938 1051 diu
960 1014 1126 1051 clueant.

180 1079 250 1117 sed
270 1078 377 1116 hunc
397 1090 516 1128 quen]
543 1077 662 1116 uideo
683 1076 769 1127 quis
799 1076 864 1116 hic
891 1085 948 1116 est
975 1077 1043 1127 qui
1070 1077 1194 1116 oculis
1226 1077 1322 1116 meis
1349 1077 1508 1117 obuiam

1107 1141 1289 1192 ignobilis
1311 1142 1508 1182 obicitur?

179 1208 287 1247 lubet
308 1207 405 1247 scire
426 1207 521 1258 quid
543 1207 606 1246 hic
627 1207 735 1246 uenit
756 1221 846 1246 curn
870 1208 1100 1247 macehaera
1120 1215 1158 1246 et
1179 1207 1270 1246 huic
1286 1221 1405 1258 quam
1426 1222 1508 1247 reni

985 1280 1073 1324 agat
1093 1274 1185 1312 hinc
1207 1274 1312 1313 dabo
1334 1273 1504 1314 insidias.

503 1386 740 1422 HARPAX
852 1385 1180 1423 PsEVDOLvs
1526 1387 1557 1426 ii

47 1476 156 1514 594-5
181 1470 260 1506 ΗΑ.
295 1467 351 1506 Hi
372 1467 448 1506 loci
475 1474 566 1505 sunt
595 1474 713 1517 atque
741 1467 815 1505 hae
841 1466 1019 1517 regiones
1040 1479 1141 1517 quae
1168 1466 1222 1505 mi
1248 1467 1299 1505 ab
1325 1480 1391 1506 ero
1418 1474 1508 1506 sunt

1204 1533 1506 1580 demonstratae,

179 1606 220 1637 ut
250 1611 323 1648 ego
353 1597 476 1637 oeulis
506 1596 697 1636 rationem
728 1596 842 1647 capio
867 1610 986 1647 quarn
1017 1597 1069 1635 mi
1099 1597 1152 1636 ita
1181 1597 1278 1637 dixit
1307 1599 1386 1637 eru'
1407 1600 1508 1637 meu'

1383 1662 1506 1710 miles,

179 1735 378 1779 septumas
399 1741 484 1767 esse
504 1727 613 1767 aedis
634 1741 656 1766 a
676 1727 790 1778 porta
809 1726 877 1765 ubi
899 1726 963 1766 ille
983 1726 1133 1767 habitet
1154 1728 1255 1767 leno>
1266 1727 1360 1778 quoi
1380 1727 1492 1767 iussit

287 1793 510 1844 symbolum
533 1806 596 1832 me
618 1794 715 1831 ferre
736 1799 775 1831 et
797 1793 872 1831 hoc
894 1800 1110 1843 argentum.
1170 1792 1287 1831 nimis
1309 1793 1428 1831 uelim

286 1866 435 1898 certum
457 1858 524 1909 qui
545 1858 585 1898 id
606 1858 702 1897 mihi
723 1857 837 1897 faciat
860 1858 986 1897 Ballio
1007 1859 1097 1897 leno
1117 1857 1185 1897 ubi
1206 1858 1270 1897 hic
1290 1858 1450 1897 habitat.
1529 1871 1546 1902 5

93 1928 163 1963 600
182 1926 245 1963 ΡΞ.
277 1927 335 1963 st!

73 1991 160 2026 600ἶὶῑ
287 1997 383 2036 tace,
418 1997 516 2036 tace,
549 2002 659 2028 meus
698 1988 762 2027 hic
801 1996 859 2027 est
894 1990 1029 2038 horno,
1062 1988 1101 2027 ni
1136 2002 1275 2028 omnes
1314 1989 1354 2028 di
1387 1996 1507 2040 atque

1105 2053 1286 2093 homines
1308 2055 1505 2094 deserunt.

224 2160 287 2198 584
305 2164 455 2190 nostrum
470 2157 559 2190 codd.
650 2159 728 2197 585’ι
747 2160 798 2205 (cf.
810 2159 888 2199 384)
907 2158 975 2191 secl.
993 2159 1121 2191 Ritsclzl
1188 2159 1250 2191 hoc
1264 2160 1317 2191 die
1330 2159 1365 2190 P
1443 2163 1508 2200 586

181 2203 348 2243 veladque
409 2214 437 2233 a.
453 2207 489 2233 ut
506 2202 568 2233 hoc
587 2202 620 2232 P
675 2203 704 2233 si
719 2213 746 2233 e.
769 2202 849 2244 (om.
867 2203 993 2242 hoc)A
1064 2204 1084 2235 s.
1103 2203 1199 2246 [ego]
1221 2204 1307 2235 hanc
1324 2203 1357 2234 P
1442 2207 1505 2244 587

172 2248 254 2286 sort.
267 2246 380 2286 postid
398 2247 440 2277 ad
459 2247 573 2286 (antip.
592 2245 749 2285 octonem)
817 2257 948 2277 mecum
966 2246 1016 2277 P:
1043 2248 1130 2287 proti
1145 2248 1226 2286 (om.
1244 2258 1307 2278 nus
1326 2248 1504 2290 obducam)

180 2290 214 2320 A
279 2291 344 2330 589
367 2300 420 2321 me
433 2289 541 2331 [esse]
557 2294 593 2320 ut
611 2289 645 2319 P
729 2299 791 2330 592
816 2291 866 2321 vel
877 2291 923 2321 sic
937 2289 1103 2331 distingue
1118 2291 1239 2322 uideo?
1307 2291 1507 2331 ignorabilis

180 2333 214 2363 P
238 2334 284 2374 (v.
313 2343 338 2369 1,
365 2344 397 2374 p.
426 2334 479 2373 78)
614 2342 677 2373 593
702 2334 797 2364 uenit
826 2334 960 2374 scripsi:
1000 2335 1116 2365 ueniat
1144 2335 1176 2364 A
1212 2335 1245 2374 (i.
1271 2335 1306 2374 9)
1325 2346 1332 2366 ε
1367 2335 1450 2366 uelit
1476 2335 1511 2366 P

180 2376 220 2407 de
230 2377 427 2408 macchaera
438 2378 475 2417 cf
488 2376 597 2407 Ηαιύ.
615 2376 712 2408 stud.
728 2388 760 2416 9,
775 2379 836 2408 126
916 2378 1071 2417 596-600
1082 2383 1191 2418 pauca
1201 2382 1329 2409 servata
1340 2379 1372 2409 A
1441 2381 1507 2419 596

181 2430 281 2460 quom
295 2420 392 2451 Goetz
479 2429 541 2459 597
560 2420 688 2451 habitat
699 2420 733 2450 P
799 2421 895 2459 cuins
908 2421 952 2452 sit
963 2421 997 2452 P
1081 2431 1146 2460 599
1162 2421 1380 2461 certumsort.
1391 2433 1458 2454 om.
1471 2424 1503 2454 A

181 2464 262 2503 quid
278 2474 322 2495 m.
339 2463 429 2495 codd.
451 2467 545 2505 (corr.
565 2463 602 2504 C)
699 2464 869 2495 600-600⁸
887 2464 940 2504 (cf.
958 2464 1035 2505 381)
1051 2465 1119 2496 scel.
1140 2464 1221 2496 Reis-
1308 2465 1355 2507 st]
1377 2466 1404 2496 si
1421 2466 1454 2497 P
