1731 2713
707 100 999 140 POENVLVS
1469 104 1516 142 V.
1542 103 1556 140 i

105 213 261 260 955sed
283 212 345 250 hic
367 213 461 251 mihi
482 215 648 252 antehac
670 214 812 264 hospes
834 213 1068 252 Antidamas
1089 213 1184 261 suit,·

191 291 281 316 eum
302 277 439 317 se‘eisse
459 278 568 316 aiunt
589 279 662 317 sibi
683 279 791 328 quod
813 278 1040 317 faciundum
1062 278 1142 317 fuit.

190 342 272 380 eius
294 343 415 380 filium
437 357 521 381 esse
543 343 605 381 hic
627 343 854 393 praedicant
875 344 1194 393 Agorastoclem:

189 410 239 446 ad
260 421 349 446 eum
372 407 606 457 hospitalem
628 409 730 446 hanc
752 415 935 446 tesseram
959 422 1114 446 mecum
1136 410 1242 456 fero;

190 472 219 510 is
241 472 278 510 in
302 472 408 510 hisce
429 472 604 511 habitare
626 481 880 511 monstratust
901 473 1135 523 regionibus.
1539 491 1578 521 30

103 542 171 586 960
190 538 260 575 hos
281 537 542 588 percontabor
562 538 628 588 qui
650 538 741 577 hinc
763 538 1013 589 egrediuntur
1032 539 1144 578 foras.

286 650 733 687 AGORASTOCLES
845 651 1102 688 MILPHIO
1215 651 1420 689 HANNO
1535 647 1564 684 ii

189 734 261 770 AG.
294 730 372 769 Ain
394 739 434 770 tu
456 731 526 770 tibi
548 732 636 770 dixe
658 734 945 782 Syncerastum,
971 732 1152 783 Milphio,

187 813 250 837 eas
272 798 356 838 e'sse
376 798 565 848 ingenuas
586 799 723 837 ambas
744 798 993 849 surrupticias

187 864 550 914 Carthaginiensis?
609 866 680 902 M1.
713 864 786 911 aio,
810 872 858 911 et,
882 864 913 903 si
934 864 1031 915 frugi
1053 878 1137 903 esse
1157 864 1227 912 uis,

187 943 252 968 eas
272 930 420 968 liberali
442 930 518 968 iam
541 931 698 968 adseres
720 943 856 968 caussa
877 943 1006 968 manu.

97 1002 163 1046 965
186 1009 277 1033 narn
299 1003 408 1033 tuom
430 994 657 1044 flagitiumst
678 1002 763 1033 tuas
785 1003 822 1033 te
842 994 1040 1045 popularis
1060 994 1140 1044 pati
1535 1011 1552 1043 5

184 1060 328 1099 seruire
348 1067 438 1098 ante
460 1061 608 1106 oculos,
631 1059 741 1098 domi
762 1073 862 1110 quae
883 1059 1025 1098 fuerint
1045 1059 1199 1098 liberae.

186 1118 265 1164 HA.
298 1138 369 1175 pro
390 1124 430 1163 di
452 1124 689 1171 inmortales,
715 1138 879 1175 opsecro
900 1132 1071 1163 nostram
1095 1125 1214 1163 fidem
1234 1127 1240 1162 !

185 1204 303 1241 quam
324 1190 542 1228 orationem
564 1191 666 1228 hanc
687 1203 798 1228 aures
818 1191 975 1229 dulcem
997 1190 1219 1228 deuorant?

185 1264 325 1295 cretast
347 1271 364 1291 *
387 1257 564 1306 profecto
585 1257 725 1294 horum
746 1255 952 1294 hominum
973 1255 1108 1294 oratio.

97 1336 167 1372 970
185 1329 226 1360 ut
248 1322 299 1359 mi
320 1329 585 1372 apsterserunt
606 1334 766 1359 omnem
788 1320 1072 1359 sorditudinem
1091 1323 1097 1358 !
1535 1335 1574 1357 10

185 1389 259 1425 AG.
292 1387 322 1426 si
342 1389 393 1426 ad
414 1401 500 1426 eam
523 1401 603 1425 rem
626 1386 733 1425 testis
755 1386 934 1432 habeam,
957 1384 1096 1423 faciam
1118 1385 1227 1434 quod
1248 1383 1370 1424 iubes.

186 1453 258 1490 M1.
291 1453 386 1503 quid
407 1461 448 1492 tu
470 1453 566 1491 mihi
588 1452 725 1491 testis?
756 1450 850 1501 quin
873 1457 913 1488 tu
934 1449 1079 1488 insistis
1100 1449 1276 1489 fortiter?

181 1517 312 1568 aliqua
334 1521 506 1558 Fortuna
527 1519 639 1558 fuerit
662 1516 829 1556 adiutrix
851 1515 931 1554 tibi.

183 1585 258 1621 AG.
290 1584 460 1635 incipere
482 1587 642 1623 multost
663 1597 781 1634 quam
806 1581 1012 1630 impetrare
1033 1579 1193 1618 facilius.

97 1658 162 1696 975
186 1649 258 1686 M1.
290 1651 359 1688 sed
380 1650 480 1699 quae'
500 1651 612 1689 illaec
632 1649 715 1687 auis
738 1656 795 1687 est
818 1660 919 1697 quae
940 1646 1017 1684 huc
1038 1658 1127 1683 curn
1152 1644 1294 1683 tunicis
1318 1645 1510 1685 aduenit?
1532 1661 1569 1694 15

182 1727 372 1753 numnam
393 1715 432 1753 in
453 1715 616 1754 balineis
640 1714 949 1753 circumductust
971 1710 1119 1761 pallio?

181 1780 255 1817 Ao.
288 1780 404 1818 facies
425 1780 585 1830 quidem
607 1781 749 1830 edepol
776 1778 971 1817 Punicast.
1031 1783 1193 1826 guggast
1213 1777 1345 1814 homo.

182 1845 255 1883 M1.
287 1858 420 1884 seruos
441 1845 601 1896 quidem
623 1846 765 1895 edepol
788 1851 939 1882 ueteres
961 1841 1225 1891 antiquosque
1246 1842 1365 1880 habet

181 1961 287 2026 &331⁷
296 1953 577 2036 <l330¹3s35d³⁰³m
689 1953 720 1983 P
800 1996 834 2027 P
859 1948 1514 2034 ⁹⁵⁸assi¹tf23¹e¹¹l4me⁰mgss²fflffj‘1132'

398 2013 401 2027 >
607 2007 620 2013 ·
670 2008 698 2028 is
712 2008 778 2028 om.

180 2038 214 2068 P
341 2041 405 2078 962
430 2040 503 2081 eas]
521 2051 558 2071 as
575 2007 645 2071 2³9
735 2042 799 2080 964
826 2040 890 2070 iam
909 2051 974 2071 om.
994 2038 1027 2070 Α
1121 2039 1240 2070 adsere
1257 2037 1290 2068 P
1375 2047 1508 2067 manum

180 2081 296 2111 Aper)
441 2086 504 2123 965
530 2085 700 2124 popularis
728 2090 761 2115 te
792 2084 826 2114 P
984 2085 1059 2122 968,
1085 2085 1152 2122 969
1182 2082 1309 2113 inverso
1342 2081 1453 2111 ordine
1479 2080 1513 2110 P

180 2126 244 2164 969
268 2127 323 2156 vix
339 2132 463 2158 cretast
479 2127 648 2171 (cretast)
707 2126 833 2169 (haec)
850 2128 980 2157 horunc
996 2127 1131 2167 Geppert
1286 2137 1352 2165 970
1375 2125 1454 2156 mihi
1475 2124 1508 2154 hi

179 2168 245 2199 cod.
265 2173 327 2209 opt.
347 2170 452 2200 Nonii
470 2181 528 2211 173
548 2172 624 2211 (pro
641 2172 683 2201 mi
704 2172 712 2202 i
730 2176 921 2211 apstersere
938 2171 988 2201 vel
1003 2175 1096 2201 -runt
1108 2170 1133 2209 2)
1226 2181 1289 2210 971
1316 2170 1462 2200 habeant
1474 2169 1505 2198 A

179 2222 243 2251 972
267 2214 346 2249 Quid
364 2219 397 2244 tu
415 2214 488 2245 Ital.
509 2227 515 2246 :
539 2215 632 2254 quitu
651 2215 683 2244 A
703 2227 709 2246 ε
733 2219 837 2254 quntu
857 2214 950 2254 (pssc
965 2213 1074 2245 utvid.
1095 2225 1101 2244 ε
1125 2219 1250 2254 quantu
1269 2214 1313 2249 B)
1328 2215 1377 2244 vel
1389 2224 1454 2253 qua
1472 2216 1506 2242 tu

180 2255 244 2294 (Y)
264 2256 297 2286 P
403 2259 484 2297 quin
502 2259 553 2295 tul
588 2259 683 2298 quitu
701 2258 733 2288 A
749 2272 756 2290 z
797 2262 901 2297 quntu
947 2257 1025 2287 PBC
1043 2260 1079 2287 ut
1093 2257 1156 2289 vid.
1175 2269 1182 2288 ε
1207 2262 1333 2297 quantu
1350 2257 1399 2287 B:
1425 2256 1505 2296 quin

178 2303 212 2329 tu
229 2299 316 2331 pem
331 2301 381 2332 vel
394 2312 460 2341 quo
478 2306 513 2331 tu
536 2301 566 2332 T
626 2303 709 2342 sort.
727 2313 792 2342 quo
810 2307 844 2332 tu
864 2325 870 2332 .
892 2326 898 2332 .
916 2311 981 2340 qua
998 2305 1033 2331 tu
1132 2311 1195 2340 975
1221 2302 1279 2331 sed
1298 2310 1464 2340 quaenam
1477 2298 1511 2329 P

177 2353 278 2382 quom
297 2349 318 2374 t.
337 2345 369 2375 P
385 2346 676 2386 (antiquafomqm
781 2346 846 2384 976
871 2344 903 2374 in
920 2344 1074 2374 abaliniis
1092 2344 1213 2384 (meis)
1231 2344 1265 2375 P
1366 2345 1506 2374 circum-

177 2387 296 2418 ductus
314 2387 347 2418 P
475 2399 538 2429 977
566 2393 707 2429 guggast
725 2388 840 2429 homo]
859 2388 1037 2428 Milplu'om'
1051 2388 1109 2419 dat
1126 2387 1190 2419 Leo
