1783 2707
178 127 224 163 V.
247 126 277 162 ii
656 127 701 163 T.
737 127 917 165 MACCI
950 128 1152 165 PLAVTI

189 246 224 278 15
245 235 352 273 nimi'
372 236 648 286 pergraphicus
666 237 932 286 sycophanta,
959 235 990 274 is
1008 236 1112 275 mille
1128 250 1334 275 nummum
1352 251 1393 277 se
1408 251 1568 277 aureum

246 314 336 339 meo
356 302 450 339 datu
472 301 541 339 tibi
562 303 659 339 ferre
680 309 717 339 et
738 309 856 351 gnato
878 301 1103 340 Lesbonico
1123 302 1229 340 aibat
1249 316 1363 351 1116ος
1594 319 1683 353 1140

246 379 364 415 quem
399 379 471 415 ego
501 380 573 404 nec
604 366 670 416 qui
700 374 802 405 esset
833 380 969 404 noram
1000 380 1129 416 neque
1163 381 1253 405 eum
1283 375 1373 406 ante
1403 382 1569 418 usquam

1245 433 1431 483 conspexi
1452 433 1568 483 prius.

245 496 314 533 sed
335 495 431 545 quid
457 496 588 535 rides?
645 498 717 536 CA.
751 509 840 534 meo
861 497 1043 546 adlegatu
1064 496 1186 545 uenit,
1207 497 1318 547 quasi
1345 497 1412 547 qui
1432 511 1569 536 aurum

1475 563 1570 601 mihi

245 627 358 664 ferret
378 640 447 676 aps
469 634 505 664 te
526 628 635 676 quod
656 628 790 664 darem
812 634 901 664 tuae
922 627 1061 676 gnatae
1083 628 1229 674 dotem,
1252 635 1294 666 ut
1314 627 1415 665 filius

188 708 226 729 20
245 693 337 739 tuo⁷,
351 693 511 741 quando
533 692 586 729 illi
607 706 629 730 a
651 705 713 730 me
735 693 880 738 darem,
897 705 982 730 esse
1003 694 1164 730 allatum
1185 692 1226 730 id
1247 706 1316 742 aps
1336 700 1374 731 te
1395 694 1570 732 crederet

245 770 321 795 neu
343 756 409 807 qui
430 771 510 795 rem
533 757 656 807 ipsam
679 765 811 808 posset
833 757 1067 808 intellegere,
1094 756 1164 810 [et]
1187 759 1438 796 thensaurum
1460 766 1569 796 tuom
1595 770 1680 806 1145

246 835 308 860 me
328 835 412 860 esse
432 835 564 872 penes,
581 831 699 873 atque
720 837 810 861 eum
834 821 888 875 [a]
911 837 974 861 me
995 825 1078 874 lege
1094 823 1229 874 populi
1250 822 1418 873 patrium
1439 837 1572 874 posce-

1502 896 1568 927 ret.

245 954 321 992 CH.
354 953 449 992 scite
476 955 642 1004 edepol!
701 955 772 994 CA.
808 954 1086 1005 Megaronides
1107 954 1329 993 communis
1357 955 1432 993 hoc
1460 968 1571 993 meus

1425 1028 1462 1059 et
1483 1028 1571 1059 tuos

245 1083 487 1122 beneuolens
508 1092 783 1123 commentust.
846 1086 922 1125 CH.
957 1084 1052 1135 quin
1080 1087 1278 1124 conlaudo
1305 1085 1512 1124 consilium
1533 1093 1571 1125 et

1432 1152 1567 1202 probo.

184 1225 223 1256 25
245 1215 314 1252 LY.
348 1214 443 1264 quid
463 1229 536 1265 ego
557 1214 722 1266 ineptus,
743 1217 837 1254 dum
859 1229 1082 1254 sermonem
1102 1230 1239 1255 uereor
1259 1216 1550 1267 interrumpere,

243 1280 349 1316 solus
371 1287 430 1317 sto
452 1293 524 1318 1166
545 1282 654 1330 quod
675 1289 839 1319 conatus
865 1295 951 1320 sum
972 1295 1086 1331 agere
1105 1284 1209 1332 ago?
1238 1282 1420 1320 homines
1441 1284 1571 1321 conlo·
1594 1294 1683 1330 1150

1462 1361 1568 1397 quan

243 1410 320 1448 CH.
353 1409 439 1459 quis
460 1409 524 1448 hic
545 1418 603 1449 est
624 1410 690 1461 qui
712 1412 790 1449 huc
813 1412 864 1450 ad
885 1425 957 1450 nos
979 1411 1156 1450 incedit?
1213 1413 1282 1450 Lv.
1315 1411 1569 1451 Charmidem

1256 1490 1436 1516 socerum
1457 1491 1570 1516 suom

243 1539 431 1590 Lysiteles
453 1542 604 1579 salutat.
665 1542 742 1581 CH.
775 1542 815 1580 di
837 1543 933 1580 dent
954 1541 1039 1590 tibi,
1060 1542 1261 1592 Lysiteles,
1285 1556 1385 1593 quae
1406 1543 1513 1581 uelis.

243 1606 317 1645 CA.
338 1619 419 1645 non
435 1620 507 1656 ego
524 1620 609 1645 sum
627 1607 760 1646 salutis
777 1607 949 1658 dignus?
998 1610 1067 1646 Lv.
1091 1607 1214 1647 immo
1230 1609 1348 1655 salue,
1365 1608 1546 1648 Callicles
1562 1624 1571 1657 3

182 1685 223 1717 30
243 1672 348 1709 hunc
370 1671 536 1721 priorem
558 1681 765 1722 aequomst
785 1687 849 1712 me
869 1674 1014 1712 habere
1031 1689 1037 1711 :
1068 1673 1201 1712 tunica
1224 1673 1382 1725 propior
1402 1674 1568 1725 palliost.

243 1737 314 1775 CA.
347 1738 443 1775 deos
465 1739 557 1776 uolo
578 1739 741 1777 consilia
762 1746 894 1777 uostra
913 1737 1063 1790 (uobis)
1082 1746 1185 1777 recte
1207 1747 1369 1778 uortere.
1572 1766 1574 1769 .
1592 1752 1654 1789 115
1662 1752 1678 1789 5

243 1802 320 1841 CH.
352 1802 473 1840 filiam
495 1804 622 1841 meam
644 1803 715 1842 tibi
736 1803 1015 1854 desponsatam
1037 1817 1122 1842 esse
1142 1804 1274 1843 audio.
1332 1807 1402 1843 Lv.
1434 1805 1507 1844 nisi
1528 1813 1569 1844 tu

1444 1871 1567 1909 1161115.

243 1932 319 1971 CH.
352 1931 474 1971 immo
495 1934 572 1972 hau
595 1935 698 1973 nolo.
760 1935 829 1972 Lv.
858 1935 1038 1984 sponden
1060 1947 1151 1984 ergo
1172 1942 1279 1973 tuam
1299 1942 1457 1985 gnatam
1479 1949 1570 1974 uxo-

1340 2014 1421 2039 rem
1444 2000 1569 2039 mihi?

243 2064 322 2103 CH.
352 2064 532 2114 spondeo
553 2071 591 2102 et
612 2063 718 2103 mille
738 2064 821 2103 auri
843 2064 1070 2115 Philippum
1091 2064 1204 2103 dotis.
1257 2066 1326 2103 Lv.
1359 2067 1493 2105 dotem
1515 2066 1568 2104 nil

1427 2145 1566 2170 moror.

288 2234 369 2264 1139
392 2235 508 2255 aurum
525 2224 592 2257 cod.
611 2237 617 2256 :
641 2236 718 2257 corr.
741 2226 952 2257 Cameran‘us
1043 2235 1121 2264 1141
1150 2226 1250 2265 nequi
1269 2236 1314 2257 es.
1328 2225 1392 2257 cod.
1488 2235 1568 2265 1145

242 2269 316 2308 quis
333 2268 399 2299 cod.
451 2273 484 2300 et
501 2268 560 2300 del.
581 2268 684 2299 Botlze
768 2271 850 2308 1146
866 2280 885 2300 a
902 2268 960 2300 del.
979 2268 1117 2299 Mueller
1185 2279 1267 2308 1152
1294 2270 1438 2309 Lysteus
1455 2280 1479 2300 s.
1500 2269 1565 2300 cod.

241 2315 315 2352 (pro
333 2312 426 2351 —elis)
546 2322 628 2352 1153
653 2313 774 2352 dignus
797 2313 914 2344 salutis
945 2312 1076 2343 Nonius
1106 2323 1168 2352 497
1203 2314 1319 2353 (‘gen.
1355 2323 1416 2352 pro
1452 2313 1567 2353 ab1.’):

240 2355 349 2386 salute
362 2356 486 2395 dignus
503 2356 568 2387 cod.
667 2366 748 2396 1155
773 2357 869 2388 uobis
889 2356 965 2388 add.
985 2355 1161 2387 Hermann
1255 2358 1338 2395 1156
1363 2357 1565 2396 desponsam

239 2398 272 2428 B
294 2399 390 2439 (sort.
413 2404 507 2435 recte;
535 2400 571 2440 cf.
590 2399 638 2431 ad
649 2400 720 2432 Mil.
744 2401 842 2441 1007)
985 2404 1022 2430 tu
1039 2400 1135 2430 neuis
1151 2399 1283 2431 Nonius
1302 2410 1362 2439 144
1380 2412 1387 2430 :
1414 2411 1479 2431 om.
1501 2399 1564 2431 cod.

243 2444 326 2481 1158
349 2453 461 2474 morer
476 2443 509 2473 B

944 2522 966 2532 l
