1783 2707
172 468 214 498 60

170 793 210 834 65

171 1122 210 1156 70

175 1940 205 1977 ii

653 157 698 194 T.
734 155 913 195 MACCI
945 155 1149 193 PLAVTI

342 280 470 317 neque
491 266 531 305 id
552 267 658 305 unde
680 265 831 304 ecficiat
851 266 970 304 habet
988 280 994 303 z
1025 264 1093 304 ubi
1115 264 1154 303 in
1176 264 1234 303 ius
1256 263 1416 310 uenerit,

340 331 498 370 addicet
519 339 673 382 praetor
694 330 880 369 familiam
904 338 1026 368 totam
1050 329 1130 368 tibi.

341 395 393 434 ita
414 396 657 446 decipiemus
679 397 794 434 fouea
815 397 999 433 lenonem
1023 397 1184 444 Lycum.

341 464 414 499 AG.
440 463 567 512 placet
580 461 798 500 consilium.

850 462 922 498 M1.
948 460 1070 499 immo
1090 459 1220 507 etiam,
1240 460 1308 498 ubi
1325 459 1560 510 expoliuero,

341 526 462 576 magis
483 528 558 565 hoc
580 534 662 565 tum
684 528 846 565 demum
868 526 975 564 dices
996 540 1001 562 :
1033 539 1138 563 nunc
1160 526 1275 564 etiam
1298 526 1440 562 rudest.

339 594 412 630 AG.
446 605 518 642 ego
539 592 578 630 in
598 593 739 631 aedem
761 591 926 630 Veneris
948 604 1009 638 eo,
1030 591 1102 629 nisi
1121 590 1217 641 quid
1238 590 1307 637 uis,
1333 589 1513 639 Milphio.

339 656 577 707 Aphrodisia
602 657 720 696 hodie
741 665 841 695 sunt.
904 658 976 694 M1.
1005 655 1096 694 scio.
1157 658 1233 694 Ao.
1258 657 1395 694 oculos
1416 655 1508 692 uolo

339 735 448 761 meos
469 723 663 762 delectare
684 722 887 761 munditiis
912 721 1147 760 meretriciis.

340 789 412 826 Ml.
445 789 521 826 hoc
542 788 711 839 primum
732 801 894 838 agamus
916 790 1024 838 quod
1046 787 1254 827 consilium
1276 785 1462 837 cepimus.

337 854 526 892 abeamus
547 853 658 901 intro,
683 862 724 892 ut
746 853 1016 903 Collybiscum
1039 853 1199 891 uilicum

337 920 439 957 hanc
461 920 746 969 perdoceamus
768 926 809 957 ut
832 920 927 958 ferat
949 918 1153 957 fallaciam.

336 986 412 1022 AG.
444 997 685 1034 quamquam
704 983 863 1034 Cupido
884 984 923 1022 in
946 985 1065 1023 corde
1082 991 1269 1030 uorsatur‚
1293 990 1425 1021 tamen

338 1048 407 1087 tibi
428 1049 805 1088 auscultabo—Ml.
839 1048 980 1087 faciam
1002 1057 1043 1087 ut
1064 1050 1168 1087 facto
1188 1049 1370 1098 gaudeas.

339 1113 439 1152 inest
459 1113 602 1153 amoris
624 1115 778 1153 macula
799 1113 891 1151 huic
913 1113 1065 1152 homini
1087 1113 1125 1151 in
1146 1121 1316 1163 pectore,

337 1179 420 1217 sine
441 1181 589 1218 damno
610 1192 754 1229 magno
775 1192 876 1228 quae
897 1178 975 1217 elui
996 1192 1046 1217 ne
1066 1177 1243 1228 utiquam
1264 1185 1404 1227 potest,

336 1244 467 1294 itaque
488 1244 551 1282 hic
572 1245 759 1282 scelestus
781 1251 839 1282 est
861 1244 983 1281 homo
1004 1244 1094 1282 leno
1116 1244 1255 1292 Lycus,

335 1309 429 1359 quoi
450 1309 526 1347 iam
549 1308 736 1347 infortuni
758 1308 908 1347 intenta
930 1308 1119 1346 ballistast
1140 1308 1276 1358 probe,

337 1387 456 1424 quam
478 1387 550 1424 ego
571 1375 648 1412 hau
670 1375 795 1412 multo
817 1381 905 1423 post
929 1373 1080 1411 mittam
1103 1387 1123 1411 e
1144 1372 1369 1411 ballistario.

336 1439 406 1477 sed
427 1438 713 1489 Adelphasium
735 1452 870 1477 eccam
892 1440 969 1476 exit
989 1445 1107 1488 atque
1128 1437 1385 1476 Anterastilis.

336 1505 433 1542 haec
454 1511 512 1542 est
532 1503 636 1554 prior
657 1516 757 1553 quae
781 1516 913 1541 meum
936 1516 1045 1541 erum
1067 1503 1293 1541 dementem
1315 1502 1416 1540 facit.

335 1570 403 1607 sed
425 1569 613 1607 euocabo.
673 1570 782 1615 heus,
805 1568 816 1606 i
838 1570 953 1616 foras,
975 1570 1260 1619 Agorastocles,

334 1633 365 1672 si
387 1633 444 1672 uis
466 1634 599 1673 uidere
620 1635 735 1673 ludos
758 1633 1088 1672 iucundissumos.

335 1701 409 1736 AG.
434 1698 529 1749 quid
543 1698 643 1737 istuc
661 1698 866 1746 tumultist,
885 1698 1086 1749 Milphio?
1117 1700 1189 1736 M1.
1213 1712 1276 1737 em
1288 1711 1442 1737 amores
1458 1705 1557 1744 tum,

336 1764 366 1802 si
388 1763 446 1802 uis
467 1771 653 1814 spectare.
714 1766 789 1802 AG.
824 1777 847 1802 o
870 1765 993 1802 multa
1013 1763 1082 1802 tibi
1104 1763 1144 1802 di
1165 1765 1260 1802 dent
1281 1764 1397 1810 bona,

335 1842 456 1879 quom
478 1830 554 1867 hoc
576 1828 627 1867 mi
651 1828 827 1879 optulisti
849 1836 929 1866 tam
952 1828 1127 1878 lepidum
1149 1830 1417 1878 spectaculum
1435 1831 1441 1866 1

243 1944 665 1981 ADELPHAsrvm

473 2010 732 2046 MILPHIO

762 1945 1193 1980 ANTERASTILIS

1286 1941 1539 1976 ANCILLA

857 2009 1303 2045 AGORASTOCLES

439 2092 544 2130 ADE.
578 2091 721 2142 Negoti
744 2090 818 2129 sibi
839 2089 907 2140 qui
928 2090 1035 2128 uolet
1055 2088 1137 2126 uim
1158 2100 1304 2138 parare,

440 2169 584 2195 nauem
606 2164 643 2196 et
666 2156 881 2202 mulierem,
906 2156 1003 2193 haec
1025 2155 1105 2192 duo
1127 2159 1363 2202 comparato.

442 2235 533 2260 nam
556 2223 685 2260 nullae
708 2220 830 2271 magis
851 2233 911 2258 res
932 2220 1034 2258 duae
1055 2219 1142 2268 plus
1166 2216 1297 2267 negoti

443 2287 601 2333 habent,
624 2288 722 2325 forte
743 2286 774 2324 si
796 2284 995 2334 occeperis
1017 2296 1212 2329 exornare,

269 2401 331 2430 203
355 2392 424 2422 exit
450 2402 562 2422 eccam
589 2391 810 2423 Camerarius.
831 2391 887 2421 cm'
902 2392 973 2421 exit
996 2388 1137 2429 displice!

224 2434 374 2476 Pylades,
391 2435 533 2477 Spengel

949 2529 971 2539 l

1277 2397 1313 2417 21
1324 2397 1336 2417 1
1363 2384 1470 2429 (sibi)
1487 2386 1554 2418 duo

1585 269 1647 313 185

1585 602 1650 637 190

1582 927 1645 963 195

1577 1577 1642 1613 205

1574 2102 1643 2126 210
