1731 2713
602 147 771 184 MILES
802 146 1113 184 GLORIOSVS
1450 147 1516 182 IV.

134 290 138 294 ,
197 271 297 307 quae
319 265 355 295 te
375 264 480 294 amat
501 264 688 305 tuamque
710 254 918 304 expetessit
939 255 1140 303 pulchram
1164 253 1522 303 pulchritudinem3

110 326 179 369 960

73 647 179 692 964·5

117 1308 185 1344 970

197 322 279 360 cius
301 334 405 359 nunc
427 320 478 358 mi
500 322 661 358 anulum
682 321 733 357 ad
754 327 791 357 te
812 318 952 356 ancilla
973 332 1088 367 porro
1109 326 1149 355 ut
1171 319 1360 356 deferrem
1382 318 1502 356 dedit.

199 389 264 424 ΡΥ.
297 385 392 435 quid
414 387 488 423 ea?
517 385 714 434 ingenuan
735 397 784 421 an
807 385 954 421 festuca
976 384 1077 420 facta
1098 396 1118 420 e
1139 396 1251 420 serua
1271 383 1456 420 liberast?

199 454 265 488 ΡΛ.
299 452 373 488 uab
393 453 398 488 ἒ
425 463 549 499 egone
571 457 611 487 ut
632 451 682 487 ad
700 457 736 487 te
757 449 807 486 ab
824 447 1003 486 libertina
1020 462 1103 486 esse
1120 449 1305 486 auderem
1328 447 1525 486 internun-

1437 513 1522 560 tius,

201 580 268 630 qui
289 579 466 630 ingenuis
488 579 570 617 sati'
592 592 821 629 responsare
843 591 1015 628 nequeas
1036 591 1137 627 quae
1158 578 1322 627 cupiunt
1343 578 1428 616 tui?

206 647 270 683 ΡΥ.
303 653 489 695 nuptanst
509 659 559 683 an
581 644 729 683 uidua?
788 646 855 681 ΡΑ.
888 650 926 681 et
950 650 1073 693 nupta
1094 650 1131 680 et
1157 643 1286 681 uidua.
1348 645 1413 680 ΡΥ.
1447 656 1526 692 quo

660 710 662 712 ’
1288 717 1404 758 pacto
1424 708 1527 758 potis

201 784 323 826 nupta
343 783 380 813 et
408 775 527 814 uidua
555 788 640 813 esse
661 775 831 813 eadem?
890 776 958 811 PA.
992 773 1083 823 quia
1107 774 1339 812 adulescens
1368 781 1528 823 nuptast

1309 852 1398 877 cum
1422 852 1524 877 sene.

202 908 269 943 Pv.
302 908 445 955 eugac!
496 907 563 942 ΡΑ.
597 904 728 954 lepida
749 911 786 942 et
807 903 956 942 liberali
978 905 1148 942 formast.
1205 906 1272 941 ΡΥ.
1305 918 1402 942 caue
1424 918 1530 942 men-

1357 969 1526 1007 dacium.

203 1038 270 1074 ΡΑ.
303 1037 353 1074 ad
375 1043 482 1073 tuam
504 1036 669 1074 formam
692 1035 755 1072 illa
771 1048 850 1072 una
870 1034 1035 1084 dignast.
1079 1036 1146 1072 ΡΥ.
1175 1035 1305 1072 hercle
1325 1035 1530 1083 pulchram

1315 1098 1528 1148 praedicas,

201 1168 271 1204 sed
306 1166 391 1216 quis
431 1168 542 1205 east?
599 1169 670 1204 ΡΑ.
710 1165 815 1204 senis
854 1165 969 1204 huius
1009 1178 1104 1203 uxor
1142 1164 1472 1215 Periplectomeni
1510 1178 1531 1202 e

1326 1243 1528 1279 proxumo.

204 1310 249 1334 ea
269 1296 483 1334 demoritur
504 1304 541 1335 te
563 1304 681 1346 atque
701 1296 752 1334 ab
774 1295 840 1334 illo
862 1294 970 1345 cupit
989 1294 1120 1333 abire:
1151 1294 1235 1333 odit
1255 1307 1401 1332 senem.

203 1375 308 1399 nunc
329 1369 366 1399 te
389 1375 497 1399 orare
518 1370 636 1411 atque
658 1375 863 1411 opsecrare
885 1360 995 1399 iussit
1016 1368 1058 1398 ut
1079 1373 1165 1398 eam
1187 1359 1342 1409 copiam

202 1427 276 1466 sibi
296 1435 611 1477 potestatemque
632 1426 760 1465 facias.
821 1429 888 1464 ΡΥ.
921 1425 1038 1476 cupio
1059 1426 1189 1464 hercle
1210 1425 1393 1475 equidem
1416 1424 1447 1463 si
1468 1424 1532 1463 illa

1436 1492 1530 1529 uolt.

206 1559 273 1595 ΡΑ.
311 1571 412 1607 quae
442 1557 578 1608 cupit?
636 1559 704 1595 Pv.
742 1556 837 1608 quid
867 1556 933 1594 illa
961 1555 1149 1595 faciemus
1179 1555 1403 1594 concubina
1432 1569 1534 1605 quae

1339 1621 1534 1660 domist?

205 1689 273 1725 PA.
306 1687 401 1738 quin
422 1695 463 1726 tu
484 1687 589 1726 illam
612 1687 703 1727 iube
724 1701 794 1738 aps
815 1694 853 1726 te
873 1686 980 1726 abire
1002 1699 1081 1737 quo
1102 1686 1235 1725 lubet:
1256 1685 1365 1740 ‚sicut
1386 1699 1495 1725 soror

248 1801 313 1831 959
344 1796 502 1831 tuamque
528 1791 635 1822 Pius:
667 1796 804 1831 tumque
833 1793 991 1831 (cumque
1016 1790 1061 1822 Bi
1087 1790 1153 1822 cod.
1259 1791 1444 1830 expetisset
1470 1790 1534 1822 cod.

205 1837 271 1874 960
295 1836 344 1865 eis
360 1835 435 1865 pen
495 1836 582 1866 hunc
601 1835 773 1866 Acz'dalz'ns
833 1835 982 1866 deferret
1003 1834 1070 1865 cod.
1202 1835 1265 1873 961
1292 1834 1441 1873 ingenua
1466 1834 1532 1866 cod.

206 1889 248 1908 an
274 1878 374 1909 Ima:
406 1888 443 1908 ac
469 1878 532 1909 cod.
625 1890 644 1909 e
669 1889 768 1909 serua
796 1878 936 1909 Dousa:
970 1888 1107 1908 seruare
1139 1877 1204 1909 cod.
1243 1878 1343 1919 (2251'0
1371 1888 1469 1909 serua
1498 1879 1533 1917 e)

207 1923 271 1960 962
296 1923 337 1952 ad
355 1927 386 1952 te
402 1921 477 1952 Ital.
496 1933 501 1951 :
527 1923 622 1953 abste
638 1923 704 1953 cod.
722 1928 795 1962 (pro
807 1928 872 1961 ate,
888 1923 906 1952 i.
919 1932 942 1952 e.
957 1922 1042 1962 atte)
1132 1921 1258 1952 audere
1274 1921 1338 1953 cod.
1470 1923 1535 1960 963

208 1970 424 2004 responsaret
443 1966 681 2004 <responderet
700 1965 746 2005 Β)
764 1966 827 1996 cod.
918 1965 1058 2004 cupiunt
1081 1965 1128 1995 tui
1148 1965 1338 2005 Scioppius:
1372 1964 1464 2004 cupit
1487 1965 1533 1994 uti

208 2009 325 2047 (capiti
354 2009 401 2039 uti
425 2009 470 2048 B>
495 2009 561 2040 cod.
710 2010 786 2048 964,
803 2011 866 2048 965
893 2013 1053 2048 nuptanst
1077 2009 1176 2039 uidua
1203 2008 1263 2049 (Β)
1288 2008 1338 2038 vel
1360 2008 1535 2047 nuptanist

207 2052 330 2082 anuida
355 2052 458 2092 (PGH)
476 2052 542 2084 cod.
559 2064 566 2083 ε
593 2058 722 2092 nuptan
747 2058 797 2083 est
813 2063 855 2082 an
873 2053 974 2082 uidua
992 2052 1203 2091 Rt'lsclzlfort.
1220 2055 1295 2082 recte
1311 2063 1317 2082 :
1340 2053 1396 2082 vix
1410 2054 1534 2091 nupta?

208 2099 284 2126 anst
301 2097 354 2127 us!
445 2106 512 2134 quo
528 2096 602 2126 Ital.
622 2108 628 2127 :
652 2097 730 2135 quid
748 2096 814 2127 cod.
833 2096 903 2135 (qui
921 2094 979 2136 ΒΞ)
1086 2097 1151 2134 966
1175 2096 1275 2125 uidua
1293 2100 1325 2125 et
1343 2100 1447 2134 nupta
1464 2095 1536 2125 PCD

207 2139 303 2169 adem
322 2140 425 2179 (idem
439 2139 483 2176 Β)
497 2139 563 2171 cod.
609 2140 687 2178 quia
704 2140 776 2170 Ital.
795 2151 801 2169 :
826 2140 880 2179 qui
896 2139 960 2170 cod.
1039 2141 1101 2178 967
1120 2139 1231 2178 lepide
1248 2144 1281 2168 et
1292 2138 1332 2177 B,
1348 2138 1435 2169 unde
1450 2149 1535 2177 euge

208 2182 328 2221 lepide.
351 2182 409 2214 PA.
431 2182 557 2213 liberali
570 2184 611 2221 (2)
625 2182 690 2213 Leo
777 2184 842 2222 968
859 2182 1034 2222 pulchrum
1052 2182 1115 2212 cod.
1135 2194 1141 2212 ε
1157 2193 1236 2213 corr.
1254 2181 1337 2212 Pius
1470 2183 1535 2221 969

208 2225 296 2266 east]
316 2227 432 2256 haecst
448 2226 480 2255 Β
568 2227 626 2258 Pv.
648 2237 812 2266 proxumo
829 2226 914 2257 cod.:
941 2236 959 2256 e
984 2235 1148 2265 proxumo
1172 2228 1250 2265 (om.
1269 2225 1346 2264 ΡΥ.)
1366 2225 1456 2255 Baclz
1483 2226 1534 2264 (cf.

208 2269 255 2299 ad
266 2269 352 2300 Men.
369 2270 443 2309 151)
461 2280 467 2299 :
487 2269 545 2301 ΡΥ.
560 2281 601 2300 ex
617 2281 665 2309 pr.
680 2273 689 2301 72
708 2270 768 2300 alii
811 2302 817 2308 ,
834 2279 900 2308 970
916 2268 1189 2308 cupitAcidalius
1205 2280 1211 2299 z
1238 2269 1317 2308 cipit
1335 2269 1399 2300 cod.
1470 2278 1531 2308 971

207 2313 338 2352 copiam
361 2313 435 2343 Ital.
455 2324 461 2343 :
493 2314 624 2352 cupiam
651 2313 710 2353 (B)
734 2313 785 2343 vel
804 2313 934 2352 capiam
959 2312 1061 2353 (PCD)
1086 2311 1152 2343 (od.
1294 2323 1358 2351 973
1391 2312 1479 2342 illam
1503 2311 1536 2342 Β

209 2356 429 2386 concubinam
459 2356 524 2387 cod.
560 2357 610 2396 (cf.
644 2357 690 2386 ad
720 2367 750 2388 v.
787 2357 867 2395 323)
955 2356 1092 2394 quando
1132 2356 1210 2386 mist
1246 2355 1312 2386 cod.
1346 2359 1438 2397 (corr.
1469 2354 1534 2395 D2)

209 2409 272 2438 974
297 2410 364 2439 quo
381 2400 472 2430 lubet
487 2400 563 2432 Ital.
579 2411 586 2431 ε
610 2401 699 2439 quod
717 2400 807 2431 iubet
823 2398 889 2431 cod.
910 2398 1053 2441 (vixpro
1068 2399 1159 2439 quod
1177 2399 1215 2439 1.)

1537 146 1552 182 i

1546 399 1581 430 Ι5

1551 920 1590 941 20
