1731 2713
684 100 1030 138 TRINVMMVS
1483 106 1527 143 V.
1551 105 1581 142 ii

175 248 178 250 μ
203 214 281 253 (ΞΗ.
314 212 344 251 si
373 212 437 251 illa
463 211 533 251 tibi
560 213 698 263 placet,
726 213 918 262 placenda
945 214 1017 251 dos
1045 227 1204 264 quoque
1231 223 1288 253 est
1315 229 1433 265 quarn
1461 217 1527 254 dat
1550 230 1587 263 35

1446 281 1526 319 tibi.

94 352 184 386 1160
203 354 402 396 postremo
423 347 530 396 quod
552 345 611 383 uis
632 358 711 384 non
733 346 865 392 duces,
890 345 963 383 nisi
984 345 1080 384 illud
1102 348 1210 395 quod
1237 360 1317 385 non
1339 346 1397 385 uis
1419 348 1527 385 feres.

203 412 274 449 CA.
308 412 365 449 ius
387 411 449 449 hie
470 419 563 449 orat.
614 412 683 448 ΙΝ.
714 410 937 461 impetrabit
960 418 996 449 te
1016 411 1213 449 aduocato
1234 419 1351 461 atque
1371 411 1526 450 arbitro.

202 476 297 514 istac
318 478 402 526 lege
424 476 541 514 filiam
564 484 670 514 tuam
692 476 873 526 sponden
895 475 947 513 mi
969 489 1129 514 uxorem
1151 476 1263 515 dari?

201 542 279 580 CH.
320 543 510 592 spondeo.
571 543 644 581 CA.
683 548 722 580 et
753 555 826 592 ego
860 543 1040 592 spondeo
1075 541 1180 580 idem
1215 543 1301 581 hoc.
1363 544 1433 580 LY.
1476 544 1527 581 oh

1070 608 1228 654 saluete‚
1251 609 1402 646 adfines
1424 607 1500 646 mei
1520 610 1526 646 ἔ

202 672 279 711 CH.
301 680 420 722 atque
436 673 577 723 edepol
598 680 688 711 sunt
705 685 763 711 res
781 685 877 723 quas
894 679 1052 722 propter
1067 672 1137 710 tibi
1158 680 1290 711 tamen
1311 672 1524 711 suscensui.
1545 689 1587 720 40

94 741 178 786 1165
202 739 271 776 Lv.
309 737 405 787 quid
433 751 505 787 ego
532 738 635 776 feci?
692 739 768 778 CH.
807 751 939 776 meum
968 737 1165 788 corrumpi
1192 738 1283 788 quia
1311 740 1527 789 perpessu's

1392 803 1525 842 filium.

203 869 272 906 Lv.
296 867 327 906 si
343 868 383 907 id
399 882 486 907 mea
502 870 705 907 uoluntate
726 870 920 916 factumst,
936 867 1029 921 (est)
1045 870 1152 918 quod
1170 868 1265 907 mihi
1287 882 1525 908 suscenseas.

201 934 271 971 sed
292 933 374 972 sine
395 947 457 972 me
478 935 554 972 hoc
573 947 643 983 aps
665 941 702 972 te
729 933 937 983 impetrare
964 935 1072 984 quod
1098 936 1200 972 uolo.
1262 935 1340 973 CH.
1372 933 1467 984 quid
1488 933 1529 972 id

1169 1000 1257 1038 est?
1313 1000 1386 1037 Lv.
1416 999 1525 1038 scies.

201 1062 232 1101 si
253 1063 348 1113 quid
369 1065 486 1101 stulte
505 1063 606 1110 fecit,
630 1071 673 1102 ut
693 1077 740 1103 ea
759 1063 877 1102 missa
897 1064 1015 1103 facias
1037 1065 1180 1103 omnia.

199 1127 296 1178 quid
316 1141 476 1178 quassas
497 1130 644 1178 caput?
700 1130 778 1168 CH.
811 1129 1004 1168 cruciatur
1024 1143 1091 1168 cor
1112 1130 1165 1168 mi
1186 1138 1223 1168 et
1248 1137 1393 1168 metuo.
1453 1131 1524 1168 Lv.
1545 1144 1584 1175 45

1168 1194 1358 1245 quidnam
1380 1194 1420 1233 id
1440 1197 1528 1234 est?

92 1268 181 1302 1170
201 1258 277 1297 CH.
310 1271 431 1308 quom
452 1257 516 1296 ille
536 1257 625 1296 itast
646 1265 688 1296 ut
709 1272 794 1297 esse
815 1260 918 1306 nolo,
943 1260 983 1298 id
1003 1259 1178 1308 crucior3
1209 1267 1354 1307 metuo,
1378 1259 1409 1298 si
1430 1259 1501 1298 tibi

198 1323 391 1373 denegem
412 1324 521 1372 quod
542 1336 605 1362 me
626 1336 726 1371 oras,
746 1337 796 1362 ne
817 1331 854 1362 te
875 1324 1063 1364 leuiorem
1085 1338 1175 1375 erga
1195 1339 1258 1363 me
1278 1332 1402 1375 putes.

198 1400 278 1426 non
304 1387 505 1438 grauabor.
566 1387 706 1426 faciam
733 1387 786 1427 ita
813 1396 855 1427 ut
882 1389 951 1428 uis.
1012 1391 1082 1428 Lv.
1114 1390 1261 1440 probus
1289 1403 1340 1428 es.
1400 1403 1458 1437 eo,
1485 1397 1528 1429 ut

1216 1455 1325 1493 illum
1346 1468 1523 1494 euocem.

198 1518 275 1557 CH.
313 1517 545 1566 miserumst,
574 1520 675 1557 male
709 1519 930 1569 promerita,
953 1526 995 1558 ut
1027 1519 1164 1558 merita
1195 1527 1296 1567 sunt,
1325 1519 1355 1557 si
1390 1519 1525 1558 ulcisci

333 1578 337 1581 ⁴
1317 1598 1398 1623 non
1419 1585 1521 1624 licet.

198 1649 268 1686 Lv.
300 1648 447 1699 aperite
468 1650 554 1695 hoc,
576 1648 724 1699 aperite
744 1663 909 1700 propere
929 1657 967 1688 et
989 1649 1269 1697 Lesbonicum,
1293 1649 1323 1688 si
1344 1649 1501 1697 domist,
1543 1668 1584 1698 50

90 1722 175 1759 1175
198 1711 333 1766 [foras]
355 1721 542 1752 euocate:
572 1713 625 1752 ita
645 1714 814 1752 subitost
840 1728 1004 1765 propere
1031 1716 1140 1765 quod
1167 1728 1257 1753 eum
1279 1722 1521 1753 conuentum

1415 1781 1518 1818 uolo.

197 1844 266 1882 LE.
300 1843 386 1894 quis
411 1845 532 1883 homo
559 1852 639 1883 tam
666 1845 910 1883 tumultuoso
937 1845 1068 1884 sonitu
1096 1859 1158 1884 me
1186 1844 1328 1884 exciuit
1356 1842 1520 1897 [subito]

1391 1911 1492 1948 foras
1506 1912 1523 1948 ?

195 1975 265 2012 LY.
296 1974 539 2013 beneuolens
559 1982 648 2013 tuos
668 1983 786 2026 atque
806 1975 984 2015 amicust.
1043 1977 1114 2014 LE.
1147 1975 1271 2014 satine
1292 1977 1429 2014 salue?
1458 1976 1522 2015 die

1412 2041 1518 2080 mihi.

240 2145 318 2183 1165
345 2142 458 2174 (etiam
494 2145 586 2183 1166,
622 2147 714 2185 1167,
750 2147 845 2185 1169,
883 2156 977 2185 1172,
1010 2156 1100 2187 1174,
1132 2146 1230 2185 1177)
1263 2146 1343 2186 Lm]
1372 2145 1433 2176 CA.
1464 2145 1525 2175 alii

197 2188 278 2217 1166
302 2192 354 2217 est
371 2187 447 2219 add.
466 2187 678 2219 Camerarius
814 2191 892 2228 1167
920 2201 956 2221 es
972 2191 1037 2221 cod.
1194 2191 1275 2220 1168
1299 2189 1433 2220 missam
1453 2188 1516 2220 cod.

197 2240 279 2270 1170
303 2231 401 2262 istast
429 2231 493 2263 cod.
640 2243 722 2272 1173
746 2237 824 2263 sunt
849 2234 877 2264 si
905 2233 1141 2264 Lindemann:
1173 2234 1255 2264 sinis
1275 2232 1364 2264 cod:
1397 2233 1466 2263 sint
1492 2233 1519 2263 si

193 2273 321 2305 Ritschl
431 2284 512 2315 1175
537 2275 626 2306 foras
641 2276 702 2306 del:
719 2276 852 2307 Guietus
941 2282 1061 2308 uocate
1075 2277 1177 2307 Bothe
1309 2276 1391 2316 1176
1408 2276 1518 2306 subito

193 2317 250 2349 dcl.
273 2318 406 2350 Guietus
540 2329 621 2359 1177
646 2320 772 2351 amicus
787 2319 873 2351 codd.
891 2319 1021 2351 Donati
1034 2320 1081 2351 acl
1093 2320 1181 2352 Eun.
1196 2329 1226 2360 5,
1241 2330 1271 2360 5,
1289 2321 1309 2350 8
1397 2320 1519 2351 satiust

564 2368 589 2388 st

192 2395 285 2426 salue
302 2395 366 2427 cod.
389 2397 462 2437 (pro
477 2397 597 2436 satine,‘
617 2397 637 2429 i.
645 2407 668 2428 e.
687 2397 829 2428 satinest
845 2408 884 2428 ex
899 2398 1008 2429 satine
1020 2398 1046 2440 ἶ)
